[
    {
        "date": "2025-06-30",
        "symbol": "RLGY",
        "reportedCurrency": "USD",
        "cik": "0001398987",
        "fillingDate": "2025-08-08",
        "acceptedDate": "2025-08-08 09:25:27",
        "calendarYear": "2025",
        "period": "Q2",
        "revenue": 1682000000,
        "costOfRevenue": 303000000,
        "grossProfit": 1379000000,
        "grossProfitRatio": 0.8198573127,
        "researchAndDevelopmentExpenses": 0,
        "generalAndAdministrativeExpenses": 89000000,
        "sellingAndMarketingExpenses": 49000000,
        "sellingGeneralAndAdministrativeExpenses": 138000000,
        "otherExpenses": 0,
        "operatingExpenses": 138000000,
        "costAndExpenses": 441000000,
        "interestIncome": 0,
        "interestExpense": 36000000,
        "depreciationAndAmortization": 49000000,
        "ebitda": 121000000,
        "ebitdaratio": 0.0719381688,
        "operatingIncome": 1241000000,
        "operatingIncomeRatio": 0.7378121284,
        "totalOtherIncomeExpensesNet": -1205000000,
        "incomeBeforeTax": 36000000,
        "incomeBeforeTaxRatio": 0.0214030916,
        "incomeTaxExpense": 9000000,
        "netIncome": 27000000,
        "netIncomeRatio": 0.0160523187,
        "eps": 0.24,
        "epsdiluted": 0.24,
        "weightedAverageShsOut": 111900000,
        "weightedAverageShsOutDil": 114100000,
        "link": "https://www.sec.gov/Archives/edgar/data/1398987/000139898725000108/0001398987-25-000108-index.htm",
        "finalLink": "https://www.sec.gov/Archives/edgar/data/1398987/000139898725000108/hous-20250630.htm"
    },
    {
        "date": "2025-03-31",
        "symbol": "RLGY",
        "reportedCurrency": "USD",
        "cik": "0001398987",
        "fillingDate": "2025-05-07",
        "acceptedDate": "2025-05-07 16:18:36",
        "calendarYear": "2025",
        "period": "Q1",
        "revenue": 1204000000,
        "costOfRevenue": 277000000,
        "grossProfit": 927000000,
        "grossProfitRatio": 0.7699335548,
        "researchAndDevelopmentExpenses": 0,
        "generalAndAdministrativeExpenses": 103000000,
        "sellingAndMarketingExpenses": 44000000,
        "sellingGeneralAndAdministrativeExpenses": 147000000,
        "otherExpenses": 0,
        "operatingExpenses": 147000000,
        "costAndExpenses": 424000000,
        "interestIncome": 0,
        "interestExpense": 36000000,
        "depreciationAndAmortization": 46000000,
        "ebitda": 826000000,
        "ebitdaratio": 0.6860465116,
        "operatingIncome": 780000000,
        "operatingIncomeRatio": 0.6478405316,
        "totalOtherIncomeExpensesNet": -858000000,
        "incomeBeforeTax": -78000000,
        "incomeBeforeTaxRatio": -0.0647840532,
        "incomeTaxExpense": 0,
        "netIncome": -78000000,
        "netIncomeRatio": -0.0647840532,
        "eps": -0.7,
        "epsdiluted": -0.7,
        "weightedAverageShsOut": 111400000,
        "weightedAverageShsOutDil": 111400000,
        "link": "https://www.sec.gov/Archives/edgar/data/1398987/000139898725000067/0001398987-25-000067-index.htm",
        "finalLink": "https://www.sec.gov/Archives/edgar/data/1355001/000139898725000067/hous-20250331.htm"
    },
    {
        "date": "2024-12-31",
        "symbol": "RLGY",
        "reportedCurrency": "USD",
        "cik": "0001398987",
        "fillingDate": "2025-02-13",
        "acceptedDate": "2025-02-13 07:32:18",
        "calendarYear": "2024",
        "period": "Q4",
        "revenue": 1362000000,
        "costOfRevenue": 280000000,
        "grossProfit": 1082000000,
        "grossProfitRatio": 0.7944199706,
        "researchAndDevelopmentExpenses": 0,
        "generalAndAdministrativeExpenses": 89000000,
        "sellingAndMarketingExpenses": 52000000,
        "sellingGeneralAndAdministrativeExpenses": 141000000,
        "otherExpenses": 0,
        "operatingExpenses": 141000000,
        "costAndExpenses": 421000000,
        "interestIncome": 0,
        "interestExpense": 36000000,
        "depreciationAndAmortization": 47000000,
        "ebitda": 32000000,
        "ebitdaratio": 0.0234948605,
        "operatingIncome": 941000000,
        "operatingIncomeRatio": 0.6908957416,
        "totalOtherIncomeExpensesNet": -992000000,
        "incomeBeforeTax": -51000000,
        "incomeBeforeTaxRatio": -0.0374449339,
        "incomeTaxExpense": 13000000,
        "netIncome": -64000000,
        "netIncomeRatio": -0.046989721,
        "eps": -0.58,
        "epsdiluted": -0.58,
        "weightedAverageShsOut": 111300000,
        "weightedAverageShsOutDil": 111300000,
        "link": "https://www.sec.gov/Archives/edgar/data/1398987/000139898725000020/0001398987-25-000020-index.htm",
        "finalLink": "https://www.sec.gov/Archives/edgar/data/1355001/000139898725000020/hous-20241231.htm"
    },
    {
        "date": "2024-09-30",
        "symbol": "RLGY",
        "reportedCurrency": "USD",
        "cik": "0001398987",
        "fillingDate": "2024-11-07",
        "acceptedDate": "2024-11-07 07:36:31",
        "calendarYear": "2024",
        "period": "Q3",
        "revenue": 1535000000,
        "costOfRevenue": 286000000,
        "grossProfit": 1249000000,
        "grossProfitRatio": 0.8136807818,
        "researchAndDevelopmentExpenses": 0,
        "generalAndAdministrativeExpenses": 111000000,
        "sellingAndMarketingExpenses": 51000000,
        "sellingGeneralAndAdministrativeExpenses": 162000000,
        "otherExpenses": 0,
        "operatingExpenses": 162000000,
        "costAndExpenses": 448000000,
        "interestIncome": 0,
        "interestExpense": 38000000,
        "depreciationAndAmortization": 48000000,
        "ebitda": 95000000,
        "ebitdaratio": 0.0618892508,
        "operatingIncome": 1087000000,
        "operatingIncomeRatio": 0.7081433225,
        "totalOtherIncomeExpensesNet": -1078000000,
        "incomeBeforeTax": 9000000,
        "incomeBeforeTaxRatio": 0.0058631922,
        "incomeTaxExpense": 2000000,
        "netIncome": 7000000,
        "netIncomeRatio": 0.0045602606,
        "eps": 0.0629,
        "epsdiluted": 0.0624,
        "weightedAverageShsOut": 111300000,
        "weightedAverageShsOutDil": 112200000,
        "link": "https://www.sec.gov/Archives/edgar/data/1398987/000139898724000136/0001398987-24-000136-index.htm",
        "finalLink": "https://www.sec.gov/Archives/edgar/data/1355001/000139898724000136/hous-20240930.htm"
    },
    {
        "date": "2024-06-30",
        "symbol": "RLGY",
        "reportedCurrency": "USD",
        "cik": "0001398987",
        "fillingDate": "2024-08-01",
        "acceptedDate": "2024-08-01 07:35:02",
        "calendarYear": "2024",
        "period": "Q2",
        "revenue": 1669000000,
        "costOfRevenue": 286000000,
        "grossProfit": 1383000000,
        "grossProfitRatio": 0.8286399041,
        "researchAndDevelopmentExpenses": 0,
        "generalAndAdministrativeExpenses": 93000000,
        "sellingAndMarketingExpenses": 47000000,
        "sellingGeneralAndAdministrativeExpenses": 140000000,
        "otherExpenses": 0,
        "operatingExpenses": 140000000,
        "costAndExpenses": 426000000,
        "interestIncome": 0,
        "interestExpense": 40000000,
        "depreciationAndAmortization": 48000000,
        "ebitda": 129000000,
        "ebitdaratio": 0.0772917915,
        "operatingIncome": 1243000000,
        "operatingIncomeRatio": 0.7447573397,
        "totalOtherIncomeExpensesNet": -1202000000,
        "incomeBeforeTax": 41000000,
        "incomeBeforeTaxRatio": 0.0245656081,
        "incomeTaxExpense": 11000000,
        "netIncome": 30000000,
        "netIncomeRatio": 0.0179748352,
        "eps": 0.27,
        "epsdiluted": 0.27,
        "weightedAverageShsOut": 111200000,
        "weightedAverageShsOutDil": 111900000,
        "link": "https://www.sec.gov/Archives/edgar/data/1398987/000139898724000126/0001398987-24-000126-index.htm",
        "finalLink": "https://www.sec.gov/Archives/edgar/data/1355001/000139898724000126/hous-20240630.htm"
    },
    {
        "date": "2022-06-30",
        "symbol": "RLGY",
        "reportedCurrency": "USD",
        "cik": "0001398987",
        "fillingDate": "2022-06-30",
        "acceptedDate": "2022-06-29 20:00:00",
        "calendarYear": "2022",
        "period": "Q2",
        "revenue": 2142000000,
        "costOfRevenue": 1402000000,
        "grossProfit": 740000000,
        "grossProfitRatio": 0.3454715219,
        "researchAndDevelopmentExpenses": 0,
        "generalAndAdministrativeExpenses": 107000000,
        "sellingAndMarketingExpenses": 72000000,
        "sellingGeneralAndAdministrativeExpenses": 179000000,
        "otherExpenses": 411000000,
        "operatingExpenses": 590000000,
        "costAndExpenses": 1992000000,
        "interestIncome": 0,
        "interestExpense": 28000000,
        "depreciationAndAmortization": 55000000,
        "ebitda": 203000000,
        "ebitdaratio": 0.0947712418,
        "operatingIncome": 148000000,
        "operatingIncomeRatio": 0.0690943044,
        "totalOtherIncomeExpensesNet": -22000000,
        "incomeBeforeTax": 126000000,
        "incomeBeforeTaxRatio": 0.0588235294,
        "incomeTaxExpense": 32000000,
        "netIncome": 94000000,
        "netIncomeRatio": 0.0438842204,
        "eps": 0.78,
        "epsdiluted": 0.78,
        "weightedAverageShsOut": 120400000,
        "weightedAverageShsOutDil": 120400000,
        "link": "",
        "finalLink": ""
    },
    {
        "date": "2022-03-31",
        "symbol": "RLGY",
        "reportedCurrency": "USD",
        "cik": "0001398987",
        "fillingDate": "2022-05-04",
        "acceptedDate": "2022-05-04 06:59:21",
        "calendarYear": "2022",
        "period": "Q1",
        "revenue": 1635000000,
        "costOfRevenue": 988000000,
        "grossProfit": 647000000,
        "grossProfitRatio": 0.3957186544,
        "researchAndDevelopmentExpenses": 0,
        "generalAndAdministrativeExpenses": 98000000,
        "sellingAndMarketingExpenses": 64000000,
        "sellingGeneralAndAdministrativeExpenses": 162000000,
        "otherExpenses": 457000000,
        "operatingExpenses": 619000000,
        "costAndExpenses": 1607000000,
        "interestIncome": 0,
        "interestExpense": 18000000,
        "depreciationAndAmortization": 51000000,
        "ebitda": 104000000,
        "ebitdaratio": 0.0636085627,
        "operatingIncome": 53000000,
        "operatingIncomeRatio": 0.0324159021,
        "totalOtherIncomeExpensesNet": -8000000,
        "incomeBeforeTax": 45000000,
        "incomeBeforeTaxRatio": 0.0275229358,
        "incomeTaxExpense": 12000000,
        "netIncome": 33000000,
        "netIncomeRatio": 0.0201834862,
        "eps": 0.27,
        "epsdiluted": 0.27,
        "weightedAverageShsOut": 120400000,
        "weightedAverageShsOutDil": 120400000,
        "link": "https://www.sec.gov/Archives/edgar/data/1398987/000139898722000105/0001398987-22-000105-index.htm",
        "finalLink": "https://www.sec.gov/Archives/edgar/data/1355001/000139898722000105/rlgy-20220331.htm"
    },
    {
        "date": "2021-12-31",
        "symbol": "RLGY",
        "reportedCurrency": "USD",
        "cik": "0001398987",
        "fillingDate": "2022-02-25",
        "acceptedDate": "2022-02-25 07:06:59",
        "calendarYear": "2021",
        "period": "Q4",
        "revenue": 1974000000,
        "costOfRevenue": 1186000000,
        "grossProfit": 788000000,
        "grossProfitRatio": 0.399189463,
        "researchAndDevelopmentExpenses": 0,
        "generalAndAdministrativeExpenses": 117000000,
        "sellingAndMarketingExpenses": 70000000,
        "sellingGeneralAndAdministrativeExpenses": 187000000,
        "otherExpenses": 491000000,
        "operatingExpenses": 678000000,
        "costAndExpenses": 1864000000,
        "interestIncome": 0,
        "interestExpense": 43000000,
        "depreciationAndAmortization": 52000000,
        "ebitda": 150000000,
        "ebitdaratio": 0.0759878419,
        "operatingIncome": 98000000,
        "operatingIncomeRatio": 0.0496453901,
        "totalOtherIncomeExpensesNet": -37000000,
        "incomeBeforeTax": 61000000,
        "incomeBeforeTaxRatio": 0.0309017224,
        "incomeTaxExpense": 8000000,
        "netIncome": 53000000,
        "netIncomeRatio": 0.0268490375,
        "eps": 0.45,
        "epsdiluted": 0.44,
        "weightedAverageShsOut": 116600000,
        "weightedAverageShsOutDil": 120400000,
        "link": "https://www.sec.gov/Archives/edgar/data/1398987/000139898722000022/0001398987-22-000022-index.htm",
        "finalLink": "https://www.sec.gov/Archives/edgar/data/1398987/000139898722000022/rlgy-20211231.htm"
    },
    {
        "date": "2021-09-30",
        "symbol": "RLGY",
        "reportedCurrency": "USD",
        "cik": "0001398987",
        "fillingDate": "2021-11-03",
        "acceptedDate": "2021-11-03 06:32:52",
        "calendarYear": "2021",
        "period": "Q3",
        "revenue": 2186000000,
        "costOfRevenue": 1309000000,
        "grossProfit": 877000000,
        "grossProfitRatio": 0.401189387,
        "researchAndDevelopmentExpenses": 0,
        "generalAndAdministrativeExpenses": 120000000,
        "sellingAndMarketingExpenses": 69000000,
        "sellingGeneralAndAdministrativeExpenses": 189000000,
        "otherExpenses": 474000000,
        "operatingExpenses": 663000000,
        "costAndExpenses": 1972000000,
        "interestIncome": 0,
        "interestExpense": 52000000,
        "depreciationAndAmortization": 50000000,
        "ebitda": 264000000,
        "ebitdaratio": 0.120768527,
        "operatingIncome": 214000000,
        "operatingIncomeRatio": 0.0978956999,
        "totalOtherIncomeExpensesNet": -61000000,
        "incomeBeforeTax": 153000000,
        "incomeBeforeTaxRatio": 0.0699908509,
        "incomeTaxExpense": 48000000,
        "netIncome": 114000000,
        "netIncomeRatio": 0.0521500457,
        "eps": 0.98,
        "epsdiluted": 0.95,
        "weightedAverageShsOut": 116600000,
        "weightedAverageShsOutDil": 120300000,
        "link": "https://www.sec.gov/Archives/edgar/data/1398987/000139898721000191/0001398987-21-000191-index.htm",
        "finalLink": "https://www.sec.gov/Archives/edgar/data/1355001/000139898721000191/rlgy-20210930.htm"
    },
    {
        "date": "2021-06-30",
        "symbol": "RLGY",
        "reportedCurrency": "USD",
        "cik": "0001398987",
        "fillingDate": "2021-08-04",
        "acceptedDate": "2021-08-04 07:31:57",
        "calendarYear": "2021",
        "period": "Q2",
        "revenue": 2276000000,
        "costOfRevenue": 1373000000,
        "grossProfit": 903000000,
        "grossProfitRatio": 0.3967486819,
        "researchAndDevelopmentExpenses": 0,
        "generalAndAdministrativeExpenses": 114000000,
        "sellingAndMarketingExpenses": 66000000,
        "sellingGeneralAndAdministrativeExpenses": 180000000,
        "otherExpenses": 473000000,
        "operatingExpenses": 653000000,
        "costAndExpenses": 2026000000,
        "interestIncome": 0,
        "interestExpense": 57000000,
        "depreciationAndAmortization": 51000000,
        "ebitda": 317000000,
        "ebitdaratio": 0.1392794376,
        "operatingIncome": 250000000,
        "operatingIncomeRatio": 0.1098418278,
        "totalOtherIncomeExpensesNet": -49000000,
        "incomeBeforeTax": 201000000,
        "incomeBeforeTaxRatio": 0.0883128295,
        "incomeTaxExpense": 60000000,
        "netIncome": 149000000,
        "netIncomeRatio": 0.0654657293,
        "eps": 1.28,
        "epsdiluted": 1.25,
        "weightedAverageShsOut": 116500000,
        "weightedAverageShsOutDil": 119300000,
        "link": "https://www.sec.gov/Archives/edgar/data/1398987/000139898721000179/0001398987-21-000179-index.htm",
        "finalLink": "https://www.sec.gov/Archives/edgar/data/1355001/000139898721000179/rlgy-20210630.htm"
    },
    {
        "date": "2021-03-31",
        "symbol": "RLGY",
        "reportedCurrency": "USD",
        "cik": "0001398987",
        "fillingDate": "2021-05-05",
        "acceptedDate": "2021-05-05 07:31:02",
        "calendarYear": "2021",
        "period": "Q1",
        "revenue": 1547000000,
        "costOfRevenue": 885000000,
        "grossProfit": 662000000,
        "grossProfitRatio": 0.4279250162,
        "researchAndDevelopmentExpenses": 0,
        "generalAndAdministrativeExpenses": 90000000,
        "sellingAndMarketingExpenses": 58000000,
        "sellingGeneralAndAdministrativeExpenses": 148000000,
        "otherExpenses": 435000000,
        "operatingExpenses": 583000000,
        "costAndExpenses": 1468000000,
        "interestIncome": 0,
        "interestExpense": 38000000,
        "depreciationAndAmortization": 51000000,
        "ebitda": 139000000,
        "ebitdaratio": 0.0898513251,
        "operatingIncome": 79000000,
        "operatingIncomeRatio": 0.0510665805,
        "totalOtherIncomeExpensesNet": -59000000,
        "incomeBeforeTax": 20000000,
        "incomeBeforeTaxRatio": 0.0129282482,
        "incomeTaxExpense": 17000000,
        "netIncome": 33000000,
        "netIncomeRatio": 0.0213316096,
        "eps": 0.28,
        "epsdiluted": 0.28,
        "weightedAverageShsOut": 115900000,
        "weightedAverageShsOutDil": 118400000,
        "link": "https://www.sec.gov/Archives/edgar/data/1398987/000139898721000128/0001398987-21-000128-index.htm",
        "finalLink": "https://www.sec.gov/Archives/edgar/data/1355001/000139898721000128/rlgy-20210331.htm"
    },
    {
        "date": "2020-12-31",
        "symbol": "RLGY",
        "reportedCurrency": "USD",
        "cik": "0001398987",
        "fillingDate": "2021-02-23",
        "acceptedDate": "2021-02-23 07:34:39",
        "calendarYear": "2020",
        "period": "Q4",
        "revenue": 2041000000,
        "costOfRevenue": 1107000000,
        "grossProfit": 934000000,
        "grossProfitRatio": 0.4576188143,
        "researchAndDevelopmentExpenses": 0,
        "generalAndAdministrativeExpenses": 182000000,
        "sellingAndMarketingExpenses": 60000000,
        "sellingGeneralAndAdministrativeExpenses": 242000000,
        "otherExpenses": 572000000,
        "operatingExpenses": 814000000,
        "costAndExpenses": 1921000000,
        "interestIncome": 0,
        "interestExpense": 38000000,
        "depreciationAndAmortization": 52000000,
        "ebitda": 71000000,
        "ebitdaratio": 0.0347868692,
        "operatingIncome": 120000000,
        "operatingIncomeRatio": 0.0587947085,
        "totalOtherIncomeExpensesNet": -284000000,
        "incomeBeforeTax": -164000000,
        "incomeBeforeTaxRatio": -0.0803527683,
        "incomeTaxExpense": -37000000,
        "netIncome": 18000000,
        "netIncomeRatio": 0.0088192063,
        "eps": 0.16,
        "epsdiluted": 0.15,
        "weightedAverageShsOut": 115500000,
        "weightedAverageShsOutDil": 118200000,
        "link": "https://www.sec.gov/Archives/edgar/data/1398987/000139898721000038/0001398987-21-000038-index.htm",
        "finalLink": "https://www.sec.gov/Archives/edgar/data/1398987/000139898721000038/rlgy-20201231.htm"
    },
    {
        "date": "2020-09-30",
        "symbol": "RLGY",
        "reportedCurrency": "USD",
        "cik": "0001398987",
        "fillingDate": "2020-11-05",
        "acceptedDate": "2020-11-05 08:01:09",
        "calendarYear": "2020",
        "period": "Q3",
        "revenue": 1857000000,
        "costOfRevenue": 1105000000,
        "grossProfit": 752000000,
        "grossProfitRatio": 0.4049542272,
        "researchAndDevelopmentExpenses": 0,
        "generalAndAdministrativeExpenses": 97000000,
        "sellingAndMarketingExpenses": 56000000,
        "sellingGeneralAndAdministrativeExpenses": 153000000,
        "otherExpenses": 385000000,
        "operatingExpenses": 538000000,
        "costAndExpenses": 1643000000,
        "interestIncome": 0,
        "interestExpense": 48000000,
        "depreciationAndAmortization": 43000000,
        "ebitda": 243000000,
        "ebitdaratio": 0.1308562197,
        "operatingIncome": 214000000,
        "operatingIncomeRatio": 0.1152396338,
        "totalOtherIncomeExpensesNet": -68000000,
        "incomeBeforeTax": 146000000,
        "incomeBeforeTaxRatio": 0.0786214324,
        "incomeTaxExpense": 54000000,
        "netIncome": 98000000,
        "netIncomeRatio": 0.0527732903,
        "eps": 0.85,
        "epsdiluted": 0.84,
        "weightedAverageShsOut": 115400000,
        "weightedAverageShsOutDil": 116700000,
        "link": "https://www.sec.gov/Archives/edgar/data/1398987/000139898720000116/0001398987-20-000116-index.htm",
        "finalLink": "https://www.sec.gov/Archives/edgar/data/1398987/000139898720000116/rlgy-20200930.htm"
    },
    {
        "date": "2020-06-30",
        "symbol": "RLGY",
        "reportedCurrency": "USD",
        "cik": "0001398987",
        "fillingDate": "2020-08-06",
        "acceptedDate": "2020-08-06 07:31:20",
        "calendarYear": "2020",
        "period": "Q2",
        "revenue": 1207000000,
        "costOfRevenue": 685000000,
        "grossProfit": 522000000,
        "grossProfitRatio": 0.4324772162,
        "researchAndDevelopmentExpenses": 0,
        "generalAndAdministrativeExpenses": 59000000,
        "sellingAndMarketingExpenses": 40000000,
        "sellingGeneralAndAdministrativeExpenses": 99000000,
        "otherExpenses": 332000000,
        "operatingExpenses": 431000000,
        "costAndExpenses": 1116000000,
        "interestIncome": 0,
        "interestExpense": 59000000,
        "depreciationAndAmortization": 46000000,
        "ebitda": 102000000,
        "ebitdaratio": 0.0845070423,
        "operatingIncome": 91000000,
        "operatingIncomeRatio": 0.0753935377,
        "totalOtherIncomeExpensesNet": -88000000,
        "incomeBeforeTax": 3000000,
        "incomeBeforeTaxRatio": 0.0024855012,
        "incomeTaxExpense": 11000000,
        "netIncome": -14000000,
        "netIncomeRatio": -0.0115990058,
        "eps": -0.12,
        "epsdiluted": -0.12,
        "weightedAverageShsOut": 115400000,
        "weightedAverageShsOutDil": 116200000,
        "link": "https://www.sec.gov/Archives/edgar/data/1398987/000139898720000102/0001398987-20-000102-index.htm",
        "finalLink": "https://www.sec.gov/Archives/edgar/data/1398987/000139898720000102/rlgy-20200630.htm"
    },
    {
        "date": "2020-03-31",
        "symbol": "RLGY",
        "reportedCurrency": "USD",
        "cik": "0001398987",
        "fillingDate": "2020-05-07",
        "acceptedDate": "2020-05-07 07:32:30",
        "calendarYear": "2020",
        "period": "Q1",
        "revenue": 1116000000,
        "costOfRevenue": 630000000,
        "grossProfit": 486000000,
        "grossProfitRatio": 0.435483871,
        "researchAndDevelopmentExpenses": 0,
        "generalAndAdministrativeExpenses": 74000000,
        "sellingAndMarketingExpenses": 59000000,
        "sellingGeneralAndAdministrativeExpenses": 133000000,
        "otherExpenses": 370000000,
        "operatingExpenses": 503000000,
        "costAndExpenses": 1133000000,
        "interestIncome": 0,
        "interestExpense": 101000000,
        "depreciationAndAmortization": 45000000,
        "ebitda": -448000000,
        "ebitdaratio": -0.4014336918,
        "operatingIncome": -17000000,
        "operatingIncomeRatio": -0.0152329749,
        "totalOtherIncomeExpensesNet": -559000000,
        "incomeBeforeTax": -576000000,
        "incomeBeforeTaxRatio": -0.5161290323,
        "incomeTaxExpense": -132000000,
        "netIncome": -462000000,
        "netIncomeRatio": -0.4139784946,
        "eps": -4.03,
        "epsdiluted": -4.03,
        "weightedAverageShsOut": 114700000,
        "weightedAverageShsOutDil": 114700000,
        "link": "https://www.sec.gov/Archives/edgar/data/1398987/000139898720000010/rlgy-20191231.htm",
        "finalLink": "https://www.sec.gov/Archives/edgar/data/1398987/000139898720000010/rlgy-20191231.htm"
    },
    {
        "date": "2019-12-31",
        "symbol": "RLGY",
        "reportedCurrency": "USD",
        "cik": "0001398987",
        "fillingDate": "2020-02-25",
        "acceptedDate": "2020-02-25 07:33:16",
        "calendarYear": "2019",
        "period": "Q4",
        "revenue": 1120000000,
        "costOfRevenue": 751000000,
        "grossProfit": 369000000,
        "grossProfitRatio": 0.3294642857,
        "researchAndDevelopmentExpenses": 0,
        "generalAndAdministrativeExpenses": 26000000,
        "sellingAndMarketingExpenses": 60000000,
        "sellingGeneralAndAdministrativeExpenses": 86000000,
        "otherExpenses": 207000000,
        "operatingExpenses": 293000000,
        "costAndExpenses": 1044000000,
        "interestIncome": 0,
        "interestExpense": 39000000,
        "depreciationAndAmortization": 20000000,
        "ebitda": -42000000,
        "ebitdaratio": -0.0375,
        "operatingIncome": 76000000,
        "operatingIncomeRatio": 0.0678571429,
        "totalOtherIncomeExpensesNet": -112000000,
        "incomeBeforeTax": -36000000,
        "incomeBeforeTaxRatio": -0.0321428571,
        "incomeTaxExpense": -13000000,
        "netIncome": -88000000,
        "netIncomeRatio": -0.0785714286,
        "eps": -0.77,
        "epsdiluted": -0.77,
        "weightedAverageShsOut": 114300000,
        "weightedAverageShsOutDil": 114300000,
        "link": "https://www.sec.gov/Archives/edgar/data/1355001/000139898720000010/0001398987-20-000010-index.html",
        "finalLink": "https://www.sec.gov/Archives/edgar/data/1355001/000139898720000010/rlgy-20191231.htm"
    },
    {
        "date": "2019-09-30",
        "symbol": "RLGY",
        "reportedCurrency": "USD",
        "cik": "0001398987",
        "fillingDate": "2019-11-07",
        "acceptedDate": "2019-11-07 07:40:32",
        "calendarYear": "2019",
        "period": "Q3",
        "revenue": 1629000000,
        "costOfRevenue": 875000000,
        "grossProfit": 754000000,
        "grossProfitRatio": 0.4628606507,
        "researchAndDevelopmentExpenses": 0,
        "generalAndAdministrativeExpenses": 85000000,
        "sellingAndMarketingExpenses": 64000000,
        "sellingGeneralAndAdministrativeExpenses": 149000000,
        "otherExpenses": 438000000,
        "operatingExpenses": 587000000,
        "costAndExpenses": 1462000000,
        "interestIncome": 0,
        "interestExpense": 66000000,
        "depreciationAndAmortization": 50000000,
        "ebitda": 38000000,
        "ebitdaratio": 0.0233271946,
        "operatingIncome": 167000000,
        "operatingIncomeRatio": 0.1025168815,
        "totalOtherIncomeExpensesNet": -251000000,
        "incomeBeforeTax": -84000000,
        "incomeBeforeTaxRatio": -0.0515653775,
        "incomeTaxExpense": -8000000,
        "netIncome": -70000000,
        "netIncomeRatio": -0.0429711479,
        "eps": -0.61,
        "epsdiluted": -0.61,
        "weightedAverageShsOut": 114300000,
        "weightedAverageShsOutDil": 114300000,
        "link": "https://www.sec.gov/Archives/edgar/data/1398987/000139898719000252/0001398987-19-000252-index.html",
        "finalLink": "https://www.sec.gov/Archives/edgar/data/1355001/000139898719000252/rlgy-20190930.htm"
    },
    {
        "date": "2019-06-30",
        "symbol": "RLGY",
        "reportedCurrency": "USD",
        "cik": "0001398987",
        "fillingDate": "2019-08-08",
        "acceptedDate": "2019-08-08 07:35:02",
        "calendarYear": "2019",
        "period": "Q2",
        "revenue": 1735000000,
        "costOfRevenue": 955000000,
        "grossProfit": 780000000,
        "grossProfitRatio": 0.4495677233,
        "researchAndDevelopmentExpenses": 0,
        "generalAndAdministrativeExpenses": 82000000,
        "sellingAndMarketingExpenses": 69000000,
        "sellingGeneralAndAdministrativeExpenses": 151000000,
        "otherExpenses": 440000000,
        "operatingExpenses": 591000000,
        "costAndExpenses": 1546000000,
        "interestIncome": 0,
        "interestExpense": 81000000,
        "depreciationAndAmortization": 50000000,
        "ebitda": 234000000,
        "ebitdaratio": 0.134870317,
        "operatingIncome": 189000000,
        "operatingIncomeRatio": 0.1089337176,
        "totalOtherIncomeExpensesNet": -92000000,
        "incomeBeforeTax": 97000000,
        "incomeBeforeTaxRatio": 0.055907781,
        "incomeTaxExpense": 34000000,
        "netIncome": 69000000,
        "netIncomeRatio": 0.0397694524,
        "eps": 0.6,
        "epsdiluted": 0.6,
        "weightedAverageShsOut": 114300000,
        "weightedAverageShsOutDil": 114900000,
        "link": "https://www.sec.gov/Archives/edgar/data/1398987/000139898719000189/realogy10-q063019.htm",
        "finalLink": "https://www.sec.gov/Archives/edgar/data/1398987/000139898719000189/realogy10-q063019.htm"
    },
    {
        "date": "2019-03-31",
        "symbol": "RLGY",
        "reportedCurrency": "USD",
        "cik": "0001398987",
        "fillingDate": "2019-05-02",
        "acceptedDate": "2019-05-02 07:32:37",
        "calendarYear": "2019",
        "period": "Q1",
        "revenue": 1114000000,
        "costOfRevenue": 575000000,
        "grossProfit": 539000000,
        "grossProfitRatio": 0.4838420108,
        "researchAndDevelopmentExpenses": 0,
        "generalAndAdministrativeExpenses": 95000000,
        "sellingAndMarketingExpenses": 69000000,
        "sellingGeneralAndAdministrativeExpenses": 164000000,
        "otherExpenses": 429000000,
        "operatingExpenses": 593000000,
        "costAndExpenses": 1168000000,
        "interestIncome": 0,
        "interestExpense": 63000000,
        "depreciationAndAmortization": 49000000,
        "ebitda": -22000000,
        "ebitdaratio": -0.0197486535,
        "operatingIncome": -54000000,
        "operatingIncomeRatio": -0.0484739677,
        "totalOtherIncomeExpensesNet": -81000000,
        "incomeBeforeTax": -135000000,
        "incomeBeforeTaxRatio": -0.1211849192,
        "incomeTaxExpense": -35000000,
        "netIncome": -99000000,
        "netIncomeRatio": -0.0888689408,
        "eps": -0.87,
        "epsdiluted": -0.87,
        "weightedAverageShsOut": 114000000,
        "weightedAverageShsOutDil": 114000000,
        "link": "https://www.sec.gov/Archives/edgar/data/1398987/000139898719000113/0001398987-19-000113-index.html",
        "finalLink": "https://www.sec.gov/Archives/edgar/data/1355001/000139898719000113/realogy10-q033119.htm"
    },
    {
        "date": "2018-12-31",
        "symbol": "RLGY",
        "reportedCurrency": "USD",
        "cik": "0001398987",
        "fillingDate": "2019-02-26",
        "acceptedDate": "2019-02-26 07:35:52",
        "calendarYear": "2018",
        "period": "Q4",
        "revenue": 1354000000,
        "costOfRevenue": 726000000,
        "grossProfit": 628000000,
        "grossProfitRatio": 0.4638109306,
        "researchAndDevelopmentExpenses": 0,
        "generalAndAdministrativeExpenses": 84000000,
        "sellingAndMarketingExpenses": 59000000,
        "sellingGeneralAndAdministrativeExpenses": 143000000,
        "otherExpenses": 426000000,
        "operatingExpenses": 569000000,
        "costAndExpenses": 1295000000,
        "interestIncome": 0,
        "interestExpense": 70000000,
        "depreciationAndAmortization": 49000000,
        "ebitda": 89000000,
        "ebitdaratio": 0.0657311669,
        "operatingIncome": 59000000,
        "operatingIncomeRatio": 0.0435745938,
        "totalOtherIncomeExpensesNet": -87000000,
        "incomeBeforeTax": -28000000,
        "incomeBeforeTaxRatio": -0.0206794682,
        "incomeTaxExpense": -8000000,
        "netIncome": -22000000,
        "netIncomeRatio": -0.0162481536,
        "eps": -0.19,
        "epsdiluted": -0.19,
        "weightedAverageShsOut": 116700000,
        "weightedAverageShsOutDil": 116700000,
        "link": "https://www.sec.gov/Archives/edgar/data/1398987/000139898719000019/realogy10-k.htm",
        "finalLink": "https://www.sec.gov/Archives/edgar/data/1398987/000139898719000019/realogy10-k.htm"
    },
    {
        "date": "2018-09-30",
        "symbol": "RLGY",
        "reportedCurrency": "USD",
        "cik": "0001398987",
        "fillingDate": "2018-11-02",
        "acceptedDate": "2018-11-02 07:32:38",
        "calendarYear": "2018",
        "period": "Q3",
        "revenue": 1676000000,
        "costOfRevenue": 902000000,
        "grossProfit": 774000000,
        "grossProfitRatio": 0.4618138425,
        "researchAndDevelopmentExpenses": 0,
        "generalAndAdministrativeExpenses": 80000000,
        "sellingAndMarketingExpenses": 63000000,
        "sellingGeneralAndAdministrativeExpenses": 143000000,
        "otherExpenses": 436000000,
        "operatingExpenses": 579000000,
        "costAndExpenses": 1481000000,
        "interestIncome": 0,
        "interestExpense": 41000000,
        "depreciationAndAmortization": 49000000,
        "ebitda": 233000000,
        "ebitdaratio": 0.1390214797,
        "operatingIncome": 195000000,
        "operatingIncomeRatio": 0.1163484487,
        "totalOtherIncomeExpensesNet": -50000000,
        "incomeBeforeTax": 145000000,
        "incomeBeforeTaxRatio": 0.0865155131,
        "incomeTaxExpense": 40000000,
        "netIncome": 103000000,
        "netIncomeRatio": 0.0614558473,
        "eps": 0.84,
        "epsdiluted": 0.83,
        "weightedAverageShsOut": 122700000,
        "weightedAverageShsOutDil": 123600000,
        "link": "https://www.sec.gov/Archives/edgar/data/1398987/000139898718000231/0001398987-18-000231-index.html",
        "finalLink": "https://www.sec.gov/Archives/edgar/data/1355001/000139898718000231/realogy10-q.htm"
    },
    {
        "date": "2018-06-30",
        "symbol": "RLGY",
        "reportedCurrency": "USD",
        "cik": "0001398987",
        "fillingDate": "2018-08-03",
        "acceptedDate": "2018-08-03 07:32:13",
        "calendarYear": "2018",
        "period": "Q2",
        "revenue": 1820000000,
        "costOfRevenue": 1009000000,
        "grossProfit": 811000000,
        "grossProfitRatio": 0.4456043956,
        "researchAndDevelopmentExpenses": 0,
        "generalAndAdministrativeExpenses": 75000000,
        "sellingAndMarketingExpenses": 69000000,
        "sellingGeneralAndAdministrativeExpenses": 144000000,
        "otherExpenses": 441000000,
        "operatingExpenses": 585000000,
        "costAndExpenses": 1594000000,
        "interestIncome": 0,
        "interestExpense": 46000000,
        "depreciationAndAmortization": 49000000,
        "ebitda": 270000000,
        "ebitdaratio": 0.1483516484,
        "operatingIncome": 226000000,
        "operatingIncomeRatio": 0.1241758242,
        "totalOtherIncomeExpensesNet": -52000000,
        "incomeBeforeTax": 174000000,
        "incomeBeforeTaxRatio": 0.0956043956,
        "incomeTaxExpense": 52000000,
        "netIncome": 123000000,
        "netIncomeRatio": 0.0675824176,
        "eps": 0.97,
        "epsdiluted": 0.96,
        "weightedAverageShsOut": 126500000,
        "weightedAverageShsOutDil": 127600000,
        "link": "https://www.sec.gov/Archives/edgar/data/1398987/000139898718000176/0001398987-18-000176-index.html",
        "finalLink": "https://www.sec.gov/Archives/edgar/data/1355001/000139898718000176/r10-q.htm"
    },
    {
        "date": "2018-03-31",
        "symbol": "RLGY",
        "reportedCurrency": "USD",
        "cik": "0001398987",
        "fillingDate": "2018-05-03",
        "acceptedDate": "2018-05-03 07:33:05",
        "calendarYear": "2018",
        "period": "Q1",
        "revenue": 1229000000,
        "costOfRevenue": 645000000,
        "grossProfit": 584000000,
        "grossProfitRatio": 0.4751830757,
        "researchAndDevelopmentExpenses": 0,
        "generalAndAdministrativeExpenses": 89000000,
        "sellingAndMarketingExpenses": 67000000,
        "sellingGeneralAndAdministrativeExpenses": 156000000,
        "otherExpenses": 440000000,
        "operatingExpenses": 596000000,
        "costAndExpenses": 1241000000,
        "interestIncome": 0,
        "interestExpense": 33000000,
        "depreciationAndAmortization": 48000000,
        "ebitda": -5000000,
        "ebitdaratio": -0.0040683483,
        "operatingIncome": -12000000,
        "operatingIncomeRatio": -0.0097640358,
        "totalOtherIncomeExpensesNet": -70000000,
        "incomeBeforeTax": -82000000,
        "incomeBeforeTaxRatio": -0.0667209113,
        "incomeTaxExpense": -19000000,
        "netIncome": -67000000,
        "netIncomeRatio": -0.0545158666,
        "eps": -0.51,
        "epsdiluted": -0.51,
        "weightedAverageShsOut": 130300000,
        "weightedAverageShsOutDil": 130300000,
        "link": "https://www.sec.gov/Archives/edgar/data/1398987/000139898718000103/0001398987-18-000103-index.html",
        "finalLink": "https://www.sec.gov/Archives/edgar/data/1355001/000139898718000103/realogy10-q.htm"
    },
    {
        "date": "2017-12-31",
        "symbol": "RLGY",
        "reportedCurrency": "USD",
        "cik": "0001398987",
        "fillingDate": "2018-02-27",
        "acceptedDate": "2018-02-27 07:32:38",
        "calendarYear": "2017",
        "period": "Q4",
        "revenue": 1444000000,
        "costOfRevenue": 768000000,
        "grossProfit": 676000000,
        "grossProfitRatio": 0.4681440443,
        "researchAndDevelopmentExpenses": 0,
        "generalAndAdministrativeExpenses": 95000000,
        "sellingAndMarketingExpenses": 66000000,
        "sellingGeneralAndAdministrativeExpenses": 161000000,
        "otherExpenses": 431000000,
        "operatingExpenses": 592000000,
        "costAndExpenses": 1360000000,
        "interestIncome": 0,
        "interestExpense": 31000000,
        "depreciationAndAmortization": 49000000,
        "ebitda": 139000000,
        "ebitdaratio": 0.0962603878,
        "operatingIncome": 84000000,
        "operatingIncomeRatio": 0.0581717452,
        "totalOtherIncomeExpensesNet": -35000000,
        "incomeBeforeTax": 49000000,
        "incomeBeforeTaxRatio": 0.033933518,
        "incomeTaxExpense": -196000000,
        "netIncome": 255000000,
        "netIncomeRatio": 0.1765927978,
        "eps": 1.91,
        "epsdiluted": 1.89,
        "weightedAverageShsOut": 133400000,
        "weightedAverageShsOutDil": 135200000,
        "link": "https://www.sec.gov/Archives/edgar/data/1398987/000139898718000017/r10-k.htm",
        "finalLink": "https://www.sec.gov/Archives/edgar/data/1398987/000139898718000017/r10-k.htm"
    },
    {
        "date": "2017-09-30",
        "symbol": "RLGY",
        "reportedCurrency": "USD",
        "cik": "0001398987",
        "fillingDate": "2017-11-03",
        "acceptedDate": "2017-11-03 07:32:45",
        "calendarYear": "2017",
        "period": "Q3",
        "revenue": 1674000000,
        "costOfRevenue": 887000000,
        "grossProfit": 787000000,
        "grossProfitRatio": 0.4701314217,
        "researchAndDevelopmentExpenses": 0,
        "generalAndAdministrativeExpenses": 82000000,
        "sellingAndMarketingExpenses": 63000000,
        "sellingGeneralAndAdministrativeExpenses": 145000000,
        "otherExpenses": 444000000,
        "operatingExpenses": 589000000,
        "costAndExpenses": 1476000000,
        "interestIncome": 0,
        "interestExpense": 41000000,
        "depreciationAndAmortization": 50000000,
        "ebitda": 253000000,
        "ebitdaratio": 0.151135006,
        "operatingIncome": 198000000,
        "operatingIncomeRatio": 0.1182795699,
        "totalOtherIncomeExpensesNet": -45000000,
        "incomeBeforeTax": 153000000,
        "incomeBeforeTaxRatio": 0.0913978495,
        "incomeTaxExpense": 67000000,
        "netIncome": 95000000,
        "netIncomeRatio": 0.0567502987,
        "eps": 0.7,
        "epsdiluted": 0.69,
        "weightedAverageShsOut": 136100000,
        "weightedAverageShsOutDil": 138100000,
        "link": "https://www.sec.gov/Archives/edgar/data/1398987/000139898717000214/0001398987-17-000214-index.html",
        "finalLink": "https://www.sec.gov/Archives/edgar/data/1355001/000139898717000214/realogy10-q.htm"
    },
    {
        "date": "2017-06-30",
        "symbol": "RLGY",
        "reportedCurrency": "USD",
        "cik": "0001398987",
        "fillingDate": "2017-08-03",
        "acceptedDate": "2017-08-03 07:34:09",
        "calendarYear": "2017",
        "period": "Q2",
        "revenue": 1793000000,
        "costOfRevenue": 970000000,
        "grossProfit": 823000000,
        "grossProfitRatio": 0.4590072504,
        "researchAndDevelopmentExpenses": 0,
        "generalAndAdministrativeExpenses": 98000000,
        "sellingAndMarketingExpenses": 70000000,
        "sellingGeneralAndAdministrativeExpenses": 168000000,
        "otherExpenses": 434000000,
        "operatingExpenses": 602000000,
        "costAndExpenses": 1572000000,
        "interestIncome": 0,
        "interestExpense": 47000000,
        "depreciationAndAmortization": 49000000,
        "ebitda": 278000000,
        "ebitdaratio": 0.1550474066,
        "operatingIncome": 221000000,
        "operatingIncomeRatio": 0.123257111,
        "totalOtherIncomeExpensesNet": -38000000,
        "incomeBeforeTax": 183000000,
        "incomeBeforeTaxRatio": 0.1020635806,
        "incomeTaxExpense": 73000000,
        "netIncome": 109000000,
        "netIncomeRatio": 0.0607919688,
        "eps": 0.79,
        "epsdiluted": 0.78,
        "weightedAverageShsOut": 137600000,
        "weightedAverageShsOutDil": 138900000,
        "link": "https://www.sec.gov/Archives/edgar/data/1398987/000139898717000163/0001398987-17-000163-index.html",
        "finalLink": "https://www.sec.gov/Archives/edgar/data/1355001/000139898717000163/realogy10-q.htm"
    },
    {
        "date": "2017-03-31",
        "symbol": "RLGY",
        "reportedCurrency": "USD",
        "cik": "0001398987",
        "fillingDate": "2017-05-04",
        "acceptedDate": "2017-05-04 07:52:13",
        "calendarYear": "2017",
        "period": "Q1",
        "revenue": 1203000000,
        "costOfRevenue": 605000000,
        "grossProfit": 598000000,
        "grossProfitRatio": 0.4970906068,
        "researchAndDevelopmentExpenses": 0,
        "generalAndAdministrativeExpenses": 96000000,
        "sellingAndMarketingExpenses": 62000000,
        "sellingGeneralAndAdministrativeExpenses": 158000000,
        "otherExpenses": 426000000,
        "operatingExpenses": 584000000,
        "costAndExpenses": 1189000000,
        "interestIncome": 0,
        "interestExpense": 39000000,
        "depreciationAndAmortization": 50000000,
        "ebitda": 52000000,
        "ebitdaratio": 0.0432252702,
        "operatingIncome": 14000000,
        "operatingIncomeRatio": 0.0116375727,
        "totalOtherIncomeExpensesNet": -48000000,
        "incomeBeforeTax": -34000000,
        "incomeBeforeTaxRatio": -0.0282626766,
        "incomeTaxExpense": -9000000,
        "netIncome": -28000000,
        "netIncomeRatio": -0.0232751455,
        "eps": -0.2,
        "epsdiluted": -0.2,
        "weightedAverageShsOut": 139700000,
        "weightedAverageShsOutDil": 139700000,
        "link": "https://www.sec.gov/Archives/edgar/data/1398987/000139898717000015/r10-k.htm",
        "finalLink": "https://www.sec.gov/Archives/edgar/data/1398987/000139898717000015/r10-k.htm"
    },
    {
        "date": "2016-12-31",
        "symbol": "RLGY",
        "reportedCurrency": "USD",
        "cik": "0001398987",
        "fillingDate": "2017-02-24",
        "acceptedDate": "2017-02-24 07:43:59",
        "calendarYear": "2016",
        "period": "Q4",
        "revenue": 1370000000,
        "costOfRevenue": 689000000,
        "grossProfit": 681000000,
        "grossProfitRatio": 0.497080292,
        "researchAndDevelopmentExpenses": 0,
        "generalAndAdministrativeExpenses": 87000000,
        "sellingAndMarketingExpenses": 60000000,
        "sellingGeneralAndAdministrativeExpenses": 147000000,
        "otherExpenses": 437000000,
        "operatingExpenses": 584000000,
        "costAndExpenses": 1273000000,
        "interestIncome": 0,
        "interestExpense": 5000000,
        "depreciationAndAmortization": 53000000,
        "ebitda": 145000000,
        "ebitdaratio": 0.1058394161,
        "operatingIncome": 97000000,
        "operatingIncomeRatio": 0.0708029197,
        "totalOtherIncomeExpensesNet": -11000000,
        "incomeBeforeTax": 86000000,
        "incomeBeforeTaxRatio": 0.0627737226,
        "incomeTaxExpense": 30000000,
        "netIncome": 57000000,
        "netIncomeRatio": 0.0416058394,
        "eps": 0.41,
        "epsdiluted": 0.41,
        "weightedAverageShsOut": 139700000,
        "weightedAverageShsOutDil": 139700000,
        "link": "https://www.sec.gov/Archives/edgar/data/1398987/000139898717000015/r10-k.htm",
        "finalLink": "https://www.sec.gov/Archives/edgar/data/1398987/000139898717000015/r10-k.htm"
    },
    {
        "date": "2016-09-30",
        "symbol": "RLGY",
        "reportedCurrency": "USD",
        "cik": "0001398987",
        "fillingDate": "2016-11-04",
        "acceptedDate": "2016-11-04 07:33:40",
        "calendarYear": "2016",
        "period": "Q3",
        "revenue": 1644000000,
        "costOfRevenue": 834000000,
        "grossProfit": 810000000,
        "grossProfitRatio": 0.4927007299,
        "researchAndDevelopmentExpenses": 0,
        "generalAndAdministrativeExpenses": 78000000,
        "sellingAndMarketingExpenses": 58000000,
        "sellingGeneralAndAdministrativeExpenses": 136000000,
        "otherExpenses": 453000000,
        "operatingExpenses": 589000000,
        "costAndExpenses": 1423000000,
        "interestIncome": 0,
        "interestExpense": 37000000,
        "depreciationAndAmortization": 53000000,
        "ebitda": 270000000,
        "ebitdaratio": 0.1642335766,
        "operatingIncome": 221000000,
        "operatingIncomeRatio": 0.1344282238,
        "totalOtherIncomeExpensesNet": -45000000,
        "incomeBeforeTax": 176000000,
        "incomeBeforeTaxRatio": 0.1070559611,
        "incomeTaxExpense": 74000000,
        "netIncome": 106000000,
        "netIncomeRatio": 0.0644768856,
        "eps": 0.74,
        "epsdiluted": 0.73,
        "weightedAverageShsOut": 144000000,
        "weightedAverageShsOutDil": 145100000,
        "link": "https://www.sec.gov/Archives/edgar/data/1398987/000139898716000354/0001398987-16-000354-index.html",
        "finalLink": "https://www.sec.gov/Archives/edgar/data/1355001/000139898716000354/realogy10-q.htm"
    },
    {
        "date": "2016-06-30",
        "symbol": "RLGY",
        "reportedCurrency": "USD",
        "cik": "0001398987",
        "fillingDate": "2016-08-04",
        "acceptedDate": "2016-08-04 07:33:05",
        "calendarYear": "2016",
        "period": "Q2",
        "revenue": 1662000000,
        "costOfRevenue": 864000000,
        "grossProfit": 798000000,
        "grossProfitRatio": 0.4801444043,
        "researchAndDevelopmentExpenses": 0,
        "generalAndAdministrativeExpenses": 70000000,
        "sellingAndMarketingExpenses": 65000000,
        "sellingGeneralAndAdministrativeExpenses": 135000000,
        "otherExpenses": 439000000,
        "operatingExpenses": 574000000,
        "costAndExpenses": 1438000000,
        "interestIncome": 0,
        "interestExpense": 59000000,
        "depreciationAndAmortization": 48000000,
        "ebitda": 263000000,
        "ebitdaratio": 0.1582430806,
        "operatingIncome": 224000000,
        "operatingIncomeRatio": 0.1347773767,
        "totalOtherIncomeExpensesNet": -71000000,
        "incomeBeforeTax": 153000000,
        "incomeBeforeTaxRatio": 0.0920577617,
        "incomeTaxExpense": 64000000,
        "netIncome": 92000000,
        "netIncomeRatio": 0.055354994,
        "eps": 0.63,
        "epsdiluted": 0.63,
        "weightedAverageShsOut": 145500000,
        "weightedAverageShsOutDil": 146700000,
        "link": "https://www.sec.gov/Archives/edgar/data/1398987/000139898716000291/r10-q.htm",
        "finalLink": "https://www.sec.gov/Archives/edgar/data/1398987/000139898716000291/r10-q.htm"
    },
    {
        "date": "2016-03-31",
        "symbol": "RLGY",
        "reportedCurrency": "USD",
        "cik": "0001398987",
        "fillingDate": "2016-05-05",
        "acceptedDate": "2016-05-05 07:34:12",
        "calendarYear": "2016",
        "period": "Q1",
        "revenue": 1134000000,
        "costOfRevenue": 558000000,
        "grossProfit": 576000000,
        "grossProfitRatio": 0.5079365079,
        "researchAndDevelopmentExpenses": 0,
        "generalAndAdministrativeExpenses": 86000000,
        "sellingAndMarketingExpenses": 58000000,
        "sellingGeneralAndAdministrativeExpenses": 144000000,
        "otherExpenses": 415000000,
        "operatingExpenses": 559000000,
        "costAndExpenses": 1117000000,
        "interestIncome": 0,
        "interestExpense": 73000000,
        "depreciationAndAmortization": 48000000,
        "ebitda": 55000000,
        "ebitdaratio": 0.0485008818,
        "operatingIncome": 17000000,
        "operatingIncomeRatio": 0.0149911817,
        "totalOtherIncomeExpensesNet": -83000000,
        "incomeBeforeTax": -66000000,
        "incomeBeforeTaxRatio": -0.0582010582,
        "incomeTaxExpense": -24000000,
        "netIncome": -42000000,
        "netIncomeRatio": -0.037037037,
        "eps": -0.29,
        "epsdiluted": -0.29,
        "weightedAverageShsOut": 146500000,
        "weightedAverageShsOutDil": 146500000,
        "link": "https://www.sec.gov/Archives/edgar/data/1398987/000139898716000164/form10-k.htm",
        "finalLink": "https://www.sec.gov/Archives/edgar/data/1398987/000139898716000164/form10-k.htm"
    },
    {
        "date": "2015-12-31",
        "symbol": "RLGY",
        "reportedCurrency": "USD",
        "cik": "0001398987",
        "fillingDate": "2016-02-24",
        "acceptedDate": "2016-02-24 07:34:44",
        "calendarYear": "2015",
        "period": "Q4",
        "revenue": 1325000000,
        "costOfRevenue": 669000000,
        "grossProfit": 656000000,
        "grossProfitRatio": 0.4950943396,
        "researchAndDevelopmentExpenses": 0,
        "generalAndAdministrativeExpenses": 82000000,
        "sellingAndMarketingExpenses": 55000000,
        "sellingGeneralAndAdministrativeExpenses": 137000000,
        "otherExpenses": 417000000,
        "operatingExpenses": 554000000,
        "costAndExpenses": 1223000000,
        "interestIncome": 0,
        "interestExpense": 43000000,
        "depreciationAndAmortization": 48000000,
        "ebitda": 94000000,
        "ebitdaratio": 0.0709433962,
        "operatingIncome": 102000000,
        "operatingIncomeRatio": 0.0769811321,
        "totalOtherIncomeExpensesNet": -101000000,
        "incomeBeforeTax": 1000000,
        "incomeBeforeTaxRatio": 0.000754717,
        "incomeTaxExpense": -6000000,
        "netIncome": 9000000,
        "netIncomeRatio": 0.0067924528,
        "eps": 0.0614,
        "epsdiluted": 0.0614,
        "weightedAverageShsOut": 146500000,
        "weightedAverageShsOutDil": 146500000,
        "link": "https://www.sec.gov/Archives/edgar/data/1398987/000139898716000164/form10-k.htm",
        "finalLink": "https://www.sec.gov/Archives/edgar/data/1398987/000139898716000164/form10-k.htm"
    },
    {
        "date": "2015-09-30",
        "symbol": "RLGY",
        "reportedCurrency": "USD",
        "cik": "0001398987",
        "fillingDate": "2015-11-05",
        "acceptedDate": "2015-11-05 07:35:54",
        "calendarYear": "2015",
        "period": "Q3",
        "revenue": 1668000000,
        "costOfRevenue": 855000000,
        "grossProfit": 813000000,
        "grossProfitRatio": 0.4874100719,
        "researchAndDevelopmentExpenses": 0,
        "generalAndAdministrativeExpenses": 85000000,
        "sellingAndMarketingExpenses": 56000000,
        "sellingGeneralAndAdministrativeExpenses": 141000000,
        "otherExpenses": 436000000,
        "operatingExpenses": 577000000,
        "costAndExpenses": 1432000000,
        "interestIncome": 0,
        "interestExpense": 70000000,
        "depreciationAndAmortization": 55000000,
        "ebitda": 309000000,
        "ebitdaratio": 0.1852517986,
        "operatingIncome": 236000000,
        "operatingIncomeRatio": 0.1414868106,
        "totalOtherIncomeExpensesNet": -54000000,
        "incomeBeforeTax": 182000000,
        "incomeBeforeTaxRatio": 0.1091127098,
        "incomeTaxExpense": 74000000,
        "netIncome": 110000000,
        "netIncomeRatio": 0.0659472422,
        "eps": 0.75,
        "epsdiluted": 0.74,
        "weightedAverageShsOut": 146600000,
        "weightedAverageShsOutDil": 148100000,
        "link": "https://www.sec.gov/Archives/edgar/data/1398987/000139898715000139/r10-q.htm",
        "finalLink": "https://www.sec.gov/Archives/edgar/data/1398987/000139898715000139/r10-q.htm"
    },
    {
        "date": "2015-06-30",
        "symbol": "RLGY",
        "reportedCurrency": "USD",
        "cik": "0001398987",
        "fillingDate": "2015-07-31",
        "acceptedDate": "2015-07-31 07:36:36",
        "calendarYear": "2015",
        "period": "Q2",
        "revenue": 1651000000,
        "costOfRevenue": 877000000,
        "grossProfit": 774000000,
        "grossProfitRatio": 0.4688067838,
        "researchAndDevelopmentExpenses": 0,
        "generalAndAdministrativeExpenses": 92000000,
        "sellingAndMarketingExpenses": 59000000,
        "sellingGeneralAndAdministrativeExpenses": 151000000,
        "otherExpenses": 418000000,
        "operatingExpenses": 569000000,
        "costAndExpenses": 1446000000,
        "interestIncome": 0,
        "interestExpense": 50000000,
        "depreciationAndAmortization": 52000000,
        "ebitda": 265000000,
        "ebitdaratio": 0.1605087826,
        "operatingIncome": 205000000,
        "operatingIncomeRatio": 0.1241671714,
        "totalOtherIncomeExpensesNet": -48000000,
        "incomeBeforeTax": 157000000,
        "incomeBeforeTaxRatio": 0.0950938825,
        "incomeTaxExpense": 66000000,
        "netIncome": 97000000,
        "netIncomeRatio": 0.0587522714,
        "eps": 0.66,
        "epsdiluted": 0.66,
        "weightedAverageShsOut": 146500000,
        "weightedAverageShsOutDil": 148000000,
        "link": "https://www.sec.gov/Archives/edgar/data/1398987/000139898715000110/form10-q.htm",
        "finalLink": "https://www.sec.gov/Archives/edgar/data/1398987/000139898715000110/form10-q.htm"
    },
    {
        "date": "2015-03-31",
        "symbol": "RLGY",
        "reportedCurrency": "USD",
        "cik": "0001398987",
        "fillingDate": "2015-05-04",
        "acceptedDate": "2015-05-04 07:33:03",
        "calendarYear": "2015",
        "period": "Q1",
        "revenue": 1062000000,
        "costOfRevenue": 530000000,
        "grossProfit": 532000000,
        "grossProfitRatio": 0.5009416196,
        "researchAndDevelopmentExpenses": 0,
        "generalAndAdministrativeExpenses": 78000000,
        "sellingAndMarketingExpenses": 56000000,
        "sellingGeneralAndAdministrativeExpenses": 134000000,
        "otherExpenses": 388000000,
        "operatingExpenses": 522000000,
        "costAndExpenses": 1052000000,
        "interestIncome": 0,
        "interestExpense": 68000000,
        "depreciationAndAmortization": 46000000,
        "ebitda": 58000000,
        "ebitdaratio": 0.054613936,
        "operatingIncome": 10000000,
        "operatingIncomeRatio": 0.0094161959,
        "totalOtherIncomeExpensesNet": -68000000,
        "incomeBeforeTax": -58000000,
        "incomeBeforeTaxRatio": -0.054613936,
        "incomeTaxExpense": -24000000,
        "netIncome": -32000000,
        "netIncomeRatio": -0.0301318267,
        "eps": -0.22,
        "epsdiluted": -0.22,
        "weightedAverageShsOut": 146300000,
        "weightedAverageShsOutDil": 146300000,
        "link": "https://www.sec.gov/Archives/edgar/data/1398987/000139898715000014/r10k.htm",
        "finalLink": "https://www.sec.gov/Archives/edgar/data/1398987/000139898715000014/r10k.htm"
    },
    {
        "date": "2014-12-31",
        "symbol": "RLGY",
        "reportedCurrency": "USD",
        "cik": "0001398987",
        "fillingDate": "2015-02-26",
        "acceptedDate": "2015-02-26 06:46:31",
        "calendarYear": "2014",
        "period": "Q4",
        "revenue": 1278000000,
        "costOfRevenue": 656000000,
        "grossProfit": 622000000,
        "grossProfitRatio": 0.4866979656,
        "researchAndDevelopmentExpenses": 0,
        "generalAndAdministrativeExpenses": 79000000,
        "sellingAndMarketingExpenses": 59000000,
        "sellingGeneralAndAdministrativeExpenses": 138000000,
        "otherExpenses": 384000000,
        "operatingExpenses": 522000000,
        "costAndExpenses": 1178000000,
        "interestIncome": 0,
        "interestExpense": 70000000,
        "depreciationAndAmortization": 50000000,
        "ebitda": 140000000,
        "ebitdaratio": 0.1095461659,
        "operatingIncome": 100000000,
        "operatingIncomeRatio": 0.0782472613,
        "totalOtherIncomeExpensesNet": -81000000,
        "incomeBeforeTax": 19000000,
        "incomeBeforeTaxRatio": 0.0148669797,
        "incomeTaxExpense": -1000000,
        "netIncome": 21000000,
        "netIncomeRatio": 0.0164319249,
        "eps": 0.14,
        "epsdiluted": 0.14,
        "weightedAverageShsOut": 146300000,
        "weightedAverageShsOutDil": 146300000,
        "link": "https://www.sec.gov/Archives/edgar/data/1398987/000139898715000014/r10k.htm",
        "finalLink": "https://www.sec.gov/Archives/edgar/data/1398987/000139898715000014/r10k.htm"
    },
    {
        "date": "2014-09-30",
        "symbol": "RLGY",
        "reportedCurrency": "USD",
        "cik": "0001398987",
        "fillingDate": "2014-11-05",
        "acceptedDate": "2014-11-05 06:51:50",
        "calendarYear": "2014",
        "period": "Q3",
        "revenue": 1531000000,
        "costOfRevenue": 795000000,
        "grossProfit": 736000000,
        "grossProfitRatio": 0.480731548,
        "researchAndDevelopmentExpenses": 0,
        "generalAndAdministrativeExpenses": 79000000,
        "sellingAndMarketingExpenses": 52000000,
        "sellingGeneralAndAdministrativeExpenses": 131000000,
        "otherExpenses": 388000000,
        "operatingExpenses": 519000000,
        "costAndExpenses": 1314000000,
        "interestIncome": 0,
        "interestExpense": 54000000,
        "depreciationAndAmortization": 48000000,
        "ebitda": 273000000,
        "ebitdaratio": 0.1783148269,
        "operatingIncome": 217000000,
        "operatingIncomeRatio": 0.1417374265,
        "totalOtherIncomeExpensesNet": -50000000,
        "incomeBeforeTax": 167000000,
        "incomeBeforeTaxRatio": 0.1090790333,
        "incomeTaxExpense": 71000000,
        "netIncome": 100000000,
        "netIncomeRatio": 0.0653167864,
        "eps": 0.68,
        "epsdiluted": 0.68,
        "weightedAverageShsOut": 146000000,
        "weightedAverageShsOutDil": 147000000,
        "link": "https://www.sec.gov/Archives/edgar/data/1398987/000139898714000188/form10-q.htm",
        "finalLink": "https://www.sec.gov/Archives/edgar/data/1398987/000139898714000188/form10-q.htm"
    },
    {
        "date": "2014-06-30",
        "symbol": "RLGY",
        "reportedCurrency": "USD",
        "cik": "0001398987",
        "fillingDate": "2014-08-04",
        "acceptedDate": "2014-08-04 07:13:55",
        "calendarYear": "2014",
        "period": "Q2",
        "revenue": 1512000000,
        "costOfRevenue": 804000000,
        "grossProfit": 708000000,
        "grossProfitRatio": 0.4682539683,
        "researchAndDevelopmentExpenses": 0,
        "generalAndAdministrativeExpenses": 65000000,
        "sellingAndMarketingExpenses": 52000000,
        "sellingGeneralAndAdministrativeExpenses": 117000000,
        "otherExpenses": 386000000,
        "operatingExpenses": 503000000,
        "costAndExpenses": 1307000000,
        "interestIncome": 0,
        "interestExpense": 73000000,
        "depreciationAndAmortization": 46000000,
        "ebitda": 238000000,
        "ebitdaratio": 0.1574074074,
        "operatingIncome": 205000000,
        "operatingIncomeRatio": 0.1355820106,
        "totalOtherIncomeExpensesNet": -89000000,
        "incomeBeforeTax": 116000000,
        "incomeBeforeTaxRatio": 0.0767195767,
        "incomeTaxExpense": 51000000,
        "netIncome": 68000000,
        "netIncomeRatio": 0.044973545,
        "eps": 0.47,
        "epsdiluted": 0.46,
        "weightedAverageShsOut": 145900000,
        "weightedAverageShsOutDil": 146800000,
        "link": "https://www.sec.gov/Archives/edgar/data/1398987/000139898714000145/form10-q.htm",
        "finalLink": "https://www.sec.gov/Archives/edgar/data/1398987/000139898714000145/form10-q.htm"
    },
    {
        "date": "2014-03-31",
        "symbol": "RLGY",
        "reportedCurrency": "USD",
        "cik": "0001398987",
        "fillingDate": "2014-05-05",
        "acceptedDate": "2014-05-05 06:50:26",
        "calendarYear": "2014",
        "period": "Q1",
        "revenue": 1007000000,
        "costOfRevenue": 500000000,
        "grossProfit": 507000000,
        "grossProfitRatio": 0.5034756703,
        "researchAndDevelopmentExpenses": 0,
        "generalAndAdministrativeExpenses": 70000000,
        "sellingAndMarketingExpenses": 51000000,
        "sellingGeneralAndAdministrativeExpenses": 121000000,
        "otherExpenses": 382000000,
        "operatingExpenses": 503000000,
        "costAndExpenses": 1003000000,
        "interestIncome": 0,
        "interestExpense": 70000000,
        "depreciationAndAmortization": 46000000,
        "ebitda": 36000000,
        "ebitdaratio": 0.0357497517,
        "operatingIncome": 4000000,
        "operatingIncomeRatio": 0.0039721946,
        "totalOtherIncomeExpensesNet": -81000000,
        "incomeBeforeTax": -77000000,
        "incomeBeforeTaxRatio": -0.0764647468,
        "incomeTaxExpense": -34000000,
        "netIncome": -46000000,
        "netIncomeRatio": -0.0456802383,
        "eps": -0.32,
        "epsdiluted": -0.32,
        "weightedAverageShsOut": 145800000,
        "weightedAverageShsOutDil": 145800000,
        "link": "https://www.sec.gov/Archives/edgar/data/1398987/000139898714000017/form10k.htm",
        "finalLink": "https://www.sec.gov/Archives/edgar/data/1398987/000139898714000017/form10k.htm"
    },
    {
        "date": "2013-12-31",
        "symbol": "RLGY",
        "reportedCurrency": "USD",
        "cik": "0001398987",
        "fillingDate": "2014-02-27",
        "acceptedDate": "2014-02-27 06:46:57",
        "calendarYear": "2013",
        "period": "Q4",
        "revenue": 1246000000,
        "costOfRevenue": 641000000,
        "grossProfit": 605000000,
        "grossProfitRatio": 0.4855537721,
        "researchAndDevelopmentExpenses": 0,
        "generalAndAdministrativeExpenses": 79000000,
        "sellingAndMarketingExpenses": 50000000,
        "sellingGeneralAndAdministrativeExpenses": 129000000,
        "otherExpenses": 374000000,
        "operatingExpenses": 503000000,
        "costAndExpenses": 1144000000,
        "interestIncome": 0,
        "interestExpense": 51000000,
        "depreciationAndAmortization": 46000000,
        "ebitda": 150000000,
        "ebitdaratio": 0.1203852327,
        "operatingIncome": 102000000,
        "operatingIncomeRatio": 0.0818619583,
        "totalOtherIncomeExpensesNet": -48000000,
        "incomeBeforeTax": 54000000,
        "incomeBeforeTaxRatio": 0.0433386838,
        "incomeTaxExpense": -267000000,
        "netIncome": 320000000,
        "netIncomeRatio": 0.2568218299,
        "eps": 2.19,
        "epsdiluted": 2.19,
        "weightedAverageShsOut": 145800000,
        "weightedAverageShsOutDil": 145800000,
        "link": "https://www.sec.gov/Archives/edgar/data/1398987/000139898714000017/form10k.htm",
        "finalLink": "https://www.sec.gov/Archives/edgar/data/1398987/000139898714000017/form10k.htm"
    },
    {
        "date": "2013-09-30",
        "symbol": "RLGY",
        "reportedCurrency": "USD",
        "cik": "0001398987",
        "fillingDate": "2013-11-04",
        "acceptedDate": "2013-11-04 06:41:33",
        "calendarYear": "2013",
        "period": "Q3",
        "revenue": 1553000000,
        "costOfRevenue": 796000000,
        "grossProfit": 757000000,
        "grossProfitRatio": 0.4874436574,
        "researchAndDevelopmentExpenses": 0,
        "generalAndAdministrativeExpenses": 88000000,
        "sellingAndMarketingExpenses": 50000000,
        "sellingGeneralAndAdministrativeExpenses": 138000000,
        "otherExpenses": 407000000,
        "operatingExpenses": 545000000,
        "costAndExpenses": 1341000000,
        "interestIncome": 0,
        "interestExpense": 74000000,
        "depreciationAndAmortization": 44000000,
        "ebitda": 236000000,
        "ebitdaratio": 0.1519639408,
        "operatingIncome": 212000000,
        "operatingIncomeRatio": 0.1365099807,
        "totalOtherIncomeExpensesNet": -97000000,
        "incomeBeforeTax": 115000000,
        "incomeBeforeTaxRatio": 0.0740502254,
        "incomeTaxExpense": 9000000,
        "netIncome": 109000000,
        "netIncomeRatio": 0.0701867354,
        "eps": 0.75,
        "epsdiluted": 0.74,
        "weightedAverageShsOut": 145600000,
        "weightedAverageShsOutDil": 146800000,
        "link": "https://www.sec.gov/Archives/edgar/data/1398987/000139898713000197/form10q.htm",
        "finalLink": "https://www.sec.gov/Archives/edgar/data/1398987/000139898713000197/form10q.htm"
    },
    {
        "date": "2013-06-30",
        "symbol": "RLGY",
        "reportedCurrency": "USD",
        "cik": "0001398987",
        "fillingDate": "2013-08-02",
        "acceptedDate": "2013-08-02 14:08:17",
        "calendarYear": "2013",
        "period": "Q2",
        "revenue": 1533000000,
        "costOfRevenue": 800000000,
        "grossProfit": 733000000,
        "grossProfitRatio": 0.4781474234,
        "researchAndDevelopmentExpenses": 0,
        "generalAndAdministrativeExpenses": 93000000,
        "sellingAndMarketingExpenses": 49000000,
        "sellingGeneralAndAdministrativeExpenses": 142000000,
        "otherExpenses": 397000000,
        "operatingExpenses": 539000000,
        "costAndExpenses": 1339000000,
        "interestIncome": 0,
        "interestExpense": 67000000,
        "depreciationAndAmortization": 44000000,
        "ebitda": 204000000,
        "ebitdaratio": 0.133072407,
        "operatingIncome": 194000000,
        "operatingIncomeRatio": 0.1265492498,
        "totalOtherIncomeExpensesNet": -112000000,
        "incomeBeforeTax": 82000000,
        "incomeBeforeTaxRatio": 0.0534898891,
        "incomeTaxExpense": 9000000,
        "netIncome": 84000000,
        "netIncomeRatio": 0.0547945205,
        "eps": 0.58,
        "epsdiluted": 0.57,
        "weightedAverageShsOut": 145400000,
        "weightedAverageShsOutDil": 146600000,
        "link": "https://www.sec.gov/Archives/edgar/data/1398987/000139898713000138/form10q.htm",
        "finalLink": "https://www.sec.gov/Archives/edgar/data/1398987/000139898713000138/form10q.htm"
    },
    {
        "date": "2013-03-31",
        "symbol": "RLGY",
        "reportedCurrency": "USD",
        "cik": "0001398987",
        "fillingDate": "2013-05-01",
        "acceptedDate": "2013-05-01 16:10:32",
        "calendarYear": "2013",
        "period": "Q1",
        "revenue": 957000000,
        "costOfRevenue": 454000000,
        "grossProfit": 503000000,
        "grossProfitRatio": 0.5256008359,
        "researchAndDevelopmentExpenses": 0,
        "generalAndAdministrativeExpenses": 67000000,
        "sellingAndMarketingExpenses": 50000000,
        "sellingGeneralAndAdministrativeExpenses": 117000000,
        "otherExpenses": 369000000,
        "operatingExpenses": 486000000,
        "costAndExpenses": 940000000,
        "interestIncome": 0,
        "interestExpense": 89000000,
        "depreciationAndAmortization": 42000000,
        "ebitda": 63000000,
        "ebitdaratio": 0.065830721,
        "operatingIncome": 17000000,
        "operatingIncomeRatio": 0.0177638454,
        "totalOtherIncomeExpensesNet": -93000000,
        "incomeBeforeTax": -76000000,
        "incomeBeforeTaxRatio": -0.079414838,
        "incomeTaxExpense": 7000000,
        "netIncome": -75000000,
        "netIncomeRatio": -0.078369906,
        "eps": -0.52,
        "epsdiluted": -0.52,
        "weightedAverageShsOut": 145100000,
        "weightedAverageShsOutDil": 145100000,
        "link": "https://www.sec.gov/Archives/edgar/data/1398987/000139898713000017/form10-k.htm",
        "finalLink": "https://www.sec.gov/Archives/edgar/data/1398987/000139898713000017/form10-k.htm"
    },
    {
        "date": "2012-12-31",
        "symbol": "RLGY",
        "reportedCurrency": "USD",
        "cik": "0001398987",
        "fillingDate": "2012-12-31",
        "acceptedDate": "2012-12-30 19:00:00",
        "calendarYear": "2012",
        "period": "Q4",
        "revenue": 1207000000,
        "costOfRevenue": 622000000,
        "grossProfit": 585000000,
        "grossProfitRatio": 0.4846727423,
        "researchAndDevelopmentExpenses": 0,
        "generalAndAdministrativeExpenses": -882000000,
        "sellingAndMarketingExpenses": 43000000,
        "sellingGeneralAndAdministrativeExpenses": -839000000,
        "otherExpenses": 1352000000,
        "operatingExpenses": 513000000,
        "costAndExpenses": 1135000000,
        "interestIncome": 0,
        "interestExpense": 0,
        "depreciationAndAmortization": 42000000,
        "ebitda": -178000000,
        "ebitdaratio": -0.1474730737,
        "operatingIncome": 72000000,
        "operatingIncomeRatio": 0.0596520298,
        "totalOtherIncomeExpensesNet": -373000000,
        "incomeBeforeTax": -301000000,
        "incomeBeforeTaxRatio": -0.2493786247,
        "incomeTaxExpense": 72000000,
        "netIncome": -292000000,
        "netIncomeRatio": -0.241922121,
        "eps": -36.5,
        "epsdiluted": -36.5,
        "weightedAverageShsOut": 8000000,
        "weightedAverageShsOutDil": 8000000,
        "link": "",
        "finalLink": ""
    },
    {
        "date": "2012-09-30",
        "symbol": "RLGY",
        "reportedCurrency": "USD",
        "cik": "0001398987",
        "fillingDate": "2012-09-30",
        "acceptedDate": "2012-09-29 20:00:00",
        "calendarYear": "2012",
        "period": "Q3",
        "revenue": 1281000000,
        "costOfRevenue": 633000000,
        "grossProfit": 648000000,
        "grossProfitRatio": 0.5058548009,
        "researchAndDevelopmentExpenses": 0,
        "generalAndAdministrativeExpenses": 410000000,
        "sellingAndMarketingExpenses": 44000000,
        "sellingGeneralAndAdministrativeExpenses": 454000000,
        "otherExpenses": 41000000,
        "operatingExpenses": 495000000,
        "costAndExpenses": 1128000000,
        "interestIncome": 0,
        "interestExpense": 0,
        "depreciationAndAmortization": 42000000,
        "ebitda": -10000000,
        "ebitdaratio": -0.0078064012,
        "operatingIncome": 153000000,
        "operatingIncomeRatio": 0.1194379391,
        "totalOtherIncomeExpensesNet": -189000000,
        "incomeBeforeTax": -36000000,
        "incomeBeforeTaxRatio": -0.0281030445,
        "incomeTaxExpense": -18000000,
        "netIncome": -34000000,
        "netIncomeRatio": -0.0265417642,
        "eps": -4.25,
        "epsdiluted": -4.25,
        "weightedAverageShsOut": 8000000,
        "weightedAverageShsOutDil": 8000000,
        "link": "",
        "finalLink": ""
    },
    {
        "date": "2012-06-30",
        "symbol": "RLGY",
        "reportedCurrency": "USD",
        "cik": "0001398987",
        "fillingDate": "2012-06-30",
        "acceptedDate": "2012-06-29 20:00:00",
        "calendarYear": "2012",
        "period": "Q2",
        "revenue": 1309000000,
        "costOfRevenue": 662000000,
        "grossProfit": 647000000,
        "grossProfitRatio": 0.4942704354,
        "researchAndDevelopmentExpenses": 0,
        "generalAndAdministrativeExpenses": 404000000,
        "sellingAndMarketingExpenses": 52000000,
        "sellingGeneralAndAdministrativeExpenses": 456000000,
        "otherExpenses": 44000000,
        "operatingExpenses": 500000000,
        "costAndExpenses": 1162000000,
        "interestIncome": 0,
        "interestExpense": 0,
        "depreciationAndAmortization": 44000000,
        "ebitda": 27000000,
        "ebitdaratio": 0.0206264324,
        "operatingIncome": 147000000,
        "operatingIncomeRatio": 0.1122994652,
        "totalOtherIncomeExpensesNet": -178000000,
        "incomeBeforeTax": -31000000,
        "incomeBeforeTaxRatio": -0.0236822002,
        "incomeTaxExpense": 8000000,
        "netIncome": -25000000,
        "netIncomeRatio": -0.0190985485,
        "eps": -3.12,
        "epsdiluted": -3.12,
        "weightedAverageShsOut": 8000000,
        "weightedAverageShsOutDil": 8000000,
        "link": "",
        "finalLink": ""
    },
    {
        "date": "2012-03-31",
        "symbol": "RLGY",
        "reportedCurrency": "USD",
        "cik": "0001398987",
        "fillingDate": "2012-03-31",
        "acceptedDate": "2012-03-30 20:00:00",
        "calendarYear": "2012",
        "period": "Q1",
        "revenue": 875000000,
        "costOfRevenue": 402000000,
        "grossProfit": 473000000,
        "grossProfitRatio": 0.5405714286,
        "researchAndDevelopmentExpenses": 0,
        "generalAndAdministrativeExpenses": 395000000,
        "sellingAndMarketingExpenses": 51000000,
        "sellingGeneralAndAdministrativeExpenses": 446000000,
        "otherExpenses": 49000000,
        "operatingExpenses": 495000000,
        "costAndExpenses": 897000000,
        "interestIncome": 0,
        "interestExpense": 0,
        "depreciationAndAmortization": 45000000,
        "ebitda": -140000000,
        "ebitdaratio": -0.16,
        "operatingIncome": -22000000,
        "operatingIncomeRatio": -0.0251428571,
        "totalOtherIncomeExpensesNet": -173000000,
        "incomeBeforeTax": -195000000,
        "incomeBeforeTaxRatio": -0.2228571429,
        "incomeTaxExpense": 7000000,
        "netIncome": -192000000,
        "netIncomeRatio": -0.2194285714,
        "eps": -24,
        "epsdiluted": -24,
        "weightedAverageShsOut": 8000000,
        "weightedAverageShsOutDil": 8000000,
        "link": "",
        "finalLink": ""
    },
    {
        "date": "2011-12-31",
        "symbol": "RLGY",
        "reportedCurrency": "USD",
        "cik": "0001398987",
        "fillingDate": "2011-12-31",
        "acceptedDate": "2011-12-30 19:00:00",
        "calendarYear": "2011",
        "period": "Q4",
        "revenue": 928000000,
        "costOfRevenue": 434000000,
        "grossProfit": 494000000,
        "grossProfitRatio": 0.5323275862,
        "researchAndDevelopmentExpenses": 0,
        "generalAndAdministrativeExpenses": 376000000,
        "sellingAndMarketingExpenses": 43000000,
        "sellingGeneralAndAdministrativeExpenses": 419000000,
        "otherExpenses": 49000000,
        "operatingExpenses": 468000000,
        "costAndExpenses": 902000000,
        "interestIncome": 0,
        "interestExpense": 0,
        "depreciationAndAmortization": 47000000,
        "ebitda": -87000000,
        "ebitdaratio": -0.09375,
        "operatingIncome": 26000000,
        "operatingIncomeRatio": 0.0280172414,
        "totalOtherIncomeExpensesNet": -186000000,
        "incomeBeforeTax": -160000000,
        "incomeBeforeTaxRatio": -0.1724137931,
        "incomeTaxExpense": 20000000,
        "netIncome": -154000000,
        "netIncomeRatio": -0.1659482759,
        "eps": -19.25,
        "epsdiluted": -19.25,
        "weightedAverageShsOut": 8000000,
        "weightedAverageShsOutDil": 8000000,
        "link": "updating...",
        "finalLink": ""
    },
    {
        "date": "2011-09-30",
        "symbol": "RLGY",
        "reportedCurrency": "USD",
        "cik": "0001398987",
        "fillingDate": "2011-11-01",
        "acceptedDate": "2011-11-01 14:10:41",
        "calendarYear": "2011",
        "period": "Q3",
        "revenue": 1155000000,
        "costOfRevenue": 547000000,
        "grossProfit": 608000000,
        "grossProfitRatio": 0.5264069264,
        "researchAndDevelopmentExpenses": 0,
        "generalAndAdministrativeExpenses": 386000000,
        "sellingAndMarketingExpenses": 45000000,
        "sellingGeneralAndAdministrativeExpenses": 431000000,
        "otherExpenses": 43000000,
        "operatingExpenses": 474000000,
        "costAndExpenses": 1021000000,
        "interestIncome": 0,
        "interestExpense": 0,
        "depreciationAndAmortization": 46000000,
        "ebitda": 28000000,
        "ebitdaratio": 0.0242424242,
        "operatingIncome": 134000000,
        "operatingIncomeRatio": 0.116017316,
        "totalOtherIncomeExpensesNet": -151000000,
        "incomeBeforeTax": -17000000,
        "incomeBeforeTaxRatio": -0.0147186147,
        "incomeTaxExpense": 10000000,
        "netIncome": -28000000,
        "netIncomeRatio": -0.0242424242,
        "eps": -3.5,
        "epsdiluted": -3.5,
        "weightedAverageShsOut": 8000000,
        "weightedAverageShsOutDil": 8000000,
        "link": "https://www.sec.gov/Archives/edgar/data/1398987/000119312511290426/d234457d10q.htm",
        "finalLink": "https://www.sec.gov/Archives/edgar/data/1398987/000119312511290426/d234457d10q.htm"
    },
    {
        "date": "2011-06-30",
        "symbol": "RLGY",
        "reportedCurrency": "USD",
        "cik": "0001398987",
        "fillingDate": "2011-06-30",
        "acceptedDate": "2011-06-29 20:00:00",
        "calendarYear": "2011",
        "period": "Q2",
        "revenue": 1179000000,
        "costOfRevenue": 577000000,
        "grossProfit": 602000000,
        "grossProfitRatio": 0.5106022053,
        "researchAndDevelopmentExpenses": 0,
        "generalAndAdministrativeExpenses": 373000000,
        "sellingAndMarketingExpenses": 54000000,
        "sellingGeneralAndAdministrativeExpenses": 427000000,
        "otherExpenses": 35000000,
        "operatingExpenses": 462000000,
        "costAndExpenses": 1039000000,
        "interestIncome": 0,
        "interestExpense": 0,
        "depreciationAndAmortization": 47000000,
        "ebitda": 26000000,
        "ebitdaratio": 0.0220525869,
        "operatingIncome": 140000000,
        "operatingIncomeRatio": 0.1187446989,
        "totalOtherIncomeExpensesNet": -160000000,
        "incomeBeforeTax": -20000000,
        "incomeBeforeTaxRatio": -0.0169635284,
        "incomeTaxExpense": 1000000,
        "netIncome": -22000000,
        "netIncomeRatio": -0.0186598813,
        "eps": -2.75,
        "epsdiluted": -2.75,
        "weightedAverageShsOut": 8000000,
        "weightedAverageShsOutDil": 8000000,
        "link": "",
        "finalLink": ""
    },
    {
        "date": "2011-03-31",
        "symbol": "RLGY",
        "reportedCurrency": "USD",
        "cik": "0001398987",
        "fillingDate": "2011-03-31",
        "acceptedDate": "2011-03-30 20:00:00",
        "calendarYear": "2011",
        "period": "Q1",
        "revenue": 831000000,
        "costOfRevenue": 374000000,
        "grossProfit": 457000000,
        "grossProfitRatio": 0.5499398315,
        "researchAndDevelopmentExpenses": 0,
        "generalAndAdministrativeExpenses": 389000000,
        "sellingAndMarketingExpenses": 43000000,
        "sellingGeneralAndAdministrativeExpenses": 432000000,
        "otherExpenses": 80000000,
        "operatingExpenses": 512000000,
        "costAndExpenses": 886000000,
        "interestIncome": 0,
        "interestExpense": 0,
        "depreciationAndAmortization": 46000000,
        "ebitda": -190000000,
        "ebitdaratio": -0.2286401925,
        "operatingIncome": -55000000,
        "operatingIncomeRatio": -0.0661853189,
        "totalOtherIncomeExpensesNet": -181000000,
        "incomeBeforeTax": -236000000,
        "incomeBeforeTaxRatio": -0.2839951865,
        "incomeTaxExpense": 1000000,
        "netIncome": -237000000,
        "netIncomeRatio": -0.285198556,
        "eps": -29.62,
        "epsdiluted": -29.62,
        "weightedAverageShsOut": 8000000,
        "weightedAverageShsOutDil": 8000000,
        "link": "",
        "finalLink": ""
    },
    {
        "date": "2010-12-31",
        "symbol": "RLGY",
        "reportedCurrency": "USD",
        "cik": "0001398987",
        "fillingDate": "2010-12-31",
        "acceptedDate": "2010-12-30 19:00:00",
        "calendarYear": "2010",
        "period": "Q4",
        "revenue": 966000000,
        "costOfRevenue": 453000000,
        "grossProfit": 513000000,
        "grossProfitRatio": 0.5310559006,
        "researchAndDevelopmentExpenses": 0,
        "generalAndAdministrativeExpenses": 374000000,
        "sellingAndMarketingExpenses": 41000000,
        "sellingGeneralAndAdministrativeExpenses": 415000000,
        "otherExpenses": 41000000,
        "operatingExpenses": 456000000,
        "costAndExpenses": 909000000,
        "interestIncome": 0,
        "interestExpense": 0,
        "depreciationAndAmortization": 49000000,
        "ebitda": -43000000,
        "ebitdaratio": -0.0445134576,
        "operatingIncome": 57000000,
        "operatingIncomeRatio": 0.0590062112,
        "totalOtherIncomeExpensesNet": -148000000,
        "incomeBeforeTax": -91000000,
        "incomeBeforeTaxRatio": -0.0942028986,
        "incomeTaxExpense": 0,
        "netIncome": -91000000,
        "netIncomeRatio": -0.0942028986,
        "eps": -11.37,
        "epsdiluted": -11.37,
        "weightedAverageShsOut": 8000000,
        "weightedAverageShsOutDil": 8000000,
        "link": "",
        "finalLink": ""
    },
    {
        "date": "2010-09-30",
        "symbol": "RLGY",
        "reportedCurrency": "USD",
        "cik": "0001398987",
        "fillingDate": "2010-09-30",
        "acceptedDate": "2010-09-29 20:00:00",
        "calendarYear": "2010",
        "period": "Q3",
        "revenue": 1052000000,
        "costOfRevenue": 490000000,
        "grossProfit": 562000000,
        "grossProfitRatio": 0.5342205323,
        "researchAndDevelopmentExpenses": 0,
        "generalAndAdministrativeExpenses": 360000000,
        "sellingAndMarketingExpenses": 42000000,
        "sellingGeneralAndAdministrativeExpenses": 402000000,
        "otherExpenses": 43000000,
        "operatingExpenses": 445000000,
        "costAndExpenses": 935000000,
        "interestIncome": 0,
        "interestExpense": 0,
        "depreciationAndAmortization": 49000000,
        "ebitda": 26000000,
        "ebitdaratio": 0.0247148289,
        "operatingIncome": 117000000,
        "operatingIncomeRatio": 0.11121673,
        "totalOtherIncomeExpensesNet": -140000000,
        "incomeBeforeTax": -23000000,
        "incomeBeforeTaxRatio": -0.0218631179,
        "incomeTaxExpense": 10000000,
        "netIncome": -33000000,
        "netIncomeRatio": -0.0313688213,
        "eps": -4.12,
        "epsdiluted": -4.12,
        "weightedAverageShsOut": 8000000,
        "weightedAverageShsOutDil": 8000000,
        "link": "",
        "finalLink": ""
    },
    {
        "date": "2010-06-30",
        "symbol": "RLGY",
        "reportedCurrency": "USD",
        "cik": "0001398987",
        "fillingDate": "2010-06-30",
        "acceptedDate": "2010-06-29 20:00:00",
        "calendarYear": "2010",
        "period": "Q2",
        "revenue": 1253000000,
        "costOfRevenue": 612000000,
        "grossProfit": 641000000,
        "grossProfitRatio": 0.5115722267,
        "researchAndDevelopmentExpenses": 0,
        "generalAndAdministrativeExpenses": 367000000,
        "sellingAndMarketingExpenses": 50000000,
        "sellingGeneralAndAdministrativeExpenses": 417000000,
        "otherExpenses": -268000000,
        "operatingExpenses": 149000000,
        "costAndExpenses": 761000000,
        "interestIncome": 0,
        "interestExpense": 0,
        "depreciationAndAmortization": 49000000,
        "ebitda": 389000000,
        "ebitdaratio": 0.3104549082,
        "operatingIncome": 492000000,
        "operatingIncomeRatio": 0.3926576217,
        "totalOtherIncomeExpensesNet": -151000000,
        "incomeBeforeTax": 341000000,
        "incomeBeforeTaxRatio": 0.2721468476,
        "incomeTaxExpense": 118000000,
        "netIncome": 222000000,
        "netIncomeRatio": 0.1771747805,
        "eps": 27.75,
        "epsdiluted": 27.75,
        "weightedAverageShsOut": 8000000,
        "weightedAverageShsOutDil": 8000000,
        "link": "",
        "finalLink": ""
    },
    {
        "date": "2010-03-31",
        "symbol": "RLGY",
        "reportedCurrency": "USD",
        "cik": "0001398987",
        "fillingDate": "2010-03-31",
        "acceptedDate": "2010-03-30 20:00:00",
        "calendarYear": "2010",
        "period": "Q1",
        "revenue": 819000000,
        "costOfRevenue": 377000000,
        "grossProfit": 442000000,
        "grossProfitRatio": 0.5396825397,
        "researchAndDevelopmentExpenses": 0,
        "generalAndAdministrativeExpenses": 378000000,
        "sellingAndMarketingExpenses": 46000000,
        "sellingGeneralAndAdministrativeExpenses": 424000000,
        "otherExpenses": 52000000,
        "operatingExpenses": 476000000,
        "costAndExpenses": 853000000,
        "interestIncome": 0,
        "interestExpense": 0,
        "depreciationAndAmortization": 50000000,
        "ebitda": -141000000,
        "ebitdaratio": -0.1721611722,
        "operatingIncome": -34000000,
        "operatingIncomeRatio": -0.0415140415,
        "totalOtherIncomeExpensesNet": -157000000,
        "incomeBeforeTax": -191000000,
        "incomeBeforeTaxRatio": -0.2332112332,
        "incomeTaxExpense": 6000000,
        "netIncome": -197000000,
        "netIncomeRatio": -0.2405372405,
        "eps": -24.62,
        "epsdiluted": -24.62,
        "weightedAverageShsOut": 8000000,
        "weightedAverageShsOutDil": 8000000,
        "link": "",
        "finalLink": ""
    }
]