[
    {
        "date": "2019-12-31",
        "symbol": "RTN",
        "reportedCurrency": "USD",
        "cik": "0001047122",
        "fillingDate": "2020-02-12",
        "acceptedDate": "2020-02-12 16:04:56",
        "calendarYear": "2019",
        "period": "Q4",
        "revenue": 7842000000,
        "costOfRevenue": 5832000000,
        "grossProfit": 2010000000,
        "grossProfitRatio": 0.2563121653,
        "researchAndDevelopmentExpenses": 166000000,
        "generalAndAdministrativeExpenses": 565000000,
        "sellingAndMarketingExpenses": 0,
        "sellingGeneralAndAdministrativeExpenses": 565000000,
        "otherExpenses": 0,
        "operatingExpenses": 731000000,
        "costAndExpenses": 12395000000,
        "interestIncome": 0,
        "interestExpense": -46000000,
        "depreciationAndAmortization": 159000000,
        "ebitda": 1183000000,
        "ebitdaratio": 0.1508543739,
        "operatingIncome": 1279000000,
        "operatingIncomeRatio": 0.1630961489,
        "totalOtherIncomeExpensesNet": -215000000,
        "incomeBeforeTax": 1064000000,
        "incomeBeforeTaxRatio": 0.1356796736,
        "incomeTaxExpense": 185000000,
        "netIncome": 885000000,
        "netIncomeRatio": 0.1128538638,
        "eps": 3.17,
        "epsdiluted": 3.17,
        "weightedAverageShsOut": 279400000,
        "weightedAverageShsOutDil": 279400000,
        "link": "https://www.sec.gov/Archives/edgar/data/1047122/000104712220000009/0001047122-20-000009-index.html",
        "finalLink": "https://www.sec.gov/Archives/edgar/data/1047122/000104712220000009/rtn-12312019x10k.htm"
    },
    {
        "date": "2019-09-29",
        "symbol": "RTN",
        "reportedCurrency": "USD",
        "cik": "0001047122",
        "fillingDate": "2019-10-24",
        "acceptedDate": "2019-10-24 10:05:57",
        "calendarYear": "2019",
        "period": "Q3",
        "revenue": 7446000000,
        "costOfRevenue": 5499000000,
        "grossProfit": 1947000000,
        "grossProfitRatio": 0.2614826753,
        "researchAndDevelopmentExpenses": 171000000,
        "generalAndAdministrativeExpenses": 570000000,
        "sellingAndMarketingExpenses": 0,
        "sellingGeneralAndAdministrativeExpenses": 570000000,
        "otherExpenses": 0,
        "operatingExpenses": 741000000,
        "costAndExpenses": 6240000000,
        "interestIncome": 0,
        "interestExpense": 45000000,
        "depreciationAndAmortization": 155000000,
        "ebitda": 1235000000,
        "ebitdaratio": 0.1658608649,
        "operatingIncome": 1206000000,
        "operatingIncomeRatio": 0.1619661563,
        "totalOtherIncomeExpensesNet": -170000000,
        "incomeBeforeTax": 1036000000,
        "incomeBeforeTaxRatio": 0.1391351061,
        "incomeTaxExpense": 175000000,
        "netIncome": 860000000,
        "netIncomeRatio": 0.1154982541,
        "eps": 3.08,
        "epsdiluted": 3.08,
        "weightedAverageShsOut": 279400000,
        "weightedAverageShsOutDil": 279400000,
        "link": "https://www.sec.gov/Archives/edgar/data/1047122/000104712219000193/0001047122-19-000193-index.html",
        "finalLink": "https://www.sec.gov/Archives/edgar/data/1047122/000104712219000193/rtn-09292019x10q.htm"
    },
    {
        "date": "2019-06-30",
        "symbol": "RTN",
        "reportedCurrency": "USD",
        "cik": "0001047122",
        "fillingDate": "2019-07-25",
        "acceptedDate": "2019-07-25 10:21:24",
        "calendarYear": "2019",
        "period": "Q2",
        "revenue": 7159000000,
        "costOfRevenue": 5205000000,
        "grossProfit": 1954000000,
        "grossProfitRatio": 0.2729431485,
        "researchAndDevelopmentExpenses": 200000000,
        "generalAndAdministrativeExpenses": 578000000,
        "sellingAndMarketingExpenses": 0,
        "sellingGeneralAndAdministrativeExpenses": 578000000,
        "otherExpenses": 0,
        "operatingExpenses": 778000000,
        "costAndExpenses": 5983000000,
        "interestIncome": 0,
        "interestExpense": 45000000,
        "depreciationAndAmortization": 151000000,
        "ebitda": 1165000000,
        "ebitdaratio": 0.1627322252,
        "operatingIncome": 1176000000,
        "operatingIncomeRatio": 0.1642687526,
        "totalOtherIncomeExpensesNet": -211000000,
        "incomeBeforeTax": 965000000,
        "incomeBeforeTaxRatio": 0.1347953625,
        "incomeTaxExpense": 152000000,
        "netIncome": 817000000,
        "netIncomeRatio": 0.1141220841,
        "eps": 2.92,
        "epsdiluted": 2.92,
        "weightedAverageShsOut": 279900000,
        "weightedAverageShsOutDil": 279900000,
        "link": "https://www.sec.gov/Archives/edgar/data/1047122/000104712219000173/0001047122-19-000173-index.htm",
        "finalLink": "https://www.sec.gov/Archives/edgar/data/1047122/000104712219000173/rtn-06302019x10q.htm"
    },
    {
        "date": "2019-03-31",
        "symbol": "RTN",
        "reportedCurrency": "USD",
        "cik": "0001047122",
        "fillingDate": "2019-04-25",
        "acceptedDate": "2019-04-25 10:30:02",
        "calendarYear": "2019",
        "period": "Q1",
        "revenue": 6729000000,
        "costOfRevenue": 4877000000,
        "grossProfit": 1852000000,
        "grossProfitRatio": 0.275226631,
        "researchAndDevelopmentExpenses": 195000000,
        "generalAndAdministrativeExpenses": 544000000,
        "sellingAndMarketingExpenses": 0,
        "sellingGeneralAndAdministrativeExpenses": 544000000,
        "otherExpenses": 0,
        "operatingExpenses": 739000000,
        "costAndExpenses": 5616000000,
        "interestIncome": 0,
        "interestExpense": 44000000,
        "depreciationAndAmortization": 140000000,
        "ebitda": 1111000000,
        "ebitdaratio": 0.1651062565,
        "operatingIncome": 1113000000,
        "operatingIncomeRatio": 0.1654034775,
        "totalOtherIncomeExpensesNet": -192000000,
        "incomeBeforeTax": 921000000,
        "incomeBeforeTaxRatio": 0.136870263,
        "incomeTaxExpense": 146000000,
        "netIncome": 781000000,
        "netIncomeRatio": 0.1160647942,
        "eps": 2.77,
        "epsdiluted": 2.77,
        "weightedAverageShsOut": 282200000,
        "weightedAverageShsOutDil": 282200000,
        "link": "https://www.sec.gov/Archives/edgar/data/1047122/000104712219000126/0001047122-19-000126-index.html",
        "finalLink": "https://www.sec.gov/Archives/edgar/data/1047122/000104712219000126/rtn-03312019x10qq1.htm"
    },
    {
        "date": "2018-12-31",
        "symbol": "RTN",
        "reportedCurrency": "USD",
        "cik": "0001047122",
        "fillingDate": "2019-02-13",
        "acceptedDate": "2019-02-13 10:49:55",
        "calendarYear": "2018",
        "period": "Q4",
        "revenue": 7360000000,
        "costOfRevenue": 5393000000,
        "grossProfit": 1967000000,
        "grossProfitRatio": 0.2672554348,
        "researchAndDevelopmentExpenses": 248000000,
        "generalAndAdministrativeExpenses": 505000000,
        "sellingAndMarketingExpenses": 0,
        "sellingGeneralAndAdministrativeExpenses": 505000000,
        "otherExpenses": 0,
        "operatingExpenses": 753000000,
        "costAndExpenses": 6146000000,
        "interestIncome": 0,
        "interestExpense": 46000000,
        "depreciationAndAmortization": 151000000,
        "ebitda": 1140000000,
        "ebitdaratio": 0.1548913043,
        "operatingIncome": 1214000000,
        "operatingIncomeRatio": 0.1649456522,
        "totalOtherIncomeExpensesNet": -287000000,
        "incomeBeforeTax": 927000000,
        "incomeBeforeTaxRatio": 0.125951087,
        "incomeTaxExpense": 111000000,
        "netIncome": 832000000,
        "netIncomeRatio": 0.1130434783,
        "eps": 2.92,
        "epsdiluted": 2.92,
        "weightedAverageShsOut": 284700000,
        "weightedAverageShsOutDil": 284700000,
        "link": "https://www.sec.gov/Archives/edgar/data/1047122/000104712219000007/0001047122-19-000007-index.html",
        "finalLink": "https://www.sec.gov/Archives/edgar/data/1047122/000104712219000007/rtn-12312018x10k.htm"
    },
    {
        "date": "2018-09-30",
        "symbol": "RTN",
        "reportedCurrency": "USD",
        "cik": "0001047122",
        "fillingDate": "2018-10-25",
        "acceptedDate": "2018-10-25 11:49:16",
        "calendarYear": "2018",
        "period": "Q3",
        "revenue": 6806000000,
        "costOfRevenue": 4871000000,
        "grossProfit": 1935000000,
        "grossProfitRatio": 0.2843079636,
        "researchAndDevelopmentExpenses": 219000000,
        "generalAndAdministrativeExpenses": 533000000,
        "sellingAndMarketingExpenses": 0,
        "sellingGeneralAndAdministrativeExpenses": 533000000,
        "otherExpenses": 0,
        "operatingExpenses": 752000000,
        "costAndExpenses": 5623000000,
        "interestIncome": 0,
        "interestExpense": 45000000,
        "depreciationAndAmortization": 143000000,
        "ebitda": 827000000,
        "ebitdaratio": 0.121510432,
        "operatingIncome": 1183000000,
        "operatingIncomeRatio": 0.1738172201,
        "totalOtherIncomeExpensesNet": -547000000,
        "incomeBeforeTax": 636000000,
        "incomeBeforeTaxRatio": 0.0934469586,
        "incomeTaxExpense": -5000000,
        "netIncome": 644000000,
        "netIncomeRatio": 0.094622392,
        "eps": 2.25,
        "epsdiluted": 2.25,
        "weightedAverageShsOut": 286000000,
        "weightedAverageShsOutDil": 286000000,
        "link": "https://www.sec.gov/Archives/edgar/data/1047122/000104712218000221/0001047122-18-000221-index.html",
        "finalLink": "https://www.sec.gov/Archives/edgar/data/1047122/000104712218000221/rtn-09302018x10q.htm"
    },
    {
        "date": "2018-07-01",
        "symbol": "RTN",
        "reportedCurrency": "USD",
        "cik": "0001047122",
        "fillingDate": "2018-07-26",
        "acceptedDate": "2018-07-26 10:15:20",
        "calendarYear": "2018",
        "period": "Q2",
        "revenue": 6625000000,
        "costOfRevenue": 4777000000,
        "grossProfit": 1848000000,
        "grossProfitRatio": 0.2789433962,
        "researchAndDevelopmentExpenses": 208000000,
        "generalAndAdministrativeExpenses": 540000000,
        "sellingAndMarketingExpenses": 0,
        "sellingGeneralAndAdministrativeExpenses": 540000000,
        "otherExpenses": 0,
        "operatingExpenses": 748000000,
        "costAndExpenses": 5525000000,
        "interestIncome": 0,
        "interestExpense": 46000000,
        "depreciationAndAmortization": 139000000,
        "ebitda": 1024000000,
        "ebitdaratio": 0.1545660377,
        "operatingIncome": 1100000000,
        "operatingIncomeRatio": 0.1660377358,
        "totalOtherIncomeExpensesNet": -273000000,
        "incomeBeforeTax": 827000000,
        "incomeBeforeTaxRatio": 0.1248301887,
        "incomeTaxExpense": 39000000,
        "netIncome": 800000000,
        "netIncomeRatio": 0.120754717,
        "eps": 2.78,
        "epsdiluted": 2.78,
        "weightedAverageShsOut": 287600000,
        "weightedAverageShsOutDil": 287600000,
        "link": "https://www.sec.gov/Archives/edgar/data/1047122/000104712218000201/0001047122-18-000201-index.html",
        "finalLink": "https://www.sec.gov/Archives/edgar/data/1047122/000104712218000201/rtn-07012018x10q.htm"
    },
    {
        "date": "2018-04-01",
        "symbol": "RTN",
        "reportedCurrency": "USD",
        "cik": "0001047122",
        "fillingDate": "2018-04-26",
        "acceptedDate": "2018-04-26 10:11:46",
        "calendarYear": "2018",
        "period": "Q1",
        "revenue": 6267000000,
        "costOfRevenue": 4532000000,
        "grossProfit": 1735000000,
        "grossProfitRatio": 0.2768469762,
        "researchAndDevelopmentExpenses": 166000000,
        "generalAndAdministrativeExpenses": 528000000,
        "sellingAndMarketingExpenses": 0,
        "sellingGeneralAndAdministrativeExpenses": 528000000,
        "otherExpenses": 0,
        "operatingExpenses": 694000000,
        "costAndExpenses": 5226000000,
        "interestIncome": 0,
        "interestExpense": 47000000,
        "depreciationAndAmortization": 135000000,
        "ebitda": 935000000,
        "ebitdaratio": 0.1491941918,
        "operatingIncome": 1041000000,
        "operatingIncomeRatio": 0.1661081857,
        "totalOtherIncomeExpensesNet": -284000000,
        "incomeBeforeTax": 757000000,
        "incomeBeforeTaxRatio": 0.1207914473,
        "incomeTaxExpense": 120000000,
        "netIncome": 633000000,
        "netIncomeRatio": 0.1010052657,
        "eps": 2.19,
        "epsdiluted": 2.19,
        "weightedAverageShsOut": 288800000,
        "weightedAverageShsOutDil": 288800000,
        "link": "https://www.sec.gov/Archives/edgar/data/1047122/000104712218000128/0001047122-18-000128-index.html",
        "finalLink": "https://www.sec.gov/Archives/edgar/data/1047122/000104712218000128/rtn-04012018x10qq1.htm"
    },
    {
        "date": "2017-12-31",
        "symbol": "RTN",
        "reportedCurrency": "USD",
        "cik": "0001047122",
        "fillingDate": "2018-02-14",
        "acceptedDate": "2018-02-14 10:22:29",
        "calendarYear": "2017",
        "period": "Q4",
        "revenue": 6783000000,
        "costOfRevenue": 4985000000,
        "grossProfit": 1798000000,
        "grossProfitRatio": 0.2650744508,
        "researchAndDevelopmentExpenses": 168000000,
        "generalAndAdministrativeExpenses": 530000000,
        "sellingAndMarketingExpenses": 0,
        "sellingGeneralAndAdministrativeExpenses": 530000000,
        "otherExpenses": 0,
        "operatingExpenses": 698000000,
        "costAndExpenses": 5913000000,
        "interestIncome": 0,
        "interestExpense": 48000000,
        "depreciationAndAmortization": 149000000,
        "ebitda": 866000000,
        "ebitdaratio": 0.1276721215,
        "operatingIncome": 1100000000,
        "operatingIncomeRatio": 0.1621701312,
        "totalOtherIncomeExpensesNet": -266000000,
        "incomeBeforeTax": 834000000,
        "incomeBeforeTaxRatio": 0.1229544449,
        "incomeTaxExpense": 276000000,
        "netIncome": 393000000,
        "netIncomeRatio": 0.0579389651,
        "eps": 1.36,
        "epsdiluted": 1.36,
        "weightedAverageShsOut": 289900000,
        "weightedAverageShsOutDil": 289900000,
        "link": "https://www.sec.gov/Archives/edgar/data/1047122/000104712218000022/0001047122-18-000022-index.html",
        "finalLink": "https://www.sec.gov/Archives/edgar/data/1047122/000104712218000022/rtn-12312017x10k.htm"
    },
    {
        "date": "2017-10-01",
        "symbol": "RTN",
        "reportedCurrency": "USD",
        "cik": "0001047122",
        "fillingDate": "2017-10-26",
        "acceptedDate": "2017-10-26 10:14:26",
        "calendarYear": "2017",
        "period": "Q3",
        "revenue": 6284000000,
        "costOfRevenue": 4468000000,
        "grossProfit": 1816000000,
        "grossProfitRatio": 0.2889879058,
        "researchAndDevelopmentExpenses": 178000000,
        "generalAndAdministrativeExpenses": 510000000,
        "sellingAndMarketingExpenses": 0,
        "sellingGeneralAndAdministrativeExpenses": 510000000,
        "otherExpenses": 0,
        "operatingExpenses": 688000000,
        "costAndExpenses": 5426000000,
        "interestIncome": 0,
        "interestExpense": 48000000,
        "depreciationAndAmortization": 138000000,
        "ebitda": 1006000000,
        "ebitdaratio": 0.1600891152,
        "operatingIncome": 1128000000,
        "operatingIncomeRatio": 0.179503501,
        "totalOtherIncomeExpensesNet": -312000000,
        "incomeBeforeTax": 816000000,
        "incomeBeforeTaxRatio": 0.1298535964,
        "incomeTaxExpense": 248000000,
        "netIncome": 572000000,
        "netIncomeRatio": 0.091024825,
        "eps": 1.97,
        "epsdiluted": 1.97,
        "weightedAverageShsOut": 291000000,
        "weightedAverageShsOutDil": 291000000,
        "link": "https://www.sec.gov/Archives/edgar/data/1047122/000104712217000171/0001047122-17-000171-index.html",
        "finalLink": "https://www.sec.gov/Archives/edgar/data/1047122/000104712217000171/rtn-10012017x10q.htm"
    },
    {
        "date": "2017-07-02",
        "symbol": "RTN",
        "reportedCurrency": "USD",
        "cik": "0001047122",
        "fillingDate": "2017-07-27",
        "acceptedDate": "2017-07-27 10:08:21",
        "calendarYear": "2017",
        "period": "Q2",
        "revenue": 6281000000,
        "costOfRevenue": 4521000000,
        "grossProfit": 1760000000,
        "grossProfitRatio": 0.2802101576,
        "researchAndDevelopmentExpenses": 191000000,
        "generalAndAdministrativeExpenses": 514000000,
        "sellingAndMarketingExpenses": 0,
        "sellingGeneralAndAdministrativeExpenses": 514000000,
        "otherExpenses": 0,
        "operatingExpenses": 705000000,
        "costAndExpenses": 5432000000,
        "interestIncome": 0,
        "interestExpense": 51000000,
        "depreciationAndAmortization": 133000000,
        "ebitda": 958000000,
        "ebitdaratio": 0.1525234835,
        "operatingIncome": 1055000000,
        "operatingIncomeRatio": 0.1679668843,
        "totalOtherIncomeExpensesNet": -287000000,
        "incomeBeforeTax": 768000000,
        "incomeBeforeTaxRatio": 0.1222735233,
        "incomeTaxExpense": 221000000,
        "netIncome": 553000000,
        "netIncomeRatio": 0.0880433052,
        "eps": 1.89,
        "epsdiluted": 1.89,
        "weightedAverageShsOut": 293300000,
        "weightedAverageShsOutDil": 293300000,
        "link": "https://www.sec.gov/Archives/edgar/data/1047122/000104712217000148/0001047122-17-000148-index.html",
        "finalLink": "https://www.sec.gov/Archives/edgar/data/1047122/000104712217000148/rtn-07022017x10q.htm"
    },
    {
        "date": "2017-04-02",
        "symbol": "RTN",
        "reportedCurrency": "USD",
        "cik": "0001047122",
        "fillingDate": "2017-04-27",
        "acceptedDate": "2017-04-27 12:18:01",
        "calendarYear": "2017",
        "period": "Q1",
        "revenue": 6000000000,
        "costOfRevenue": 4366000000,
        "grossProfit": 1634000000,
        "grossProfitRatio": 0.2723333333,
        "researchAndDevelopmentExpenses": 163000000,
        "generalAndAdministrativeExpenses": 523000000,
        "sellingAndMarketingExpenses": 0,
        "sellingGeneralAndAdministrativeExpenses": 523000000,
        "otherExpenses": 0,
        "operatingExpenses": 686000000,
        "costAndExpenses": 5259000000,
        "interestIncome": 0,
        "interestExpense": 58000000,
        "depreciationAndAmortization": 130000000,
        "ebitda": 892000000,
        "ebitdaratio": 0.1486666667,
        "operatingIncome": 948000000,
        "operatingIncomeRatio": 0.158,
        "totalOtherIncomeExpensesNet": -253000000,
        "incomeBeforeTax": 695000000,
        "incomeBeforeTaxRatio": 0.1158333333,
        "incomeTaxExpense": 198000000,
        "netIncome": 506000000,
        "netIncomeRatio": 0.0843333333,
        "eps": 1.73,
        "epsdiluted": 1.73,
        "weightedAverageShsOut": 292800000,
        "weightedAverageShsOutDil": 292800000,
        "link": "https://www.sec.gov/Archives/edgar/data/1047122/000104712217000090/0001047122-17-000090-index.html",
        "finalLink": "https://www.sec.gov/Archives/edgar/data/1047122/000104712217000090/rtn-04022017x10q.htm"
    },
    {
        "date": "2016-12-31",
        "symbol": "RTN",
        "reportedCurrency": "USD",
        "cik": "0001047122",
        "fillingDate": "2017-02-15",
        "acceptedDate": "2017-02-15 09:05:54",
        "calendarYear": "2016",
        "period": "Q4",
        "revenue": 6279000000,
        "costOfRevenue": 4230000000,
        "grossProfit": 2049000000,
        "grossProfitRatio": 0.3263258481,
        "researchAndDevelopmentExpenses": 166000000,
        "generalAndAdministrativeExpenses": 402000000,
        "sellingAndMarketingExpenses": 0,
        "sellingGeneralAndAdministrativeExpenses": 402000000,
        "otherExpenses": 0,
        "operatingExpenses": 568000000,
        "costAndExpenses": 5376000000,
        "interestIncome": 0,
        "interestExpense": 58000000,
        "depreciationAndAmortization": 138000000,
        "ebitda": 1023000000,
        "ebitdaratio": 0.1629240325,
        "operatingIncome": 1481000000,
        "operatingIncomeRatio": 0.2358655837,
        "totalOtherIncomeExpensesNet": -656000000,
        "incomeBeforeTax": 825000000,
        "incomeBeforeTaxRatio": 0.1313903488,
        "incomeTaxExpense": 272000000,
        "netIncome": 555000000,
        "netIncomeRatio": 0.088389871,
        "eps": 1.88,
        "epsdiluted": 1.88,
        "weightedAverageShsOut": 294700000,
        "weightedAverageShsOutDil": 294700000,
        "link": "https://www.sec.gov/Archives/edgar/data/1047122/000104712217000018/0001047122-17-000018-index.html",
        "finalLink": "https://www.sec.gov/Archives/edgar/data/1047122/000104712217000018/rtn-12312016x10k.htm"
    },
    {
        "date": "2016-10-02",
        "symbol": "RTN",
        "reportedCurrency": "USD",
        "cik": "0001047122",
        "fillingDate": "2016-10-27",
        "acceptedDate": "2016-10-27 10:24:42",
        "calendarYear": "2016",
        "period": "Q3",
        "revenue": 6014000000,
        "costOfRevenue": 4474000000,
        "grossProfit": 1540000000,
        "grossProfitRatio": 0.2560691719,
        "researchAndDevelopmentExpenses": 179000000,
        "generalAndAdministrativeExpenses": 531000000,
        "sellingAndMarketingExpenses": 0,
        "sellingGeneralAndAdministrativeExpenses": 531000000,
        "otherExpenses": 0,
        "operatingExpenses": 710000000,
        "costAndExpenses": 5227000000,
        "interestIncome": 0,
        "interestExpense": 58000000,
        "depreciationAndAmortization": 130000000,
        "ebitda": 971000000,
        "ebitdaratio": 0.1614566013,
        "operatingIncome": 830000000,
        "operatingIncomeRatio": 0.138011307,
        "totalOtherIncomeExpensesNet": -50000000,
        "incomeBeforeTax": 780000000,
        "incomeBeforeTaxRatio": 0.1296973728,
        "incomeTaxExpense": 239000000,
        "netIncome": 544000000,
        "netIncomeRatio": 0.0904556036,
        "eps": 1.84,
        "epsdiluted": 1.84,
        "weightedAverageShsOut": 295500000,
        "weightedAverageShsOutDil": 295500000,
        "link": "https://www.sec.gov/Archives/edgar/data/1047122/000104712216000329/0001047122-16-000329-index.html",
        "finalLink": "https://www.sec.gov/Archives/edgar/data/1047122/000104712216000329/rtn-10022016x10q.htm"
    },
    {
        "date": "2016-07-03",
        "symbol": "RTN",
        "reportedCurrency": "USD",
        "cik": "0001047122",
        "fillingDate": "2016-07-28",
        "acceptedDate": "2016-07-28 10:09:11",
        "calendarYear": "2016",
        "period": "Q2",
        "revenue": 6029000000,
        "costOfRevenue": 4362000000,
        "grossProfit": 1667000000,
        "grossProfitRatio": 0.2764969315,
        "researchAndDevelopmentExpenses": 181000000,
        "generalAndAdministrativeExpenses": 514000000,
        "sellingAndMarketingExpenses": 0,
        "sellingGeneralAndAdministrativeExpenses": 514000000,
        "otherExpenses": 0,
        "operatingExpenses": 695000000,
        "costAndExpenses": 5075000000,
        "interestIncome": 0,
        "interestExpense": 58000000,
        "depreciationAndAmortization": 123000000,
        "ebitda": 1103000000,
        "ebitdaratio": 0.1829490794,
        "operatingIncome": 972000000,
        "operatingIncomeRatio": 0.1612207663,
        "totalOtherIncomeExpensesNet": -53000000,
        "incomeBeforeTax": 919000000,
        "incomeBeforeTaxRatio": 0.152429922,
        "incomeTaxExpense": 205000000,
        "netIncome": 717000000,
        "netIncomeRatio": 0.1189251949,
        "eps": 2.41,
        "epsdiluted": 2.41,
        "weightedAverageShsOut": 297600000,
        "weightedAverageShsOutDil": 297600000,
        "link": "https://www.sec.gov/Archives/edgar/data/1047122/000104712216000311/0001047122-16-000311-index.html",
        "finalLink": "https://www.sec.gov/Archives/edgar/data/1047122/000104712216000311/rtn-07032016x10q.htm"
    },
    {
        "date": "2016-04-03",
        "symbol": "RTN",
        "reportedCurrency": "USD",
        "cik": "0001047122",
        "fillingDate": "2016-04-28",
        "acceptedDate": "2016-04-28 10:11:40",
        "calendarYear": "2016",
        "period": "Q1",
        "revenue": 5763000000,
        "costOfRevenue": 4400000000,
        "grossProfit": 1363000000,
        "grossProfitRatio": 0.2365087628,
        "researchAndDevelopmentExpenses": 199000000,
        "generalAndAdministrativeExpenses": 552000000,
        "sellingAndMarketingExpenses": 0,
        "sellingGeneralAndAdministrativeExpenses": 552000000,
        "otherExpenses": 0,
        "operatingExpenses": 751000000,
        "costAndExpenses": 5151000000,
        "interestIncome": 0,
        "interestExpense": 58000000,
        "depreciationAndAmortization": 124000000,
        "ebitda": 767000000,
        "ebitdaratio": 0.1330904043,
        "operatingIncome": 612000000,
        "operatingIncomeRatio": 0.1061946903,
        "totalOtherIncomeExpensesNet": -52000000,
        "incomeBeforeTax": 560000000,
        "incomeBeforeTaxRatio": 0.097171612,
        "incomeTaxExpense": 156000000,
        "netIncome": 429000000,
        "netIncomeRatio": 0.0744403956,
        "eps": 1.43,
        "epsdiluted": 1.43,
        "weightedAverageShsOut": 299600000,
        "weightedAverageShsOutDil": 299600000,
        "link": "https://www.sec.gov/Archives/edgar/data/1047122/000104712216000254/0001047122-16-000254-index.html",
        "finalLink": "https://www.sec.gov/Archives/edgar/data/1047122/000104712216000254/rtn-04032016x10q.htm"
    },
    {
        "date": "2015-12-31",
        "symbol": "RTN",
        "reportedCurrency": "USD",
        "cik": "0001047122",
        "fillingDate": "2016-02-10",
        "acceptedDate": "2016-02-10 08:47:56",
        "calendarYear": "2015",
        "period": "Q4",
        "revenue": 6402000000,
        "costOfRevenue": 4842000000,
        "grossProfit": 1560000000,
        "grossProfitRatio": 0.2436738519,
        "researchAndDevelopmentExpenses": 195000000,
        "generalAndAdministrativeExpenses": 483000000,
        "sellingAndMarketingExpenses": 0,
        "sellingGeneralAndAdministrativeExpenses": 483000000,
        "otherExpenses": 0,
        "operatingExpenses": 678000000,
        "costAndExpenses": 5500000000,
        "interestIncome": 0,
        "interestExpense": 58000000,
        "depreciationAndAmortization": 136000000,
        "ebitda": 1035000000,
        "ebitdaratio": 0.1616682287,
        "operatingIncome": 882000000,
        "operatingIncomeRatio": 0.137769447,
        "totalOtherIncomeExpensesNet": -54000000,
        "incomeBeforeTax": 828000000,
        "incomeBeforeTaxRatio": 0.1293345829,
        "incomeTaxExpense": 234000000,
        "netIncome": 607000000,
        "netIncomeRatio": 0.0948141206,
        "eps": 2.01,
        "epsdiluted": 2.01,
        "weightedAverageShsOut": 302200000,
        "weightedAverageShsOutDil": 302200000,
        "link": "https://www.sec.gov/Archives/edgar/data/1047122/000104712216000210/0001047122-16-000210-index.html",
        "finalLink": "https://www.sec.gov/Archives/edgar/data/1047122/000104712216000210/rtn-1231201510k.htm"
    },
    {
        "date": "2015-09-27",
        "symbol": "RTN",
        "reportedCurrency": "USD",
        "cik": "0001047122",
        "fillingDate": "2015-10-22",
        "acceptedDate": "2015-10-22 10:05:13",
        "calendarYear": "2015",
        "period": "Q3",
        "revenue": 5783000000,
        "costOfRevenue": 4408000000,
        "grossProfit": 1375000000,
        "grossProfitRatio": 0.2377658655,
        "researchAndDevelopmentExpenses": 183000000,
        "generalAndAdministrativeExpenses": 495000000,
        "sellingAndMarketingExpenses": 0,
        "sellingGeneralAndAdministrativeExpenses": 495000000,
        "otherExpenses": 0,
        "operatingExpenses": 678000000,
        "costAndExpenses": 5086000000,
        "interestIncome": 0,
        "interestExpense": 58000000,
        "depreciationAndAmortization": 130000000,
        "ebitda": 824000000,
        "ebitdaratio": 0.1424865987,
        "operatingIncome": 697000000,
        "operatingIncomeRatio": 0.1205256787,
        "totalOtherIncomeExpensesNet": -64000000,
        "incomeBeforeTax": 633000000,
        "incomeBeforeTaxRatio": 0.1094587584,
        "incomeTaxExpense": 189000000,
        "netIncome": 447000000,
        "netIncomeRatio": 0.0772955214,
        "eps": 1.47,
        "epsdiluted": 1.47,
        "weightedAverageShsOut": 304300000,
        "weightedAverageShsOutDil": 304300000,
        "link": "https://www.sec.gov/Archives/edgar/data/1047122/000104712215000196/0001047122-15-000196-index.html",
        "finalLink": "https://www.sec.gov/Archives/edgar/data/1047122/000104712215000196/rtn-09272015x10q.htm"
    },
    {
        "date": "2015-06-28",
        "symbol": "RTN",
        "reportedCurrency": "USD",
        "cik": "0001047122",
        "fillingDate": "2015-07-23",
        "acceptedDate": "2015-07-23 10:05:51",
        "calendarYear": "2015",
        "period": "Q2",
        "revenue": 5848000000,
        "costOfRevenue": 4525000000,
        "grossProfit": 1323000000,
        "grossProfitRatio": 0.2262311902,
        "researchAndDevelopmentExpenses": 186000000,
        "generalAndAdministrativeExpenses": 489000000,
        "sellingAndMarketingExpenses": 0,
        "sellingGeneralAndAdministrativeExpenses": 489000000,
        "otherExpenses": 0,
        "operatingExpenses": 675000000,
        "costAndExpenses": 5200000000,
        "interestIncome": 0,
        "interestExpense": 59000000,
        "depreciationAndAmortization": 116000000,
        "ebitda": 770000000,
        "ebitdaratio": 0.1316689466,
        "operatingIncome": 648000000,
        "operatingIncomeRatio": 0.1108071135,
        "totalOtherIncomeExpensesNet": -56000000,
        "incomeBeforeTax": 592000000,
        "incomeBeforeTaxRatio": 0.1012311902,
        "incomeTaxExpense": 90000000,
        "netIncome": 505000000,
        "netIncomeRatio": 0.0863543092,
        "eps": 1.65,
        "epsdiluted": 1.65,
        "weightedAverageShsOut": 305700000,
        "weightedAverageShsOutDil": 305700000,
        "link": "https://www.sec.gov/Archives/edgar/data/1047122/000104712215000170/0001047122-15-000170-index.html",
        "finalLink": "https://www.sec.gov/Archives/edgar/data/1047122/000104712215000170/rtn-06282015x10q.htm"
    },
    {
        "date": "2015-03-29",
        "symbol": "RTN",
        "reportedCurrency": "USD",
        "cik": "0001047122",
        "fillingDate": "2015-04-23",
        "acceptedDate": "2015-04-23 10:16:17",
        "calendarYear": "2015",
        "period": "Q1",
        "revenue": 5288000000,
        "costOfRevenue": 3833000000,
        "grossProfit": 1455000000,
        "grossProfitRatio": 0.2751512859,
        "researchAndDevelopmentExpenses": 142000000,
        "generalAndAdministrativeExpenses": 473000000,
        "sellingAndMarketingExpenses": 0,
        "sellingGeneralAndAdministrativeExpenses": 473000000,
        "otherExpenses": 0,
        "operatingExpenses": 615000000,
        "costAndExpenses": 4448000000,
        "interestIncome": 0,
        "interestExpense": 58000000,
        "depreciationAndAmortization": 107000000,
        "ebitda": 950000000,
        "ebitdaratio": 0.1796520424,
        "operatingIncome": 840000000,
        "operatingIncomeRatio": 0.1588502269,
        "totalOtherIncomeExpensesNet": -52000000,
        "incomeBeforeTax": 788000000,
        "incomeBeforeTaxRatio": 0.1490166415,
        "incomeTaxExpense": 234000000,
        "netIncome": 551000000,
        "netIncomeRatio": 0.1041981846,
        "eps": 1.79,
        "epsdiluted": 1.79,
        "weightedAverageShsOut": 308600000,
        "weightedAverageShsOutDil": 308600000,
        "link": "https://www.sec.gov/Archives/edgar/data/1047122/000104712215000091/0001047122-15-000091-index.html",
        "finalLink": "https://www.sec.gov/Archives/edgar/data/1047122/000104712215000091/rtn-03292015x10q.htm"
    },
    {
        "date": "2014-12-31",
        "symbol": "RTN",
        "reportedCurrency": "USD",
        "cik": "0001047122",
        "fillingDate": "2015-02-11",
        "acceptedDate": "2015-02-11 08:33:29",
        "calendarYear": "2014",
        "period": "Q4",
        "revenue": 6143000000,
        "costOfRevenue": 4662000000,
        "grossProfit": 1481000000,
        "grossProfitRatio": 0.2410874166,
        "researchAndDevelopmentExpenses": 144000000,
        "generalAndAdministrativeExpenses": 468000000,
        "sellingAndMarketingExpenses": 0,
        "sellingGeneralAndAdministrativeExpenses": 468000000,
        "otherExpenses": 0,
        "operatingExpenses": 612000000,
        "costAndExpenses": 5274000000,
        "interestIncome": 0,
        "interestExpense": 55000000,
        "depreciationAndAmortization": 112000000,
        "ebitda": 987000000,
        "ebitdaratio": 0.1606706821,
        "operatingIncome": 869000000,
        "operatingIncomeRatio": 0.1414618265,
        "totalOtherIncomeExpensesNet": -51000000,
        "incomeBeforeTax": 818000000,
        "incomeBeforeTaxRatio": 0.133159694,
        "incomeTaxExpense": 238000000,
        "netIncome": 582000000,
        "netIncomeRatio": 0.0947419827,
        "eps": 1.88,
        "epsdiluted": 1.88,
        "weightedAverageShsOut": 309600000,
        "weightedAverageShsOutDil": 309600000,
        "link": "https://www.sec.gov/Archives/edgar/data/1047122/000104712215000026/0001047122-15-000026-index.htm",
        "finalLink": "https://www.sec.gov/Archives/edgar/data/1047122/000104712215000026/rtn-1231201410k.htm"
    },
    {
        "date": "2014-09-28",
        "symbol": "RTN",
        "reportedCurrency": "USD",
        "cik": "0001047122",
        "fillingDate": "2014-10-23",
        "acceptedDate": "2014-10-23 10:08:29",
        "calendarYear": "2014",
        "period": "Q3",
        "revenue": 5474000000,
        "costOfRevenue": 4171000000,
        "grossProfit": 1303000000,
        "grossProfitRatio": 0.2380343442,
        "researchAndDevelopmentExpenses": 121000000,
        "generalAndAdministrativeExpenses": 419000000,
        "sellingAndMarketingExpenses": 0,
        "sellingGeneralAndAdministrativeExpenses": 419000000,
        "otherExpenses": 0,
        "operatingExpenses": 540000000,
        "costAndExpenses": 4711000000,
        "interestIncome": 0,
        "interestExpense": 53000000,
        "depreciationAndAmortization": 111000000,
        "ebitda": 872000000,
        "ebitdaratio": 0.159298502,
        "operatingIncome": 763000000,
        "operatingIncomeRatio": 0.1393861893,
        "totalOtherIncomeExpensesNet": -51000000,
        "incomeBeforeTax": 712000000,
        "incomeBeforeTaxRatio": 0.1300694191,
        "incomeTaxExpense": 193000000,
        "netIncome": 515000000,
        "netIncomeRatio": 0.0940811107,
        "eps": 1.65,
        "epsdiluted": 1.65,
        "weightedAverageShsOut": 311400000,
        "weightedAverageShsOutDil": 311400000,
        "link": "https://www.sec.gov/Archives/edgar/data/1047122/000104712214000215/0001047122-14-000215-index.html",
        "finalLink": "https://www.sec.gov/Archives/edgar/data/1047122/000104712214000215/rtn-09282014x10q.htm"
    },
    {
        "date": "2014-06-29",
        "symbol": "RTN",
        "reportedCurrency": "USD",
        "cik": "0001047122",
        "fillingDate": "2014-07-24",
        "acceptedDate": "2014-07-24 10:24:24",
        "calendarYear": "2014",
        "period": "Q2",
        "revenue": 5701000000,
        "costOfRevenue": 4301000000,
        "grossProfit": 1400000000,
        "grossProfitRatio": 0.2455709525,
        "researchAndDevelopmentExpenses": 124000000,
        "generalAndAdministrativeExpenses": 517000000,
        "sellingAndMarketingExpenses": 0,
        "sellingGeneralAndAdministrativeExpenses": 517000000,
        "otherExpenses": 0,
        "operatingExpenses": 641000000,
        "costAndExpenses": 4942000000,
        "interestIncome": 0,
        "interestExpense": 54000000,
        "depreciationAndAmortization": 109000000,
        "ebitda": 926000000,
        "ebitdaratio": 0.1624276443,
        "operatingIncome": 759000000,
        "operatingIncomeRatio": 0.1331345378,
        "totalOtherIncomeExpensesNet": -46000000,
        "incomeBeforeTax": 713000000,
        "incomeBeforeTaxRatio": 0.1250657779,
        "incomeTaxExpense": 212000000,
        "netIncome": 551000000,
        "netIncomeRatio": 0.0966497106,
        "eps": 1.76,
        "epsdiluted": 1.76,
        "weightedAverageShsOut": 313500000,
        "weightedAverageShsOutDil": 313500000,
        "link": "https://www.sec.gov/Archives/edgar/data/1047122/000104712214000183/0001047122-14-000183-index.html",
        "finalLink": "https://www.sec.gov/Archives/edgar/data/1047122/000104712214000183/rtn-06292014x10q.htm"
    },
    {
        "date": "2014-03-30",
        "symbol": "RTN",
        "reportedCurrency": "USD",
        "cik": "0001047122",
        "fillingDate": "2014-04-24",
        "acceptedDate": "2014-04-24 10:14:59",
        "calendarYear": "2014",
        "period": "Q1",
        "revenue": 5508000000,
        "costOfRevenue": 4161000000,
        "grossProfit": 1347000000,
        "grossProfitRatio": 0.2445533769,
        "researchAndDevelopmentExpenses": 111000000,
        "generalAndAdministrativeExpenses": 448000000,
        "sellingAndMarketingExpenses": 0,
        "sellingGeneralAndAdministrativeExpenses": 448000000,
        "otherExpenses": 0,
        "operatingExpenses": 559000000,
        "costAndExpenses": 4720000000,
        "interestIncome": 0,
        "interestExpense": 51000000,
        "depreciationAndAmortization": 107000000,
        "ebitda": 901000000,
        "ebitdaratio": 0.1635802469,
        "operatingIncome": 788000000,
        "operatingIncomeRatio": 0.1430646333,
        "totalOtherIncomeExpensesNet": -48000000,
        "incomeBeforeTax": 740000000,
        "incomeBeforeTaxRatio": 0.1343500363,
        "incomeTaxExpense": 147000000,
        "netIncome": 596000000,
        "netIncomeRatio": 0.1082062455,
        "eps": 1.89,
        "epsdiluted": 1.89,
        "weightedAverageShsOut": 315800000,
        "weightedAverageShsOutDil": 315800000,
        "link": "https://www.sec.gov/Archives/edgar/data/1047122/000104712214000061/0001047122-14-000061-index.html",
        "finalLink": "https://www.sec.gov/Archives/edgar/data/1047122/000104712214000061/rtn-3302014x10q.htm"
    },
    {
        "date": "2013-12-31",
        "symbol": "RTN",
        "reportedCurrency": "USD",
        "cik": "0001047122",
        "fillingDate": "2014-02-11",
        "acceptedDate": "2014-02-11 16:14:06",
        "calendarYear": "2013",
        "period": "Q4",
        "revenue": 5870000000,
        "costOfRevenue": 4640000000,
        "grossProfit": 1230000000,
        "grossProfitRatio": 0.2095400341,
        "researchAndDevelopmentExpenses": -35000000,
        "generalAndAdministrativeExpenses": 1771000000,
        "sellingAndMarketingExpenses": -1215000000,
        "sellingGeneralAndAdministrativeExpenses": 556000000,
        "otherExpenses": 0,
        "operatingExpenses": 521000000,
        "costAndExpenses": 5161000000,
        "interestIncome": 0,
        "interestExpense": 51000000,
        "depreciationAndAmortization": 113000000,
        "ebitda": 895000000,
        "ebitdaratio": 0.1524701874,
        "operatingIncome": 709000000,
        "operatingIncomeRatio": 0.1207836457,
        "totalOtherIncomeExpensesNet": -40000000,
        "incomeBeforeTax": 669000000,
        "incomeBeforeTaxRatio": 0.1139693356,
        "incomeTaxExpense": 200000000,
        "netIncome": 531000000,
        "netIncomeRatio": 0.0904599659,
        "eps": 1.66,
        "epsdiluted": 1.66,
        "weightedAverageShsOut": 319700000,
        "weightedAverageShsOutDil": 319700000,
        "link": "https://www.sec.gov/Archives/edgar/data/1047122/000104712214000013/0001047122-14-000013-index.htm",
        "finalLink": "https://www.sec.gov/Archives/edgar/data/1047122/000104712214000013/rtn-1231201310k.htm"
    },
    {
        "date": "2013-09-29",
        "symbol": "RTN",
        "reportedCurrency": "USD",
        "cik": "0001047122",
        "fillingDate": "2013-10-24",
        "acceptedDate": "2013-10-24 10:36:26",
        "calendarYear": "2013",
        "period": "Q3",
        "revenue": 5842000000,
        "costOfRevenue": 4534000000,
        "grossProfit": 1308000000,
        "grossProfitRatio": 0.2238959261,
        "researchAndDevelopmentExpenses": 164000000,
        "generalAndAdministrativeExpenses": 0,
        "sellingAndMarketingExpenses": 387000000,
        "sellingGeneralAndAdministrativeExpenses": 387000000,
        "otherExpenses": 0,
        "operatingExpenses": 551000000,
        "costAndExpenses": 5085000000,
        "interestIncome": 0,
        "interestExpense": 53000000,
        "depreciationAndAmortization": 111000000,
        "ebitda": 874000000,
        "ebitdaratio": 0.1496062992,
        "operatingIncome": 757000000,
        "operatingIncomeRatio": 0.1295789113,
        "totalOtherIncomeExpensesNet": -45000000,
        "incomeBeforeTax": 712000000,
        "incomeBeforeTaxRatio": 0.1218760698,
        "incomeTaxExpense": 221000000,
        "netIncome": 489000000,
        "netIncomeRatio": 0.0837042109,
        "eps": 1.51,
        "epsdiluted": 1.51,
        "weightedAverageShsOut": 323300000,
        "weightedAverageShsOutDil": 323300000,
        "link": "https://www.sec.gov/Archives/edgar/data/1047122/000104712213000185/0001047122-13-000185-index.html",
        "finalLink": "https://www.sec.gov/Archives/edgar/data/1047122/000104712213000185/rtn-09292013x10q.htm"
    },
    {
        "date": "2013-06-30",
        "symbol": "RTN",
        "reportedCurrency": "USD",
        "cik": "0001047122",
        "fillingDate": "2013-07-25",
        "acceptedDate": "2013-07-25 10:08:08",
        "calendarYear": "2013",
        "period": "Q2",
        "revenue": 6115000000,
        "costOfRevenue": 4753000000,
        "grossProfit": 1362000000,
        "grossProfitRatio": 0.2227309894,
        "researchAndDevelopmentExpenses": 176000000,
        "generalAndAdministrativeExpenses": 0,
        "sellingAndMarketingExpenses": 420000000,
        "sellingGeneralAndAdministrativeExpenses": 420000000,
        "otherExpenses": 0,
        "operatingExpenses": 596000000,
        "costAndExpenses": 5349000000,
        "interestIncome": 0,
        "interestExpense": 53000000,
        "depreciationAndAmortization": 113000000,
        "ebitda": 874000000,
        "ebitdaratio": 0.1429272281,
        "operatingIncome": 766000000,
        "operatingIncomeRatio": 0.12526574,
        "totalOtherIncomeExpensesNet": -53000000,
        "incomeBeforeTax": 713000000,
        "incomeBeforeTaxRatio": 0.1165985282,
        "incomeTaxExpense": 220000000,
        "netIncome": 488000000,
        "netIncomeRatio": 0.0798037612,
        "eps": 1.5,
        "epsdiluted": 1.5,
        "weightedAverageShsOut": 325600000,
        "weightedAverageShsOutDil": 325600000,
        "link": "https://www.sec.gov/Archives/edgar/data/1047122/000104712213000157/0001047122-13-000157-index.html",
        "finalLink": "https://www.sec.gov/Archives/edgar/data/1047122/000104712213000157/rtn-06302013x10q.htm"
    },
    {
        "date": "2013-03-31",
        "symbol": "RTN",
        "reportedCurrency": "USD",
        "cik": "0001047122",
        "fillingDate": "2013-04-25",
        "acceptedDate": "2013-04-25 10:11:30",
        "calendarYear": "2013",
        "period": "Q1",
        "revenue": 5879000000,
        "costOfRevenue": 4605000000,
        "grossProfit": 1274000000,
        "grossProfitRatio": 0.216703521,
        "researchAndDevelopmentExpenses": 160000000,
        "generalAndAdministrativeExpenses": 0,
        "sellingAndMarketingExpenses": 408000000,
        "sellingGeneralAndAdministrativeExpenses": 408000000,
        "otherExpenses": 0,
        "operatingExpenses": 568000000,
        "costAndExpenses": 5173000000,
        "interestIncome": 0,
        "interestExpense": 53000000,
        "depreciationAndAmortization": 108000000,
        "ebitda": 816000000,
        "ebitdaratio": 0.1387991155,
        "operatingIncome": 706000000,
        "operatingIncomeRatio": 0.1200884504,
        "totalOtherIncomeExpensesNet": -43000000,
        "incomeBeforeTax": 663000000,
        "incomeBeforeTaxRatio": 0.1127742813,
        "incomeTaxExpense": 167000000,
        "netIncome": 488000000,
        "netIncomeRatio": 0.0830073142,
        "eps": 1.49,
        "epsdiluted": 1.49,
        "weightedAverageShsOut": 328200000,
        "weightedAverageShsOutDil": 328200000,
        "link": "https://www.sec.gov/Archives/edgar/data/1047122/000104712213000058/0001047122-13-000058-index.html",
        "finalLink": "https://www.sec.gov/Archives/edgar/data/1047122/000104712213000058/rtn-03312013x10q.htm"
    },
    {
        "date": "2012-12-31",
        "symbol": "RTN",
        "reportedCurrency": "USD",
        "cik": "0001047122",
        "fillingDate": "2013-02-13",
        "acceptedDate": "2013-02-13 08:05:12",
        "calendarYear": "2012",
        "period": "Q4",
        "revenue": 6439000000,
        "costOfRevenue": 5092000000,
        "grossProfit": 1347000000,
        "grossProfitRatio": 0.2091939742,
        "researchAndDevelopmentExpenses": 161000000,
        "generalAndAdministrativeExpenses": 0,
        "sellingAndMarketingExpenses": 431000000,
        "sellingGeneralAndAdministrativeExpenses": 431000000,
        "otherExpenses": 0,
        "operatingExpenses": 592000000,
        "costAndExpenses": 5684000000,
        "interestIncome": 0,
        "interestExpense": 52000000,
        "depreciationAndAmortization": 114000000,
        "ebitda": 845000000,
        "ebitdaratio": 0.1312315577,
        "operatingIncome": 755000000,
        "operatingIncomeRatio": 0.117254232,
        "totalOtherIncomeExpensesNet": -77000000,
        "incomeBeforeTax": 678000000,
        "incomeBeforeTaxRatio": 0.1052958534,
        "incomeTaxExpense": 210000000,
        "netIncome": 469000000,
        "netIncomeRatio": 0.0728373971,
        "eps": 1.42,
        "epsdiluted": 1.42,
        "weightedAverageShsOut": 330700000,
        "weightedAverageShsOutDil": 330700000,
        "link": "https://www.sec.gov/Archives/edgar/data/1047122/000104712213000015/0001047122-13-000015-index.html",
        "finalLink": "https://www.sec.gov/Archives/edgar/data/1047122/000104712213000015/rtn-12312012x10k.htm"
    },
    {
        "date": "2012-09-30",
        "symbol": "RTN",
        "reportedCurrency": "USD",
        "cik": "0001047122",
        "fillingDate": "2012-10-25",
        "acceptedDate": "2012-10-25 15:22:38",
        "calendarYear": "2012",
        "period": "Q3",
        "revenue": 6045000000,
        "costOfRevenue": 4689000000,
        "grossProfit": 1356000000,
        "grossProfitRatio": 0.2243176179,
        "researchAndDevelopmentExpenses": 181000000,
        "generalAndAdministrativeExpenses": 0,
        "sellingAndMarketingExpenses": 389000000,
        "sellingGeneralAndAdministrativeExpenses": 389000000,
        "otherExpenses": 0,
        "operatingExpenses": 570000000,
        "costAndExpenses": 5259000000,
        "interestIncome": 0,
        "interestExpense": 49000000,
        "depreciationAndAmortization": 113000000,
        "ebitda": 899000000,
        "ebitdaratio": 0.1487179487,
        "operatingIncome": 786000000,
        "operatingIncomeRatio": 0.1300248139,
        "totalOtherIncomeExpensesNet": -41000000,
        "incomeBeforeTax": 745000000,
        "incomeBeforeTaxRatio": 0.123242349,
        "incomeTaxExpense": 237000000,
        "netIncome": 500000000,
        "netIncomeRatio": 0.0827129859,
        "eps": 1.5,
        "epsdiluted": 1.5,
        "weightedAverageShsOut": 333000000,
        "weightedAverageShsOutDil": 333000000,
        "link": "https://www.sec.gov/Archives/edgar/data/1047122/000104712212000186/0001047122-12-000186-index.html",
        "finalLink": "https://www.sec.gov/Archives/edgar/data/1047122/000104712212000186/rtn-09302012x10q.htm"
    },
    {
        "date": "2012-07-01",
        "symbol": "RTN",
        "reportedCurrency": "USD",
        "cik": "0001047122",
        "fillingDate": "2012-07-26",
        "acceptedDate": "2012-07-26 10:07:26",
        "calendarYear": "2012",
        "period": "Q2",
        "revenue": 5992000000,
        "costOfRevenue": 4652000000,
        "grossProfit": 1340000000,
        "grossProfitRatio": 0.2236315087,
        "researchAndDevelopmentExpenses": 194000000,
        "generalAndAdministrativeExpenses": 0,
        "sellingAndMarketingExpenses": 404000000,
        "sellingGeneralAndAdministrativeExpenses": 404000000,
        "otherExpenses": 0,
        "operatingExpenses": 598000000,
        "costAndExpenses": 5250000000,
        "interestIncome": 0,
        "interestExpense": 50000000,
        "depreciationAndAmortization": 116000000,
        "ebitda": 856000000,
        "ebitdaratio": 0.1428571429,
        "operatingIncome": 742000000,
        "operatingIncomeRatio": 0.1238317757,
        "totalOtherIncomeExpensesNet": -52000000,
        "incomeBeforeTax": 690000000,
        "incomeBeforeTaxRatio": 0.1151535381,
        "incomeTaxExpense": 219000000,
        "netIncome": 471000000,
        "netIncomeRatio": 0.0786048064,
        "eps": 1.41,
        "epsdiluted": 1.41,
        "weightedAverageShsOut": 334400000,
        "weightedAverageShsOutDil": 334400000,
        "link": "https://www.sec.gov/Archives/edgar/data/1047122/000104712212000167/0001047122-12-000167-index.html",
        "finalLink": "https://www.sec.gov/Archives/edgar/data/1047122/000104712212000167/rtn-07012012x10q.htm"
    },
    {
        "date": "2012-04-01",
        "symbol": "RTN",
        "reportedCurrency": "USD",
        "cik": "0001047122",
        "fillingDate": "2012-04-26",
        "acceptedDate": "2012-04-26 10:44:34",
        "calendarYear": "2012",
        "period": "Q1",
        "revenue": 5938000000,
        "costOfRevenue": 4659000000,
        "grossProfit": 1279000000,
        "grossProfitRatio": 0.215392388,
        "researchAndDevelopmentExpenses": 168000000,
        "generalAndAdministrativeExpenses": 0,
        "sellingAndMarketingExpenses": 405000000,
        "sellingGeneralAndAdministrativeExpenses": 405000000,
        "otherExpenses": 0,
        "operatingExpenses": 573000000,
        "costAndExpenses": 5232000000,
        "interestIncome": 0,
        "interestExpense": 50000000,
        "depreciationAndAmortization": 112000000,
        "ebitda": 822000000,
        "ebitdaratio": 0.138430448,
        "operatingIncome": 706000000,
        "operatingIncomeRatio": 0.1188952509,
        "totalOtherIncomeExpensesNet": -40000000,
        "incomeBeforeTax": 666000000,
        "incomeBeforeTaxRatio": 0.1121589761,
        "incomeTaxExpense": 212000000,
        "netIncome": 448000000,
        "netIncomeRatio": 0.0754462782,
        "eps": 1.32,
        "epsdiluted": 1.32,
        "weightedAverageShsOut": 338700000,
        "weightedAverageShsOutDil": 338700000,
        "link": "https://www.sec.gov/Archives/edgar/data/1047122/000104712212000064/0001047122-12-000064-index.htm",
        "finalLink": "https://www.sec.gov/Archives/edgar/data/1047122/000104712212000064/rtn-04012012x10q.htm"
    },
    {
        "date": "2011-12-31",
        "symbol": "RTN",
        "reportedCurrency": "USD",
        "cik": "0001047122",
        "fillingDate": "2012-02-22",
        "acceptedDate": "2012-02-22 16:37:34",
        "calendarYear": "2011",
        "period": "Q4",
        "revenue": 6422000000,
        "costOfRevenue": 5018000000,
        "grossProfit": 1404000000,
        "grossProfitRatio": 0.2186234818,
        "researchAndDevelopmentExpenses": 171000000,
        "generalAndAdministrativeExpenses": -1000000,
        "sellingAndMarketingExpenses": 385000000,
        "sellingGeneralAndAdministrativeExpenses": 384000000,
        "otherExpenses": 0,
        "operatingExpenses": 555000000,
        "costAndExpenses": 5581000000,
        "interestIncome": 0,
        "interestExpense": 45000000,
        "depreciationAndAmortization": 113000000,
        "ebitda": 962000000,
        "ebitdaratio": 0.1497975709,
        "operatingIncome": 849000000,
        "operatingIncomeRatio": 0.1322018063,
        "totalOtherIncomeExpensesNet": -40000000,
        "incomeBeforeTax": 809000000,
        "incomeBeforeTaxRatio": 0.1259732171,
        "incomeTaxExpense": 261000000,
        "netIncome": 543000000,
        "netIncomeRatio": 0.0845530987,
        "eps": 1.57,
        "epsdiluted": 1.57,
        "weightedAverageShsOut": 345100000,
        "weightedAverageShsOutDil": 345100000,
        "link": "https://www.sec.gov/Archives/edgar/data/1047122/000104712212000044/0001047122-12-000044-index.html",
        "finalLink": "https://www.sec.gov/Archives/edgar/data/1047122/000104712212000044/rtn-12312011x10k.htm"
    },
    {
        "date": "2011-10-02",
        "symbol": "RTN",
        "reportedCurrency": "USD",
        "cik": "0001047122",
        "fillingDate": "2011-10-27",
        "acceptedDate": "2011-10-27 11:04:52",
        "calendarYear": "2011",
        "period": "Q3",
        "revenue": 6116000000,
        "costOfRevenue": 4815000000,
        "grossProfit": 1301000000,
        "grossProfitRatio": 0.2127207325,
        "researchAndDevelopmentExpenses": 153000000,
        "generalAndAdministrativeExpenses": -2000000,
        "sellingAndMarketingExpenses": 428000000,
        "sellingGeneralAndAdministrativeExpenses": 426000000,
        "otherExpenses": 0,
        "operatingExpenses": 579000000,
        "costAndExpenses": 5407000000,
        "interestIncome": 0,
        "interestExpense": 41000000,
        "depreciationAndAmortization": 116000000,
        "ebitda": 823000000,
        "ebitdaratio": 0.1345650752,
        "operatingIncome": 722000000,
        "operatingIncomeRatio": 0.1180510137,
        "totalOtherIncomeExpensesNet": -50000000,
        "incomeBeforeTax": 672000000,
        "incomeBeforeTaxRatio": 0.1098757358,
        "incomeTaxExpense": 165000000,
        "netIncome": 501000000,
        "netIncomeRatio": 0.0819162852,
        "eps": 1.43,
        "epsdiluted": 1.43,
        "weightedAverageShsOut": 351400000,
        "weightedAverageShsOutDil": 351400000,
        "link": "https://www.sec.gov/Archives/edgar/data/1047122/000104712211000144/0001047122-11-000144-index.html",
        "finalLink": "https://www.sec.gov/Archives/edgar/data/1047122/000104712211000144/rtn-9302011x10q.htm"
    },
    {
        "date": "2011-07-03",
        "symbol": "RTN",
        "reportedCurrency": "USD",
        "cik": "0001047122",
        "fillingDate": "2011-07-28",
        "acceptedDate": "2011-07-28 11:35:18",
        "calendarYear": "2011",
        "period": "Q2",
        "revenue": 6201000000,
        "costOfRevenue": 4933000000,
        "grossProfit": 1268000000,
        "grossProfitRatio": 0.2044831479,
        "researchAndDevelopmentExpenses": 162000000,
        "generalAndAdministrativeExpenses": -1000000,
        "sellingAndMarketingExpenses": 437000000,
        "sellingGeneralAndAdministrativeExpenses": 436000000,
        "otherExpenses": 0,
        "operatingExpenses": 598000000,
        "costAndExpenses": 5541000000,
        "interestIncome": 0,
        "interestExpense": 43000000,
        "depreciationAndAmortization": 109000000,
        "ebitda": 782000000,
        "ebitdaratio": 0.1261086921,
        "operatingIncome": 670000000,
        "operatingIncomeRatio": 0.1080470892,
        "totalOtherIncomeExpensesNet": -41000000,
        "incomeBeforeTax": 629000000,
        "incomeBeforeTaxRatio": 0.1014352524,
        "incomeTaxExpense": 192000000,
        "netIncome": 438000000,
        "netIncomeRatio": 0.0706337687,
        "eps": 1.23,
        "epsdiluted": 1.23,
        "weightedAverageShsOut": 357100000,
        "weightedAverageShsOutDil": 357100000,
        "link": "https://www.sec.gov/Archives/edgar/data/1047122/000119312511200221/0001193125-11-200221-index.html",
        "finalLink": "https://www.sec.gov/Archives/edgar/data/1047122/000119312511200221/d10q.htm"
    },
    {
        "date": "2011-04-03",
        "symbol": "RTN",
        "reportedCurrency": "USD",
        "cik": "0001047122",
        "fillingDate": "2011-04-28",
        "acceptedDate": "2011-04-28 12:20:45",
        "calendarYear": "2011",
        "period": "Q1",
        "revenue": 6052000000,
        "costOfRevenue": 4898000000,
        "grossProfit": 1154000000,
        "grossProfitRatio": 0.1906807667,
        "researchAndDevelopmentExpenses": 139000000,
        "generalAndAdministrativeExpenses": -2000000,
        "sellingAndMarketingExpenses": 428000000,
        "sellingGeneralAndAdministrativeExpenses": 426000000,
        "otherExpenses": 0,
        "operatingExpenses": 565000000,
        "costAndExpenses": 5471000000,
        "interestIncome": 0,
        "interestExpense": 43000000,
        "depreciationAndAmortization": 106000000,
        "ebitda": 697000000,
        "ebitdaratio": 0.1151685393,
        "operatingIncome": 589000000,
        "operatingIncomeRatio": 0.0973231989,
        "totalOtherIncomeExpensesNet": -39000000,
        "incomeBeforeTax": 550000000,
        "incomeBeforeTaxRatio": 0.0908790482,
        "incomeTaxExpense": 164000000,
        "netIncome": 384000000,
        "netIncomeRatio": 0.0634500991,
        "eps": 1.06,
        "epsdiluted": 1.06,
        "weightedAverageShsOut": 360800000,
        "weightedAverageShsOutDil": 360800000,
        "link": "https://www.sec.gov/Archives/edgar/data/1047122/000119312511114019/0001193125-11-114019-index.html",
        "finalLink": "https://www.sec.gov/Archives/edgar/data/1047122/000119312511114019/d10q.htm"
    },
    {
        "date": "2009-12-31",
        "symbol": "RTN",
        "reportedCurrency": "USD",
        "cik": "0001047122",
        "fillingDate": "2010-02-24",
        "acceptedDate": "2010-02-24 10:09:09",
        "calendarYear": "2009",
        "period": "Q4",
        "revenue": 6667000000,
        "costOfRevenue": 5317000000,
        "grossProfit": 1350000000,
        "grossProfitRatio": 0.2024898755,
        "researchAndDevelopmentExpenses": 158000000,
        "generalAndAdministrativeExpenses": 0,
        "sellingAndMarketingExpenses": 392000000,
        "sellingGeneralAndAdministrativeExpenses": 392000000,
        "otherExpenses": 0,
        "operatingExpenses": 550000000,
        "costAndExpenses": 11184000000,
        "interestIncome": 0,
        "interestExpense": -28000000,
        "depreciationAndAmortization": 107000000,
        "ebitda": 820000000,
        "ebitdaratio": 0.1229938503,
        "operatingIncome": 800000000,
        "operatingIncomeRatio": 0.1199940003,
        "totalOtherIncomeExpensesNet": -46000000,
        "incomeBeforeTax": 754000000,
        "incomeBeforeTaxRatio": 0.1130943453,
        "incomeTaxExpense": 237000000,
        "netIncome": 504000000,
        "netIncomeRatio": 0.0755962202,
        "eps": 1.3,
        "epsdiluted": 1.3,
        "weightedAverageShsOut": 388400000,
        "weightedAverageShsOutDil": 388400000,
        "link": "https://www.sec.gov/Archives/edgar/data/1047122/000119312510038391/0001193125-10-038391-index.html",
        "finalLink": "https://www.sec.gov/Archives/edgar/data/1047122/000119312510038391/d10k.htm"
    },
    {
        "date": "2009-09-27",
        "symbol": "RTN",
        "reportedCurrency": "USD",
        "cik": "0001047122",
        "fillingDate": "2009-10-22",
        "acceptedDate": "2009-10-22 17:23:10",
        "calendarYear": "2009",
        "period": "Q3",
        "revenue": 6205000000,
        "costOfRevenue": 4894000000,
        "grossProfit": 1311000000,
        "grossProfitRatio": 0.2112812248,
        "researchAndDevelopmentExpenses": 145000000,
        "generalAndAdministrativeExpenses": 0,
        "sellingAndMarketingExpenses": 401000000,
        "sellingGeneralAndAdministrativeExpenses": 401000000,
        "otherExpenses": 0,
        "operatingExpenses": 546000000,
        "costAndExpenses": 10334000000,
        "interestIncome": 0,
        "interestExpense": -32000000,
        "depreciationAndAmortization": 101000000,
        "ebitda": 807000000,
        "ebitdaratio": 0.1300564061,
        "operatingIncome": 765000000,
        "operatingIncomeRatio": 0.1232876712,
        "totalOtherIncomeExpensesNet": -18000000,
        "incomeBeforeTax": 747000000,
        "incomeBeforeTaxRatio": 0.1203867849,
        "incomeTaxExpense": 248000000,
        "netIncome": 490000000,
        "netIncomeRatio": 0.0789685737,
        "eps": 1.25,
        "epsdiluted": 1.25,
        "weightedAverageShsOut": 393400000,
        "weightedAverageShsOutDil": 393400000,
        "link": "https://www.sec.gov/Archives/edgar/data/1047122/000119312509212087/0001193125-09-212087-index.html",
        "finalLink": "https://www.sec.gov/Archives/edgar/data/1047122/000119312509212087/d10q.htm"
    },
    {
        "date": "2009-06-28",
        "symbol": "RTN",
        "reportedCurrency": "USD",
        "cik": "0001047122",
        "fillingDate": "2009-07-23",
        "acceptedDate": "2009-07-23 11:48:03",
        "calendarYear": "2009",
        "period": "Q2",
        "revenue": 6125000000,
        "costOfRevenue": 4839000000,
        "grossProfit": 1286000000,
        "grossProfitRatio": 0.2099591837,
        "researchAndDevelopmentExpenses": 151000000,
        "generalAndAdministrativeExpenses": -364000000,
        "sellingAndMarketingExpenses": 734000000,
        "sellingGeneralAndAdministrativeExpenses": 370000000,
        "otherExpenses": 0,
        "operatingExpenses": 521000000,
        "costAndExpenses": 20068000000,
        "interestIncome": 0,
        "interestExpense": -63000000,
        "depreciationAndAmortization": 97000000,
        "ebitda": 769000000,
        "ebitdaratio": 0.1255510204,
        "operatingIncome": 765000000,
        "operatingIncomeRatio": 0.1248979592,
        "totalOtherIncomeExpensesNet": -15000000,
        "incomeBeforeTax": 750000000,
        "incomeBeforeTaxRatio": 0.1224489796,
        "incomeTaxExpense": 246000000,
        "netIncome": 489000000,
        "netIncomeRatio": 0.0798367347,
        "eps": 1.23,
        "epsdiluted": 1.23,
        "weightedAverageShsOut": 397300000,
        "weightedAverageShsOutDil": 397300000,
        "link": "https://www.sec.gov/Archives/edgar/data/1047122/000119312509153752/0001193125-09-153752-index.html",
        "finalLink": "https://www.sec.gov/Archives/edgar/data/1047122/000119312509153752/d10q.htm"
    },
    {
        "date": "2009-03-29",
        "symbol": "RTN",
        "reportedCurrency": "USD",
        "cik": "0001047122",
        "fillingDate": "2009-04-23",
        "acceptedDate": "2009-04-23 11:01:56",
        "calendarYear": "2009",
        "period": "Q1",
        "revenue": 5884000000,
        "costOfRevenue": 4697000000,
        "grossProfit": 1187000000,
        "grossProfitRatio": 0.2017335146,
        "researchAndDevelopmentExpenses": 111000000,
        "generalAndAdministrativeExpenses": 0,
        "sellingAndMarketingExpenses": 364000000,
        "sellingGeneralAndAdministrativeExpenses": 364000000,
        "otherExpenses": 0,
        "operatingExpenses": 475000000,
        "costAndExpenses": 9869000000,
        "interestIncome": 0,
        "interestExpense": -32000000,
        "depreciationAndAmortization": 97000000,
        "ebitda": 739000000,
        "ebitdaratio": 0.1255948334,
        "operatingIncome": 712000000,
        "operatingIncomeRatio": 0.1210061183,
        "totalOtherIncomeExpensesNet": -33000000,
        "incomeBeforeTax": 679000000,
        "incomeBeforeTaxRatio": 0.1153976886,
        "incomeTaxExpense": 222000000,
        "netIncome": 452000000,
        "netIncomeRatio": 0.0768184908,
        "eps": 1.12,
        "epsdiluted": 1.12,
        "weightedAverageShsOut": 404000000,
        "weightedAverageShsOutDil": 404000000,
        "link": "https://www.sec.gov/Archives/edgar/data/1047122/000119312509085370/0001193125-09-085370-index.html",
        "finalLink": "https://www.sec.gov/Archives/edgar/data/1047122/000119312509085370/d10q.htm"
    },
    {
        "date": "2008-12-31",
        "symbol": "RTN",
        "reportedCurrency": "USD",
        "cik": "0001047122",
        "fillingDate": "2009-02-25",
        "acceptedDate": "2009-02-25 11:08:04",
        "calendarYear": "2008",
        "period": "Q4",
        "revenue": 6086000000,
        "costOfRevenue": 4903000000,
        "grossProfit": 1183000000,
        "grossProfitRatio": 0.1943805455,
        "researchAndDevelopmentExpenses": 138000000,
        "generalAndAdministrativeExpenses": 0,
        "sellingAndMarketingExpenses": 392000000,
        "sellingGeneralAndAdministrativeExpenses": 392000000,
        "otherExpenses": 0,
        "operatingExpenses": 530000000,
        "costAndExpenses": 10350000000,
        "interestIncome": 0,
        "interestExpense": -32000000,
        "depreciationAndAmortization": 102000000,
        "ebitda": 680000000,
        "ebitdaratio": 0.1117318436,
        "operatingIncome": 653000000,
        "operatingIncomeRatio": 0.1072954321,
        "totalOtherIncomeExpensesNet": -36000000,
        "incomeBeforeTax": 617000000,
        "incomeBeforeTaxRatio": 0.1013802169,
        "incomeTaxExpense": 189000000,
        "netIncome": 421000000,
        "netIncomeRatio": 0.0691751561,
        "eps": 1.01,
        "epsdiluted": 1.01,
        "weightedAverageShsOut": 416400000,
        "weightedAverageShsOutDil": 416400000,
        "link": "https://www.sec.gov/Archives/edgar/data/1047122/000119312509037012/0001193125-09-037012-index.html",
        "finalLink": "https://www.sec.gov/Archives/edgar/data/1047122/000119312509037012/d10k.htm"
    },
    {
        "date": "2008-09-28",
        "symbol": "RTN",
        "reportedCurrency": "USD",
        "cik": "0001047122",
        "fillingDate": "2008-10-23",
        "acceptedDate": "2008-10-23 12:25:03",
        "calendarYear": "2008",
        "period": "Q3",
        "revenue": 5864000000,
        "costOfRevenue": 4664000000,
        "grossProfit": 1200000000,
        "grossProfitRatio": 0.204638472,
        "researchAndDevelopmentExpenses": 130000000,
        "generalAndAdministrativeExpenses": 0,
        "sellingAndMarketingExpenses": 380000000,
        "sellingGeneralAndAdministrativeExpenses": 380000000,
        "otherExpenses": 0,
        "operatingExpenses": 510000000,
        "costAndExpenses": 9858000000,
        "interestIncome": 0,
        "interestExpense": -29000000,
        "depreciationAndAmortization": 99000000,
        "ebitda": 719000000,
        "ebitdaratio": 0.1226125512,
        "operatingIncome": 690000000,
        "operatingIncomeRatio": 0.1176671214,
        "totalOtherIncomeExpensesNet": -31000000,
        "incomeBeforeTax": 659000000,
        "incomeBeforeTaxRatio": 0.1123806276,
        "incomeTaxExpense": 222000000,
        "netIncome": 427000000,
        "netIncomeRatio": 0.0728171896,
        "eps": 1,
        "epsdiluted": 1,
        "weightedAverageShsOut": 424900000,
        "weightedAverageShsOutDil": 424900000,
        "link": "https://www.sec.gov/Archives/edgar/data/1047122/000119312508215003/0001193125-08-215003-index.html",
        "finalLink": "https://www.sec.gov/Archives/edgar/data/1047122/000119312508215003/d10q.htm"
    },
    {
        "date": "2008-06-29",
        "symbol": "RTN",
        "reportedCurrency": "USD",
        "cik": "0001047122",
        "fillingDate": "2008-07-24",
        "acceptedDate": "2008-07-24 10:02:38",
        "calendarYear": "2008",
        "period": "Q2",
        "revenue": 5870000000,
        "costOfRevenue": 4664000000,
        "grossProfit": 1206000000,
        "grossProfitRatio": 0.205451448,
        "researchAndDevelopmentExpenses": 142000000,
        "generalAndAdministrativeExpenses": 0,
        "sellingAndMarketingExpenses": 396000000,
        "sellingGeneralAndAdministrativeExpenses": 396000000,
        "otherExpenses": 0,
        "operatingExpenses": 538000000,
        "costAndExpenses": 9878000000,
        "interestIncome": 0,
        "interestExpense": -34000000,
        "depreciationAndAmortization": 97000000,
        "ebitda": 710000000,
        "ebitdaratio": 0.1209540034,
        "operatingIncome": 668000000,
        "operatingIncomeRatio": 0.1137989779,
        "totalOtherIncomeExpensesNet": -15000000,
        "incomeBeforeTax": 653000000,
        "incomeBeforeTaxRatio": 0.1112436116,
        "incomeTaxExpense": 221000000,
        "netIncome": 426000000,
        "netIncomeRatio": 0.072572402,
        "eps": 0.99,
        "epsdiluted": 0.99,
        "weightedAverageShsOut": 430000000,
        "weightedAverageShsOutDil": 430000000,
        "link": "https://www.sec.gov/Archives/edgar/data/1047122/000119312508156934/0001193125-08-156934-index.html",
        "finalLink": "https://www.sec.gov/Archives/edgar/data/1047122/000119312508156934/d10q.htm"
    },
    {
        "date": "2008-03-30",
        "symbol": "RTN",
        "reportedCurrency": "USD",
        "cik": "0001047122",
        "fillingDate": "2008-04-24",
        "acceptedDate": "2008-04-24 10:35:17",
        "calendarYear": "2008",
        "period": "Q1",
        "revenue": 5354000000,
        "costOfRevenue": 4258000000,
        "grossProfit": 1096000000,
        "grossProfitRatio": 0.2047067613,
        "researchAndDevelopmentExpenses": 107000000,
        "generalAndAdministrativeExpenses": 0,
        "sellingAndMarketingExpenses": 380000000,
        "sellingGeneralAndAdministrativeExpenses": 380000000,
        "otherExpenses": 0,
        "operatingExpenses": 487000000,
        "costAndExpenses": 9005000000,
        "interestIncome": 0,
        "interestExpense": -34000000,
        "depreciationAndAmortization": 92000000,
        "ebitda": 648000000,
        "ebitdaratio": 0.1210310049,
        "operatingIncome": 609000000,
        "operatingIncomeRatio": 0.1137467314,
        "totalOtherIncomeExpensesNet": -16000000,
        "incomeBeforeTax": 593000000,
        "incomeBeforeTaxRatio": 0.1107583115,
        "incomeTaxExpense": 192000000,
        "netIncome": 398000000,
        "netIncomeRatio": 0.0743369443,
        "eps": 0.92,
        "epsdiluted": 0.92,
        "weightedAverageShsOut": 434700000,
        "weightedAverageShsOutDil": 434700000,
        "link": "https://www.sec.gov/Archives/edgar/data/1047122/000119312508088859/0001193125-08-088859-index.html",
        "finalLink": "https://www.sec.gov/Archives/edgar/data/1047122/000119312508088859/d10q.htm"
    },
    {
        "date": "2007-12-31",
        "symbol": "RTN",
        "reportedCurrency": "USD",
        "cik": "0001047122",
        "fillingDate": "2008-02-27",
        "acceptedDate": "2008-02-27 13:39:54",
        "calendarYear": "2007",
        "period": "Q4",
        "revenue": 6000000000,
        "costOfRevenue": 4837000000,
        "grossProfit": 1163000000,
        "grossProfitRatio": 0.1938333333,
        "researchAndDevelopmentExpenses": 125000000,
        "generalAndAdministrativeExpenses": 125000000,
        "sellingAndMarketingExpenses": 267000000,
        "sellingGeneralAndAdministrativeExpenses": 392000000,
        "otherExpenses": 0,
        "operatingExpenses": 517000000,
        "costAndExpenses": 9300000000,
        "interestIncome": 0,
        "interestExpense": -41000000,
        "depreciationAndAmortization": 97000000,
        "ebitda": 659000000,
        "ebitdaratio": 0.1098333333,
        "operatingIncome": 646000000,
        "operatingIncomeRatio": 0.1076666667,
        "totalOtherIncomeExpensesNet": -7000000,
        "incomeBeforeTax": 639000000,
        "incomeBeforeTaxRatio": 0.1065,
        "incomeTaxExpense": 5000000,
        "netIncome": 598000000,
        "netIncomeRatio": 0.0996666667,
        "eps": 1.37,
        "epsdiluted": 1.37,
        "weightedAverageShsOut": 436800000,
        "weightedAverageShsOutDil": 436800000,
        "link": "https://www.sec.gov/Archives/edgar/data/1047122/000119312508039853/0001193125-08-039853-index.htm",
        "finalLink": "https://www.sec.gov/Archives/edgar/data/1047122/000119312508039853/d10k.htm"
    },
    {
        "date": "2007-09-23",
        "symbol": "RTN",
        "reportedCurrency": "USD",
        "cik": "0001047122",
        "fillingDate": "2007-10-25",
        "acceptedDate": "2007-10-25 12:36:03",
        "calendarYear": "2007",
        "period": "Q3",
        "revenue": 5219000000,
        "costOfRevenue": 4150000000,
        "grossProfit": 1069000000,
        "grossProfitRatio": 0.2048285112,
        "researchAndDevelopmentExpenses": 142000000,
        "generalAndAdministrativeExpenses": -105000000,
        "sellingAndMarketingExpenses": 460000000,
        "sellingGeneralAndAdministrativeExpenses": 355000000,
        "otherExpenses": 0,
        "operatingExpenses": 497000000,
        "costAndExpenses": 9154000000,
        "interestIncome": 0,
        "interestExpense": -41000000,
        "depreciationAndAmortization": 95000000,
        "ebitda": 537000000,
        "ebitdaratio": 0.1028932746,
        "operatingIncome": 572000000,
        "operatingIncomeRatio": 0.1095995401,
        "totalOtherIncomeExpensesNet": -8000000,
        "incomeBeforeTax": 564000000,
        "incomeBeforeTaxRatio": 0.1080666794,
        "incomeTaxExpense": 184000000,
        "netIncome": 299000000,
        "netIncomeRatio": 0.0572906687,
        "eps": 0.67,
        "epsdiluted": 0.67,
        "weightedAverageShsOut": 443000000,
        "weightedAverageShsOutDil": 443000000,
        "link": "https://www.sec.gov/Archives/edgar/data/1047122/000119312507225579/0001193125-07-225579-index.html",
        "finalLink": "https://www.sec.gov/Archives/edgar/data/1047122/000119312507225579/d10q.htm"
    },
    {
        "date": "2007-06-24",
        "symbol": "RTN",
        "reportedCurrency": "USD",
        "cik": "0001047122",
        "fillingDate": "2007-07-26",
        "acceptedDate": "2007-07-26 11:47:51",
        "calendarYear": "2007",
        "period": "Q2",
        "revenue": 5278000000,
        "costOfRevenue": 4194000000,
        "grossProfit": 1084000000,
        "grossProfitRatio": 0.2053808261,
        "researchAndDevelopmentExpenses": 138000000,
        "generalAndAdministrativeExpenses": -10000000,
        "sellingAndMarketingExpenses": 367000000,
        "sellingGeneralAndAdministrativeExpenses": 357000000,
        "otherExpenses": 0,
        "operatingExpenses": 495000000,
        "costAndExpenses": 9157000000,
        "interestIncome": 0,
        "interestExpense": -54000000,
        "depreciationAndAmortization": 94000000,
        "ebitda": 1556000000,
        "ebitdaratio": 0.2948086396,
        "operatingIncome": 589000000,
        "operatingIncomeRatio": 0.1115953013,
        "totalOtherIncomeExpensesNet": -53000000,
        "incomeBeforeTax": 536000000,
        "incomeBeforeTaxRatio": 0.1015536188,
        "incomeTaxExpense": 181000000,
        "netIncome": 1335000000,
        "netIncomeRatio": 0.2529367185,
        "eps": 2.97,
        "epsdiluted": 2.97,
        "weightedAverageShsOut": 448800000,
        "weightedAverageShsOutDil": 448800000,
        "link": "https://www.sec.gov/Archives/edgar/data/1047122/000119312507162623/0001193125-07-162623-index.html",
        "finalLink": "https://www.sec.gov/Archives/edgar/data/1047122/000119312507162623/d10q.htm"
    },
    {
        "date": "2007-03-25",
        "symbol": "RTN",
        "reportedCurrency": "USD",
        "cik": "0001047122",
        "fillingDate": "2007-04-25",
        "acceptedDate": "2007-04-25 10:59:04",
        "calendarYear": "2007",
        "period": "Q1",
        "revenue": 4804000000,
        "costOfRevenue": 3856000000,
        "grossProfit": 948000000,
        "grossProfitRatio": 0.1973355537,
        "researchAndDevelopmentExpenses": 97000000,
        "generalAndAdministrativeExpenses": -10000000,
        "sellingAndMarketingExpenses": 340000000,
        "sellingGeneralAndAdministrativeExpenses": 330000000,
        "otherExpenses": 0,
        "operatingExpenses": 427000000,
        "costAndExpenses": 8399000000,
        "interestIncome": 0,
        "interestExpense": -60000000,
        "depreciationAndAmortization": 86000000,
        "ebitda": 534000000,
        "ebitdaratio": 0.1111573689,
        "operatingIncome": 521000000,
        "operatingIncomeRatio": 0.1084512906,
        "totalOtherIncomeExpensesNet": -35000000,
        "incomeBeforeTax": 486000000,
        "incomeBeforeTaxRatio": 0.1011656953,
        "incomeTaxExpense": 162000000,
        "netIncome": 346000000,
        "netIncomeRatio": 0.0720233139,
        "eps": 0.76,
        "epsdiluted": 0.76,
        "weightedAverageShsOut": 453500000,
        "weightedAverageShsOutDil": 453500000,
        "link": "https://www.sec.gov/Archives/edgar/data/1047122/000119312507089721/0001193125-07-089721-index.html",
        "finalLink": "https://www.sec.gov/Archives/edgar/data/1047122/000119312507089721/d10q.htm"
    },
    {
        "date": "2006-12-31",
        "symbol": "RTN",
        "reportedCurrency": "USD",
        "cik": "0001047122",
        "fillingDate": "2007-02-22",
        "acceptedDate": "2007-02-22 17:18:16",
        "calendarYear": "2006",
        "period": "Q4",
        "revenue": 5561000000,
        "costOfRevenue": 4525000000,
        "grossProfit": 1036000000,
        "grossProfitRatio": 0.1862974285,
        "researchAndDevelopmentExpenses": 122000000,
        "generalAndAdministrativeExpenses": 63000000,
        "sellingAndMarketingExpenses": 298000000,
        "sellingGeneralAndAdministrativeExpenses": 361000000,
        "otherExpenses": 0,
        "operatingExpenses": 483000000,
        "costAndExpenses": 6434000000,
        "interestIncome": 0,
        "interestExpense": -72000000,
        "depreciationAndAmortization": 86000000,
        "ebitda": 548000000,
        "ebitdaratio": 0.0985434274,
        "operatingIncome": 553000000,
        "operatingIncomeRatio": 0.0994425463,
        "totalOtherIncomeExpensesNet": -40000000,
        "incomeBeforeTax": 513000000,
        "incomeBeforeTaxRatio": 0.0922495954,
        "incomeTaxExpense": 169000000,
        "netIncome": 365000000,
        "netIncomeRatio": 0.065635677,
        "eps": 0.81,
        "epsdiluted": 0.81,
        "weightedAverageShsOut": 452300000,
        "weightedAverageShsOutDil": 452300000,
        "link": "https://www.sec.gov/Archives/edgar/data/1047122/000119312507037249/0001193125-07-037249-index.htm",
        "finalLink": "https://www.sec.gov/Archives/edgar/data/1047122/000119312507037249/d10k.htm"
    },
    {
        "date": "2006-09-24",
        "symbol": "RTN",
        "reportedCurrency": "USD",
        "cik": "0001047122",
        "fillingDate": "2006-10-26",
        "acceptedDate": "2006-10-26 12:54:57",
        "calendarYear": "2006",
        "period": "Q3",
        "revenue": 4513000000,
        "costOfRevenue": 3613000000,
        "grossProfit": 900000000,
        "grossProfitRatio": 0.1994238865,
        "researchAndDevelopmentExpenses": 106000000,
        "generalAndAdministrativeExpenses": -76000000,
        "sellingAndMarketingExpenses": 373000000,
        "sellingGeneralAndAdministrativeExpenses": 297000000,
        "otherExpenses": 0,
        "operatingExpenses": 403000000,
        "costAndExpenses": 9812000000,
        "interestIncome": 0,
        "interestExpense": -64000000,
        "depreciationAndAmortization": 91000000,
        "ebitda": 501000000,
        "ebitdaratio": 0.1110126302,
        "operatingIncome": 497000000,
        "operatingIncomeRatio": 0.1101263018,
        "totalOtherIncomeExpensesNet": -49000000,
        "incomeBeforeTax": 448000000,
        "incomeBeforeTaxRatio": 0.0992687791,
        "incomeTaxExpense": 153000000,
        "netIncome": 321000000,
        "netIncomeRatio": 0.0711278529,
        "eps": 0.71,
        "epsdiluted": 0.71,
        "weightedAverageShsOut": 453700000,
        "weightedAverageShsOutDil": 453700000,
        "link": "https://www.sec.gov/Archives/edgar/data/1047122/000119312506215624/0001193125-06-215624-index.htm",
        "finalLink": "https://www.sec.gov/Archives/edgar/data/1047122/000119312506215624/d10q.htm"
    },
    {
        "date": "2006-06-25",
        "symbol": "RTN",
        "reportedCurrency": "USD",
        "cik": "0001047122",
        "fillingDate": "2006-07-27",
        "acceptedDate": "2006-07-27 14:06:54",
        "calendarYear": "2006",
        "period": "Q2",
        "revenue": 4973000000,
        "costOfRevenue": 4032000000,
        "grossProfit": 941000000,
        "grossProfitRatio": 0.1892217977,
        "researchAndDevelopmentExpenses": 135000000,
        "generalAndAdministrativeExpenses": -45000000,
        "sellingAndMarketingExpenses": 390000000,
        "sellingGeneralAndAdministrativeExpenses": 345000000,
        "otherExpenses": 0,
        "operatingExpenses": 480000000,
        "costAndExpenses": 9854000000,
        "interestIncome": 0,
        "interestExpense": -69000000,
        "depreciationAndAmortization": 96000000,
        "ebitda": 480000000,
        "ebitdaratio": 0.0965212146,
        "operatingIncome": 461000000,
        "operatingIncomeRatio": 0.0927005831,
        "totalOtherIncomeExpensesNet": -42000000,
        "incomeBeforeTax": 419000000,
        "incomeBeforeTaxRatio": 0.0842549769,
        "incomeTaxExpense": 143000000,
        "netIncome": 310000000,
        "netIncomeRatio": 0.0623366177,
        "eps": 0.69,
        "epsdiluted": 0.69,
        "weightedAverageShsOut": 450900000,
        "weightedAverageShsOutDil": 450900000,
        "link": "https://www.sec.gov/Archives/edgar/data/1047122/000119312506154741/0001193125-06-154741-index.htm",
        "finalLink": "https://www.sec.gov/Archives/edgar/data/1047122/000119312506154741/d10q.htm"
    },
    {
        "date": "2006-03-26",
        "symbol": "RTN",
        "reportedCurrency": "USD",
        "cik": "0001047122",
        "fillingDate": "2006-04-27",
        "acceptedDate": "2006-04-27 15:04:58",
        "calendarYear": "2006",
        "period": "Q1",
        "revenue": 4660000000,
        "costOfRevenue": 3807000000,
        "grossProfit": 853000000,
        "grossProfitRatio": 0.1830472103,
        "researchAndDevelopmentExpenses": 101000000,
        "generalAndAdministrativeExpenses": -42000000,
        "sellingAndMarketingExpenses": 361000000,
        "sellingGeneralAndAdministrativeExpenses": 319000000,
        "otherExpenses": 0,
        "operatingExpenses": 420000000,
        "costAndExpenses": 8916000000,
        "interestIncome": 0,
        "interestExpense": -68000000,
        "depreciationAndAmortization": 88000000,
        "ebitda": 446000000,
        "ebitdaratio": 0.0957081545,
        "operatingIncome": 433000000,
        "operatingIncomeRatio": 0.0929184549,
        "totalOtherIncomeExpensesNet": -22000000,
        "incomeBeforeTax": 411000000,
        "incomeBeforeTaxRatio": 0.0881974249,
        "incomeTaxExpense": 139000000,
        "netIncome": 287000000,
        "netIncomeRatio": 0.0615879828,
        "eps": 0.64,
        "epsdiluted": 0.64,
        "weightedAverageShsOut": 448800000,
        "weightedAverageShsOutDil": 448800000,
        "link": "https://www.sec.gov/Archives/edgar/data/1047122/000119312506090884/0001193125-06-090884-index.htm",
        "finalLink": "https://www.sec.gov/Archives/edgar/data/1047122/000119312506090884/d10q.htm"
    },
    {
        "date": "2005-12-31",
        "symbol": "RTN",
        "reportedCurrency": "USD",
        "cik": "0001047122",
        "fillingDate": "2006-03-02",
        "acceptedDate": "2006-03-01 19:01:06",
        "calendarYear": "2005",
        "period": "Q4",
        "revenue": 5124000000,
        "costOfRevenue": 4239000000,
        "grossProfit": 885000000,
        "grossProfitRatio": 0.1727166276,
        "researchAndDevelopmentExpenses": 126000000,
        "generalAndAdministrativeExpenses": -57000000,
        "sellingAndMarketingExpenses": 421000000,
        "sellingGeneralAndAdministrativeExpenses": 364000000,
        "otherExpenses": 0,
        "operatingExpenses": 490000000,
        "costAndExpenses": 4729000000,
        "interestIncome": 0,
        "interestExpense": -75000000,
        "depreciationAndAmortization": 21000000,
        "ebitda": 347000000,
        "ebitdaratio": 0.0677205308,
        "operatingIncome": 395000000,
        "operatingIncomeRatio": 0.0770882123,
        "totalOtherIncomeExpensesNet": -39000000,
        "incomeBeforeTax": 356000000,
        "incomeBeforeTaxRatio": 0.0694769711,
        "incomeTaxExpense": 125000000,
        "netIncome": 276000000,
        "netIncomeRatio": 0.0538641686,
        "eps": 0.61,
        "epsdiluted": 0.61,
        "weightedAverageShsOut": 449000000,
        "weightedAverageShsOutDil": 449000000,
        "link": "https://www.sec.gov/Archives/edgar/data/1047122/000119312506042984/0001193125-06-042984-index.htm",
        "finalLink": "https://www.sec.gov/Archives/edgar/data/1047122/000119312506042984/d10k.htm"
    },
    {
        "date": "2005-09-25",
        "symbol": "RTN",
        "reportedCurrency": "USD",
        "cik": "0001047122",
        "fillingDate": "2005-10-27",
        "acceptedDate": "2005-10-27 16:20:49",
        "calendarYear": "2005",
        "period": "Q3",
        "revenue": 4690000000,
        "costOfRevenue": 3913000000,
        "grossProfit": 777000000,
        "grossProfitRatio": 0.1656716418,
        "researchAndDevelopmentExpenses": 105000000,
        "generalAndAdministrativeExpenses": -46000000,
        "sellingAndMarketingExpenses": 348000000,
        "sellingGeneralAndAdministrativeExpenses": 302000000,
        "otherExpenses": 0,
        "operatingExpenses": 407000000,
        "costAndExpenses": 9362000000,
        "interestIncome": 0,
        "interestExpense": -79000000,
        "depreciationAndAmortization": 109000000,
        "ebitda": 365000000,
        "ebitdaratio": 0.0778251599,
        "operatingIncome": 370000000,
        "operatingIncomeRatio": 0.078891258,
        "totalOtherIncomeExpensesNet": -64000000,
        "incomeBeforeTax": 306000000,
        "incomeBeforeTaxRatio": 0.0652452026,
        "incomeTaxExpense": 107000000,
        "netIncome": 228000000,
        "netIncomeRatio": 0.0486140725,
        "eps": 0.5,
        "epsdiluted": 0.5,
        "weightedAverageShsOut": 452100000,
        "weightedAverageShsOutDil": 452100000,
        "link": "https://www.sec.gov/Archives/edgar/data/1047122/000119312505209989/0001193125-05-209989-index.htm",
        "finalLink": "https://www.sec.gov/Archives/edgar/data/1047122/000119312505209989/d10q.htm"
    },
    {
        "date": "2005-06-26",
        "symbol": "RTN",
        "reportedCurrency": "USD",
        "cik": "0001047122",
        "fillingDate": "2005-07-28",
        "acceptedDate": "2005-07-28 11:03:23",
        "calendarYear": "2005",
        "period": "Q2",
        "revenue": 4722000000,
        "costOfRevenue": 3906000000,
        "grossProfit": 816000000,
        "grossProfitRatio": 0.1728081321,
        "researchAndDevelopmentExpenses": 116000000,
        "generalAndAdministrativeExpenses": -36000000,
        "sellingAndMarketingExpenses": 356000000,
        "sellingGeneralAndAdministrativeExpenses": 320000000,
        "otherExpenses": 0,
        "operatingExpenses": 436000000,
        "costAndExpenses": 9472000000,
        "interestIncome": 0,
        "interestExpense": -82000000,
        "depreciationAndAmortization": 110000000,
        "ebitda": 336000000,
        "ebitdaratio": 0.0711562897,
        "operatingIncome": 380000000,
        "operatingIncomeRatio": 0.0804743753,
        "totalOtherIncomeExpensesNet": -73000000,
        "incomeBeforeTax": 307000000,
        "incomeBeforeTaxRatio": 0.0650148242,
        "incomeTaxExpense": 107000000,
        "netIncome": 201000000,
        "netIncomeRatio": 0.042566709,
        "eps": 0.44,
        "epsdiluted": 0.44,
        "weightedAverageShsOut": 455100000,
        "weightedAverageShsOutDil": 455100000,
        "link": "https://www.sec.gov/Archives/edgar/data/1047122/000119312505150910/0001193125-05-150910-index.htm",
        "finalLink": "https://www.sec.gov/Archives/edgar/data/1047122/000119312505150910/d10q.htm"
    },
    {
        "date": "2005-03-27",
        "symbol": "RTN",
        "reportedCurrency": "USD",
        "cik": "0001047122",
        "fillingDate": "2005-04-29",
        "acceptedDate": "2005-04-28 18:29:51",
        "calendarYear": "2005",
        "period": "Q1",
        "revenue": 4502000000,
        "costOfRevenue": 3748000000,
        "grossProfit": 754000000,
        "grossProfitRatio": 0.1674811195,
        "researchAndDevelopmentExpenses": 84000000,
        "generalAndAdministrativeExpenses": -46000000,
        "sellingAndMarketingExpenses": 349000000,
        "sellingGeneralAndAdministrativeExpenses": 303000000,
        "otherExpenses": 0,
        "operatingExpenses": 387000000,
        "costAndExpenses": 8685000000,
        "interestIncome": 0,
        "interestExpense": -76000000,
        "depreciationAndAmortization": 108000000,
        "ebitda": 294000000,
        "ebitdaratio": 0.0653043092,
        "operatingIncome": 367000000,
        "operatingIncomeRatio": 0.0815193247,
        "totalOtherIncomeExpensesNet": -83000000,
        "incomeBeforeTax": 284000000,
        "incomeBeforeTaxRatio": 0.0630830742,
        "incomeTaxExpense": 96000000,
        "netIncome": 166000000,
        "netIncomeRatio": 0.0368725011,
        "eps": 0.36,
        "epsdiluted": 0.36,
        "weightedAverageShsOut": 456600000,
        "weightedAverageShsOutDil": 456600000,
        "link": "https://www.sec.gov/Archives/edgar/data/1047122/000119312505088933/0001193125-05-088933-index.htm",
        "finalLink": "https://www.sec.gov/Archives/edgar/data/1047122/000119312505088933/d10q.htm"
    },
    {
        "date": "2004-12-31",
        "symbol": "RTN",
        "reportedCurrency": "USD",
        "cik": "0001047122",
        "fillingDate": "2005-03-15",
        "acceptedDate": "2005-03-15 13:18:31",
        "calendarYear": "2004",
        "period": "Q4",
        "revenue": 5704000000,
        "costOfRevenue": 4739000000,
        "grossProfit": 965000000,
        "grossProfitRatio": 0.1691795231,
        "researchAndDevelopmentExpenses": 126000000,
        "generalAndAdministrativeExpenses": -12000000,
        "sellingAndMarketingExpenses": 411000000,
        "sellingGeneralAndAdministrativeExpenses": 399000000,
        "otherExpenses": 0,
        "operatingExpenses": 525000000,
        "costAndExpenses": 9991000000,
        "interestIncome": 0,
        "interestExpense": -92000000,
        "depreciationAndAmortization": 28000000,
        "ebitda": 227000000,
        "ebitdaratio": 0.0397966339,
        "operatingIncome": 440000000,
        "operatingIncomeRatio": 0.0771388499,
        "totalOtherIncomeExpensesNet": -148000000,
        "incomeBeforeTax": 292000000,
        "incomeBeforeTaxRatio": 0.0511921459,
        "incomeTaxExpense": 46000000,
        "netIncome": 245000000,
        "netIncomeRatio": 0.0429523142,
        "eps": 0.54,
        "epsdiluted": 0.54,
        "weightedAverageShsOut": 456400000,
        "weightedAverageShsOutDil": 456400000,
        "link": "https://www.sec.gov/Archives/edgar/data/1047122/000119312505050699/0001193125-05-050699-index.html",
        "finalLink": "https://www.sec.gov/Archives/edgar/data/1047122/000119312505050699/d10k.htm"
    },
    {
        "date": "2004-09-26",
        "symbol": "RTN",
        "reportedCurrency": "USD",
        "cik": "0001047122",
        "fillingDate": "2004-10-28",
        "acceptedDate": "2004-10-28 13:05:17",
        "calendarYear": "2004",
        "period": "Q3",
        "revenue": 4936000000,
        "costOfRevenue": 4129000000,
        "grossProfit": 807000000,
        "grossProfitRatio": 0.1634927066,
        "researchAndDevelopmentExpenses": 123000000,
        "generalAndAdministrativeExpenses": -12000000,
        "sellingAndMarketingExpenses": 339000000,
        "sellingGeneralAndAdministrativeExpenses": 327000000,
        "otherExpenses": 0,
        "operatingExpenses": 450000000,
        "costAndExpenses": 8696000000,
        "interestIncome": 0,
        "interestExpense": -100000000,
        "depreciationAndAmortization": 112000000,
        "ebitda": 241000000,
        "ebitdaratio": 0.0488249595,
        "operatingIncome": 357000000,
        "operatingIncomeRatio": 0.0723257699,
        "totalOtherIncomeExpensesNet": -94000000,
        "incomeBeforeTax": 263000000,
        "incomeBeforeTaxRatio": 0.0532820097,
        "incomeTaxExpense": 77000000,
        "netIncome": 152000000,
        "netIncomeRatio": 0.0307941653,
        "eps": 0.34,
        "epsdiluted": 0.34,
        "weightedAverageShsOut": 453500000,
        "weightedAverageShsOutDil": 453500000,
        "link": "https://www.sec.gov/Archives/edgar/data/1047122/000119312504180330/0001193125-04-180330-index.html",
        "finalLink": "https://www.sec.gov/Archives/edgar/data/1047122/000119312504180330/d10q.htm"
    },
    {
        "date": "2004-06-27",
        "symbol": "RTN",
        "reportedCurrency": "USD",
        "cik": "0001047122",
        "fillingDate": "2004-07-29",
        "acceptedDate": "2004-07-29 11:22:59",
        "calendarYear": "2004",
        "period": "Q2",
        "revenue": 4929000000,
        "costOfRevenue": 4117000000,
        "grossProfit": 812000000,
        "grossProfitRatio": 0.164739298,
        "researchAndDevelopmentExpenses": 127000000,
        "generalAndAdministrativeExpenses": -12000000,
        "sellingAndMarketingExpenses": 357000000,
        "sellingGeneralAndAdministrativeExpenses": 345000000,
        "otherExpenses": 0,
        "operatingExpenses": 472000000,
        "costAndExpenses": 8694000000,
        "interestIncome": 0,
        "interestExpense": -109000000,
        "depreciationAndAmortization": 108000000,
        "ebitda": -137000000,
        "ebitdaratio": -0.0277946845,
        "operatingIncome": 340000000,
        "operatingIncomeRatio": 0.068979509,
        "totalOtherIncomeExpensesNet": -462000000,
        "incomeBeforeTax": -122000000,
        "incomeBeforeTaxRatio": -0.0247514709,
        "incomeTaxExpense": -28000000,
        "netIncome": -108000000,
        "netIncomeRatio": -0.0219111382,
        "eps": -0.25,
        "epsdiluted": -0.25,
        "weightedAverageShsOut": 434600000,
        "weightedAverageShsOutDil": 434600000,
        "link": "https://www.sec.gov/Archives/edgar/data/1047122/000119312504126930/0001193125-04-126930-index.html",
        "finalLink": "https://www.sec.gov/Archives/edgar/data/1047122/000119312504126930/d10q.htm"
    },
    {
        "date": "2004-03-28",
        "symbol": "RTN",
        "reportedCurrency": "USD",
        "cik": "0001047122",
        "fillingDate": "2004-04-29",
        "acceptedDate": "2004-04-29 10:05:43",
        "calendarYear": "2004",
        "period": "Q1",
        "revenue": 4676000000,
        "costOfRevenue": 3996000000,
        "grossProfit": 680000000,
        "grossProfitRatio": 0.1454234388,
        "researchAndDevelopmentExpenses": 115000000,
        "generalAndAdministrativeExpenses": -12000000,
        "sellingAndMarketingExpenses": 326000000,
        "sellingGeneralAndAdministrativeExpenses": 314000000,
        "otherExpenses": 0,
        "operatingExpenses": 429000000,
        "costAndExpenses": 8409000000,
        "interestIncome": 0,
        "interestExpense": -117000000,
        "depreciationAndAmortization": 101000000,
        "ebitda": 157000000,
        "ebitdaratio": 0.0335757057,
        "operatingIncome": 251000000,
        "operatingIncomeRatio": 0.0536783576,
        "totalOtherIncomeExpensesNet": -105000000,
        "incomeBeforeTax": 146000000,
        "incomeBeforeTaxRatio": 0.0312232678,
        "incomeTaxExpense": 45000000,
        "netIncome": 128000000,
        "netIncomeRatio": 0.0273738238,
        "eps": 0.3,
        "epsdiluted": 0.3,
        "weightedAverageShsOut": 421300000,
        "weightedAverageShsOutDil": 421300000,
        "link": "https://www.sec.gov/Archives/edgar/data/1047122/000119312504073219/0001193125-04-073219-index.html",
        "finalLink": "https://www.sec.gov/Archives/edgar/data/1047122/000119312504073219/d10q.htm"
    },
    {
        "date": "2003-12-31",
        "symbol": "RTN",
        "reportedCurrency": "USD",
        "cik": "0001047122",
        "fillingDate": "2004-03-15",
        "acceptedDate": "2004-03-15 14:53:06",
        "calendarYear": "2003",
        "period": "Q4",
        "revenue": 5101000000,
        "costOfRevenue": 4232000000,
        "grossProfit": 869000000,
        "grossProfitRatio": 0.1703587532,
        "researchAndDevelopmentExpenses": 121000000,
        "generalAndAdministrativeExpenses": -70000000,
        "sellingAndMarketingExpenses": 354000000,
        "sellingGeneralAndAdministrativeExpenses": 284000000,
        "otherExpenses": 0,
        "operatingExpenses": 405000000,
        "costAndExpenses": 8823000000,
        "interestIncome": 0,
        "interestExpense": -122000000,
        "depreciationAndAmortization": 114000000,
        "ebitda": 287000000,
        "ebitdaratio": 0.0562634777,
        "operatingIncome": 464000000,
        "operatingIncomeRatio": 0.0909625564,
        "totalOtherIncomeExpensesNet": -157000000,
        "incomeBeforeTax": 307000000,
        "incomeBeforeTaxRatio": 0.0601842776,
        "incomeTaxExpense": 90000000,
        "netIncome": 205000000,
        "netIncomeRatio": 0.0401881984,
        "eps": 0.49,
        "epsdiluted": 0.49,
        "weightedAverageShsOut": 418700000,
        "weightedAverageShsOutDil": 418700000,
        "link": "https://www.sec.gov/Archives/edgar/data/1047122/000119312504042073/0001193125-04-042073-index.html",
        "finalLink": "https://www.sec.gov/Archives/edgar/data/1047122/000119312504042073/d10k.htm"
    },
    {
        "date": "2003-09-28",
        "symbol": "RTN",
        "reportedCurrency": "USD",
        "cik": "0001047122",
        "fillingDate": "2003-11-12",
        "acceptedDate": "2003-11-12 13:12:35",
        "calendarYear": "2003",
        "period": "Q3",
        "revenue": 4378000000,
        "costOfRevenue": 3776000000,
        "grossProfit": 602000000,
        "grossProfitRatio": 0.1375057104,
        "researchAndDevelopmentExpenses": 129000000,
        "generalAndAdministrativeExpenses": 0,
        "sellingAndMarketingExpenses": 305000000,
        "sellingGeneralAndAdministrativeExpenses": 305000000,
        "otherExpenses": 0,
        "operatingExpenses": 434000000,
        "costAndExpenses": 7986000000,
        "interestIncome": 0,
        "interestExpense": -137000000,
        "depreciationAndAmortization": 98000000,
        "ebitda": -66000000,
        "ebitdaratio": -0.0150753769,
        "operatingIncome": 168000000,
        "operatingIncomeRatio": 0.0383736866,
        "totalOtherIncomeExpensesNet": -139000000,
        "incomeBeforeTax": 29000000,
        "incomeBeforeTaxRatio": 0.0066240292,
        "incomeTaxExpense": 8000000,
        "netIncome": -35000000,
        "netIncomeRatio": -0.007994518,
        "eps": -0.0838,
        "epsdiluted": -0.0838,
        "weightedAverageShsOut": 417800000,
        "weightedAverageShsOutDil": 417800000,
        "link": "https://www.sec.gov/Archives/edgar/data/1047122/000119312503078092/0001193125-03-078092-index.html",
        "finalLink": "https://www.sec.gov/Archives/edgar/data/1047122/000119312503078092/d10q.htm"
    },
    {
        "date": "2003-06-29",
        "symbol": "RTN",
        "reportedCurrency": "USD",
        "cik": "0001047122",
        "fillingDate": "2003-08-04",
        "acceptedDate": "2003-08-01 18:53:32",
        "calendarYear": "2003",
        "period": "Q2",
        "revenue": 4429000000,
        "costOfRevenue": 3541000000,
        "grossProfit": 888000000,
        "grossProfitRatio": 0.2004967261,
        "researchAndDevelopmentExpenses": 131000000,
        "generalAndAdministrativeExpenses": 41000000,
        "sellingAndMarketingExpenses": 345000000,
        "sellingGeneralAndAdministrativeExpenses": 386000000,
        "otherExpenses": 0,
        "operatingExpenses": 517000000,
        "costAndExpenses": 7616000000,
        "interestIncome": 0,
        "interestExpense": -135000000,
        "depreciationAndAmortization": 92000000,
        "ebitda": 138000000,
        "ebitdaratio": 0.031158275,
        "operatingIncome": 371000000,
        "operatingIncomeRatio": 0.0837660872,
        "totalOtherIncomeExpensesNet": -104000000,
        "incomeBeforeTax": 267000000,
        "incomeBeforeTaxRatio": 0.0602844886,
        "incomeTaxExpense": 81000000,
        "netIncome": 100000000,
        "netIncomeRatio": 0.0225784601,
        "eps": 0.24,
        "epsdiluted": 0.24,
        "weightedAverageShsOut": 414900000,
        "weightedAverageShsOutDil": 414900000,
        "link": "https://www.sec.gov/Archives/edgar/data/1047122/000119312503028018/0001193125-03-028018-index.html",
        "finalLink": "https://www.sec.gov/Archives/edgar/data/1047122/000119312503028018/d10q.htm"
    },
    {
        "date": "2003-03-30",
        "symbol": "RTN",
        "reportedCurrency": "USD",
        "cik": "0001047122",
        "fillingDate": "2003-05-01",
        "acceptedDate": "2003-05-01 11:18:48",
        "calendarYear": "2003",
        "period": "Q1",
        "revenue": 4201000000,
        "costOfRevenue": 3451000000,
        "grossProfit": 750000000,
        "grossProfitRatio": 0.1785289217,
        "researchAndDevelopmentExpenses": 106000000,
        "generalAndAdministrativeExpenses": 29000000,
        "sellingAndMarketingExpenses": 302000000,
        "sellingGeneralAndAdministrativeExpenses": 331000000,
        "otherExpenses": 0,
        "operatingExpenses": 437000000,
        "costAndExpenses": 7368000000,
        "interestIncome": 0,
        "interestExpense": -143000000,
        "depreciationAndAmortization": 89000000,
        "ebitda": 89000000,
        "ebitdaratio": 0.021185432,
        "operatingIncome": 313000000,
        "operatingIncomeRatio": 0.07450607,
        "totalOtherIncomeExpensesNet": -154000000,
        "incomeBeforeTax": 159000000,
        "incomeBeforeTaxRatio": 0.0378481314,
        "incomeTaxExpense": 48000000,
        "netIncome": 95000000,
        "netIncomeRatio": 0.0226136634,
        "eps": 0.23,
        "epsdiluted": 0.23,
        "weightedAverageShsOut": 411100000,
        "weightedAverageShsOutDil": 411100000,
        "link": "https://www.sec.gov/Archives/edgar/data/1047122/000092701603002272/0000927016-03-002272-index.html",
        "finalLink": "https://www.sec.gov/Archives/edgar/data/1047122/000092701603002272/d10q.htm"
    },
    {
        "date": "2002-12-31",
        "symbol": "RTN",
        "reportedCurrency": "USD",
        "cik": "0001047122",
        "fillingDate": "2003-03-24",
        "acceptedDate": "2003-03-24 11:48:47",
        "calendarYear": "2002",
        "period": "Q4",
        "revenue": 4662000000,
        "costOfRevenue": 3751000000,
        "grossProfit": 911000000,
        "grossProfitRatio": 0.1954096954,
        "researchAndDevelopmentExpenses": 112000000,
        "generalAndAdministrativeExpenses": 146000000,
        "sellingAndMarketingExpenses": 307000000,
        "sellingGeneralAndAdministrativeExpenses": 453000000,
        "otherExpenses": 0,
        "operatingExpenses": 565000000,
        "costAndExpenses": 7921000000,
        "interestIncome": 0,
        "interestExpense": -109000000,
        "depreciationAndAmortization": 97000000,
        "ebitda": -23000000,
        "ebitdaratio": -0.0049335049,
        "operatingIncome": 346000000,
        "operatingIncomeRatio": 0.0742170742,
        "totalOtherIncomeExpensesNet": -134000000,
        "incomeBeforeTax": 212000000,
        "incomeBeforeTaxRatio": 0.0454740455,
        "incomeTaxExpense": 57000000,
        "netIncome": -68000000,
        "netIncomeRatio": -0.0145860146,
        "eps": -0.17,
        "epsdiluted": -0.17,
        "weightedAverageShsOut": 409200000,
        "weightedAverageShsOutDil": 409200000,
        "link": "https://www.sec.gov/Archives/edgar/data/1047122/000092701603001276/0000927016-03-001276-index.html",
        "finalLink": "https://www.sec.gov/Archives/edgar/data/1047122/000092701603001276/d10k.htm"
    },
    {
        "date": "2002-09-29",
        "symbol": "RTN",
        "reportedCurrency": "USD",
        "cik": "0001047122",
        "fillingDate": "2002-11-06",
        "acceptedDate": "2002-11-06 13:49:00",
        "calendarYear": "2002",
        "period": "Q3",
        "revenue": 4092000000,
        "costOfRevenue": 3240000000,
        "grossProfit": 852000000,
        "grossProfitRatio": 0.2082111437,
        "researchAndDevelopmentExpenses": 112000000,
        "generalAndAdministrativeExpenses": 285000000,
        "sellingAndMarketingExpenses": 0,
        "sellingGeneralAndAdministrativeExpenses": 285000000,
        "otherExpenses": 0,
        "operatingExpenses": 397000000,
        "costAndExpenses": 3637000000,
        "interestIncome": 0,
        "interestExpense": 0,
        "depreciationAndAmortization": 92000000,
        "ebitda": 340000000,
        "ebitdaratio": 0.0830889541,
        "operatingIncome": 455000000,
        "operatingIncomeRatio": 0.1111925709,
        "totalOtherIncomeExpensesNet": -126000000,
        "incomeBeforeTax": 329000000,
        "incomeBeforeTaxRatio": 0.080400782,
        "incomeTaxExpense": 101000000,
        "netIncome": 147000000,
        "netIncomeRatio": 0.0359237537,
        "eps": 0.36,
        "epsdiluted": 0.36,
        "weightedAverageShsOut": 408700000,
        "weightedAverageShsOutDil": 408700000,
        "link": "https://www.sec.gov/Archives/edgar/data/1047122/000092701602005278/0000927016-02-005278-index.html",
        "finalLink": "https://www.sec.gov/Archives/edgar/data/1047122/000092701602005278/d10q.htm"
    },
    {
        "date": "2002-06-30",
        "symbol": "RTN",
        "reportedCurrency": "USD",
        "cik": "0001047122",
        "fillingDate": "2002-08-14",
        "acceptedDate": "2002-08-14 10:20:37",
        "calendarYear": "2002",
        "period": "Q2",
        "revenue": 4095000000,
        "costOfRevenue": 3207000000,
        "grossProfit": 888000000,
        "grossProfitRatio": 0.2168498168,
        "researchAndDevelopmentExpenses": 121000000,
        "generalAndAdministrativeExpenses": 313000000,
        "sellingAndMarketingExpenses": 0,
        "sellingGeneralAndAdministrativeExpenses": 313000000,
        "otherExpenses": 0,
        "operatingExpenses": 434000000,
        "costAndExpenses": 3641000000,
        "interestIncome": 0,
        "interestExpense": 0,
        "depreciationAndAmortization": 87000000,
        "ebitda": 48000000,
        "ebitdaratio": 0.0117216117,
        "operatingIncome": 454000000,
        "operatingIncomeRatio": 0.1108669109,
        "totalOtherIncomeExpensesNet": -134000000,
        "incomeBeforeTax": 320000000,
        "incomeBeforeTaxRatio": 0.0781440781,
        "incomeTaxExpense": 97000000,
        "netIncome": -136000000,
        "netIncomeRatio": -0.0332112332,
        "eps": -0.33,
        "epsdiluted": -0.33,
        "weightedAverageShsOut": 412900000,
        "weightedAverageShsOutDil": 412900000,
        "link": "https://www.sec.gov/Archives/edgar/data/1047122/000092701602004090/0000927016-02-004090-index.html",
        "finalLink": "https://www.sec.gov/Archives/edgar/data/1047122/000092701602004090/d10q.txt"
    },
    {
        "date": "2002-03-31",
        "symbol": "RTN",
        "reportedCurrency": "USD",
        "cik": "0001047122",
        "fillingDate": "2002-04-24",
        "acceptedDate": "2002-04-24 00:00:00",
        "calendarYear": "2002",
        "period": "Q1",
        "revenue": 3911000000,
        "costOfRevenue": 3160000000,
        "grossProfit": 751000000,
        "grossProfitRatio": 0.1920225006,
        "researchAndDevelopmentExpenses": 104000000,
        "generalAndAdministrativeExpenses": 294000000,
        "sellingAndMarketingExpenses": 0,
        "sellingGeneralAndAdministrativeExpenses": 294000000,
        "otherExpenses": 0,
        "operatingExpenses": 398000000,
        "costAndExpenses": 3558000000,
        "interestIncome": 0,
        "interestExpense": 0,
        "depreciationAndAmortization": 88000000,
        "ebitda": -431000000,
        "ebitdaratio": -0.1102019944,
        "operatingIncome": 353000000,
        "operatingIncomeRatio": 0.090258246,
        "totalOtherIncomeExpensesNet": -140000000,
        "incomeBeforeTax": 213000000,
        "incomeBeforeTaxRatio": 0.0544617745,
        "incomeTaxExpense": 64000000,
        "netIncome": -583000000,
        "netIncomeRatio": -0.1490667349,
        "eps": -1.44,
        "epsdiluted": -1.44,
        "weightedAverageShsOut": 404900000,
        "weightedAverageShsOutDil": 404900000,
        "link": "https://www.sec.gov/Archives/edgar/data/1047122/000092701602002251/0000927016-02-002251-index.html",
        "finalLink": "https://www.sec.gov/Archives/edgar/data/1047122/000092701602002251/d10q.txt"
    },
    {
        "date": "2001-12-31",
        "symbol": "RTN",
        "reportedCurrency": "USD",
        "cik": "0001047122",
        "fillingDate": "2002-03-19",
        "acceptedDate": "2002-03-19 00:00:00",
        "calendarYear": "2001",
        "period": "Q4",
        "revenue": 4393000000,
        "costOfRevenue": 3502000000,
        "grossProfit": 891000000,
        "grossProfitRatio": 0.2028226724,
        "researchAndDevelopmentExpenses": 106000000,
        "generalAndAdministrativeExpenses": 278000000,
        "sellingAndMarketingExpenses": 80000000,
        "sellingGeneralAndAdministrativeExpenses": 358000000,
        "otherExpenses": 0,
        "operatingExpenses": 464000000,
        "costAndExpenses": 3966000000,
        "interestIncome": 0,
        "interestExpense": 0,
        "depreciationAndAmortization": 174000000,
        "ebitda": 219000000,
        "ebitdaratio": 0.0498520373,
        "operatingIncome": 427000000,
        "operatingIncomeRatio": 0.0972000911,
        "totalOtherIncomeExpensesNet": -156000000,
        "incomeBeforeTax": 271000000,
        "incomeBeforeTaxRatio": 0.0616890508,
        "incomeTaxExpense": 203000000,
        "netIncome": -158000000,
        "netIncomeRatio": -0.03596631,
        "eps": -0.41,
        "epsdiluted": -0.41,
        "weightedAverageShsOut": 383200000,
        "weightedAverageShsOutDil": 383200000,
        "link": "https://www.sec.gov/Archives/edgar/data/1047122/000092701602001497/0000927016-02-001497-index.html",
        "finalLink": "https://www.sec.gov/Archives/edgar/data/1047122/000092701602001497/d10k.txt"
    },
    {
        "date": "2001-09-30",
        "symbol": "RTN",
        "reportedCurrency": "USD",
        "cik": "0001047122",
        "fillingDate": "2001-11-14",
        "acceptedDate": "2001-11-14 00:00:00",
        "calendarYear": "2001",
        "period": "Q3",
        "revenue": 3755000000,
        "costOfRevenue": 2897000000,
        "grossProfit": 858000000,
        "grossProfitRatio": 0.2284953395,
        "researchAndDevelopmentExpenses": 105000000,
        "generalAndAdministrativeExpenses": 287000000,
        "sellingAndMarketingExpenses": 830000000,
        "sellingGeneralAndAdministrativeExpenses": 1117000000,
        "otherExpenses": 0,
        "operatingExpenses": 1222000000,
        "costAndExpenses": 4119000000,
        "interestIncome": 0,
        "interestExpense": 0,
        "depreciationAndAmortization": 170000000,
        "ebitda": -382000000,
        "ebitdaratio": -0.1017310253,
        "operatingIncome": -364000000,
        "operatingIncomeRatio": -0.0969374168,
        "totalOtherIncomeExpensesNet": -183000000,
        "incomeBeforeTax": -547000000,
        "incomeBeforeTaxRatio": -0.1456724368,
        "incomeTaxExpense": -267000000,
        "netIncome": -285000000,
        "netIncomeRatio": -0.0758988016,
        "eps": -0.79,
        "epsdiluted": -0.79,
        "weightedAverageShsOut": 359400000,
        "weightedAverageShsOutDil": 359400000,
        "link": "https://www.sec.gov/Archives/edgar/data/1047122/000092701601503748/0000927016-01-503748-index.html",
        "finalLink": "https://www.sec.gov/Archives/edgar/data/1047122/000092701601503748/d10q.txt"
    },
    {
        "date": "2001-07-01",
        "symbol": "RTN",
        "reportedCurrency": "USD",
        "cik": "0001047122",
        "fillingDate": "2001-08-15",
        "acceptedDate": "2001-08-15 00:00:00",
        "calendarYear": "2001",
        "period": "Q2",
        "revenue": 4097000000,
        "costOfRevenue": 3199000000,
        "grossProfit": 898000000,
        "grossProfitRatio": 0.2191847693,
        "researchAndDevelopmentExpenses": 123000000,
        "generalAndAdministrativeExpenses": 296000000,
        "sellingAndMarketingExpenses": 84000000,
        "sellingGeneralAndAdministrativeExpenses": 380000000,
        "otherExpenses": 0,
        "operatingExpenses": 503000000,
        "costAndExpenses": 3702000000,
        "interestIncome": 0,
        "interestExpense": 0,
        "depreciationAndAmortization": 169000000,
        "ebitda": 87000000,
        "ebitdaratio": 0.02123505,
        "operatingIncome": 395000000,
        "operatingIncomeRatio": 0.0964120088,
        "totalOtherIncomeExpensesNet": -153000000,
        "incomeBeforeTax": 242000000,
        "incomeBeforeTaxRatio": 0.0590676104,
        "incomeTaxExpense": 106000000,
        "netIncome": -188000000,
        "netIncomeRatio": -0.0458872346,
        "eps": -0.53,
        "epsdiluted": -0.53,
        "weightedAverageShsOut": 354300000,
        "weightedAverageShsOutDil": 354300000,
        "link": "https://www.sec.gov/Archives/edgar/data/1047122/000092701601502530/0000927016-01-502530-index.html",
        "finalLink": "https://www.sec.gov/Archives/edgar/data/1047122/000092701601502530/d10q.txt"
    },
    {
        "date": "2001-04-01",
        "symbol": "RTN",
        "reportedCurrency": "USD",
        "cik": "0001047122",
        "fillingDate": "2001-04-26",
        "acceptedDate": "2001-04-26 00:00:00",
        "calendarYear": "2001",
        "period": "Q1",
        "revenue": 3772000000,
        "costOfRevenue": 2987000000,
        "grossProfit": 785000000,
        "grossProfitRatio": 0.2081124072,
        "researchAndDevelopmentExpenses": 122000000,
        "generalAndAdministrativeExpenses": 270000000,
        "sellingAndMarketingExpenses": 85000000,
        "sellingGeneralAndAdministrativeExpenses": 355000000,
        "otherExpenses": 0,
        "operatingExpenses": 477000000,
        "costAndExpenses": 3464000000,
        "interestIncome": 0,
        "interestExpense": 0,
        "depreciationAndAmortization": 164000000,
        "ebitda": 104000000,
        "ebitdaratio": 0.0275715801,
        "operatingIncome": 308000000,
        "operatingIncomeRatio": 0.0816542948,
        "totalOtherIncomeExpensesNet": -150000000,
        "incomeBeforeTax": 158000000,
        "incomeBeforeTaxRatio": 0.0418875928,
        "incomeTaxExpense": 64000000,
        "netIncome": -124000000,
        "netIncomeRatio": -0.032873807,
        "eps": -0.36,
        "epsdiluted": -0.36,
        "weightedAverageShsOut": 345100000,
        "weightedAverageShsOutDil": 345100000,
        "link": "https://www.sec.gov/Archives/edgar/data/1047122/000092701601500385/0000927016-01-500385-index.html",
        "finalLink": "https://www.sec.gov/Archives/edgar/data/1047122/000092701601500385/d10q.txt"
    },
    {
        "date": "2000-12-31",
        "symbol": "RTN",
        "reportedCurrency": "USD",
        "cik": "0001047122",
        "fillingDate": "2000-12-31",
        "acceptedDate": "2000-12-30 19:00:00",
        "calendarYear": "2000",
        "period": "Q4",
        "revenue": 4380000000,
        "costOfRevenue": 3443000000,
        "grossProfit": 937000000,
        "grossProfitRatio": 0.2139269406,
        "researchAndDevelopmentExpenses": 131000000,
        "generalAndAdministrativeExpenses": 298000000,
        "sellingAndMarketingExpenses": 0,
        "sellingGeneralAndAdministrativeExpenses": 298000000,
        "otherExpenses": 0,
        "operatingExpenses": 429000000,
        "costAndExpenses": 3872000000,
        "interestIncome": 0,
        "interestExpense": 0,
        "depreciationAndAmortization": 118000000,
        "ebitda": 427000000,
        "ebitdaratio": 0.0974885845,
        "operatingIncome": 508000000,
        "operatingIncomeRatio": 0.1159817352,
        "totalOtherIncomeExpensesNet": -177000000,
        "incomeBeforeTax": 331000000,
        "incomeBeforeTaxRatio": 0.0755707763,
        "incomeTaxExpense": 141000000,
        "netIncome": 168000000,
        "netIncomeRatio": 0.0383561644,
        "eps": 0.49,
        "epsdiluted": 0.49,
        "weightedAverageShsOut": 344100000,
        "weightedAverageShsOutDil": 344100000,
        "link": "",
        "finalLink": ""
    },
    {
        "date": "2000-10-01",
        "symbol": "RTN",
        "reportedCurrency": "USD",
        "cik": "0001047122",
        "fillingDate": "2000-11-15",
        "acceptedDate": "2000-11-15 00:00:00",
        "calendarYear": "2000",
        "period": "Q3",
        "revenue": 4160000000,
        "costOfRevenue": 3317000000,
        "grossProfit": 843000000,
        "grossProfitRatio": 0.2026442308,
        "researchAndDevelopmentExpenses": 122000000,
        "generalAndAdministrativeExpenses": 288000000,
        "sellingAndMarketingExpenses": 0,
        "sellingGeneralAndAdministrativeExpenses": 288000000,
        "otherExpenses": 0,
        "operatingExpenses": 410000000,
        "costAndExpenses": 3727000000,
        "interestIncome": 0,
        "interestExpense": 0,
        "depreciationAndAmortization": 183000000,
        "ebitda": 391000000,
        "ebitdaratio": 0.0939903846,
        "operatingIncome": 433000000,
        "operatingIncomeRatio": 0.1040865385,
        "totalOtherIncomeExpensesNet": -197000000,
        "incomeBeforeTax": 236000000,
        "incomeBeforeTaxRatio": 0.0567307692,
        "incomeTaxExpense": 103000000,
        "netIncome": 105000000,
        "netIncomeRatio": 0.0252403846,
        "eps": 0.31,
        "epsdiluted": 0.31,
        "weightedAverageShsOut": 341600000,
        "weightedAverageShsOutDil": 341600000,
        "link": "https://www.sec.gov/Archives/edgar/data/1047122/000104712200000018/0001047122-00-000018-index.html",
        "finalLink": "https://www.sec.gov/Archives/edgar/data/1047122/000104712200000018/0001047122-00-000018-0001.txt"
    },
    {
        "date": "2000-07-02",
        "symbol": "RTN",
        "reportedCurrency": "USD",
        "cik": "0001047122",
        "fillingDate": "2000-08-16",
        "acceptedDate": "2000-08-16 00:00:00",
        "calendarYear": "2000",
        "period": "Q2",
        "revenue": 4124000000,
        "costOfRevenue": 3289000000,
        "grossProfit": 835000000,
        "grossProfitRatio": 0.2024733269,
        "researchAndDevelopmentExpenses": 150000000,
        "generalAndAdministrativeExpenses": 317000000,
        "sellingAndMarketingExpenses": 0,
        "sellingGeneralAndAdministrativeExpenses": 317000000,
        "otherExpenses": 0,
        "operatingExpenses": 467000000,
        "costAndExpenses": 3756000000,
        "interestIncome": 0,
        "interestExpense": 0,
        "depreciationAndAmortization": 170000000,
        "ebitda": 293000000,
        "ebitdaratio": 0.0710475267,
        "operatingIncome": 368000000,
        "operatingIncomeRatio": 0.0892337536,
        "totalOtherIncomeExpensesNet": -199000000,
        "incomeBeforeTax": 169000000,
        "incomeBeforeTaxRatio": 0.0409796314,
        "incomeTaxExpense": 74000000,
        "netIncome": 49000000,
        "netIncomeRatio": 0.0118816683,
        "eps": 0.14,
        "epsdiluted": 0.14,
        "weightedAverageShsOut": 340000000,
        "weightedAverageShsOutDil": 340000000,
        "link": "https://www.sec.gov/Archives/edgar/data/1047122/000104712200000013/0001047122-00-000013-index.html",
        "finalLink": "https://www.sec.gov/Archives/edgar/data/1047122/000104712200000013/0001047122-00-000013-0001.txt"
    },
    {
        "date": "2000-04-02",
        "symbol": "RTN",
        "reportedCurrency": "USD",
        "cik": "0001047122",
        "fillingDate": "2000-05-17",
        "acceptedDate": "2000-05-17 00:00:00",
        "calendarYear": "2000",
        "period": "Q1",
        "revenue": 4231000000,
        "costOfRevenue": 3481000000,
        "grossProfit": 750000000,
        "grossProfitRatio": 0.1772630584,
        "researchAndDevelopmentExpenses": 123000000,
        "generalAndAdministrativeExpenses": 311000000,
        "sellingAndMarketingExpenses": 0,
        "sellingGeneralAndAdministrativeExpenses": 311000000,
        "otherExpenses": 0,
        "operatingExpenses": 434000000,
        "costAndExpenses": 3915000000,
        "interestIncome": 0,
        "interestExpense": 0,
        "depreciationAndAmortization": 171000000,
        "ebitda": 51000000,
        "ebitdaratio": 0.012053888,
        "operatingIncome": 316000000,
        "operatingIncomeRatio": 0.0746868353,
        "totalOtherIncomeExpensesNet": -175000000,
        "incomeBeforeTax": 141000000,
        "incomeBeforeTaxRatio": 0.033325455,
        "incomeTaxExpense": 61000000,
        "netIncome": -181000000,
        "netIncomeRatio": -0.0427794848,
        "eps": -0.53,
        "epsdiluted": -0.53,
        "weightedAverageShsOut": 338700000,
        "weightedAverageShsOutDil": 338700000,
        "link": "https://www.sec.gov/Archives/edgar/data/1047122/000104712200000011/0001047122-00-000011-index.html",
        "finalLink": "https://www.sec.gov/Archives/edgar/data/1047122/0001047122-00-000011.txt"
    },
    {
        "date": "1999-12-31",
        "symbol": "RTN",
        "reportedCurrency": "USD",
        "cik": "0001047122",
        "fillingDate": "2000-03-28",
        "acceptedDate": "2000-03-28 00:00:00",
        "calendarYear": "1999",
        "period": "Q4",
        "revenue": 4178000000,
        "costOfRevenue": 3326000000,
        "grossProfit": 852000000,
        "grossProfitRatio": 0.2039253231,
        "researchAndDevelopmentExpenses": 147000000,
        "generalAndAdministrativeExpenses": 387000000,
        "sellingAndMarketingExpenses": 0,
        "sellingGeneralAndAdministrativeExpenses": 387000000,
        "otherExpenses": 0,
        "operatingExpenses": 534000000,
        "costAndExpenses": 3860000000,
        "interestIncome": 0,
        "interestExpense": 0,
        "depreciationAndAmortization": 195000000,
        "ebitda": 355000000,
        "ebitdaratio": 0.0849688846,
        "operatingIncome": 318000000,
        "operatingIncomeRatio": 0.0761129727,
        "totalOtherIncomeExpensesNet": -156000000,
        "incomeBeforeTax": 162000000,
        "incomeBeforeTaxRatio": 0.0387745333,
        "incomeTaxExpense": 88000000,
        "netIncome": 72000000,
        "netIncomeRatio": 0.0172331259,
        "eps": 0.21,
        "epsdiluted": 0.21,
        "weightedAverageShsOut": 341200000,
        "weightedAverageShsOutDil": 341200000,
        "link": "https://www.sec.gov/Archives/edgar/data/1047122/000104712200000007/0001047122-00-000007-index.html",
        "finalLink": "https://www.sec.gov/Archives/edgar/data/1047122/0001047122-00-000007.txt"
    },
    {
        "date": "1999-10-03",
        "symbol": "RTN",
        "reportedCurrency": "USD",
        "cik": "0001047122",
        "fillingDate": "1999-11-17",
        "acceptedDate": "1999-11-17 00:00:00",
        "calendarYear": "1999",
        "period": "Q3",
        "revenue": 4122000000,
        "costOfRevenue": 3577000000,
        "grossProfit": 545000000,
        "grossProfitRatio": 0.1322173702,
        "researchAndDevelopmentExpenses": 115000000,
        "generalAndAdministrativeExpenses": 361000000,
        "sellingAndMarketingExpenses": 0,
        "sellingGeneralAndAdministrativeExpenses": 361000000,
        "otherExpenses": 0,
        "operatingExpenses": 476000000,
        "costAndExpenses": 4053000000,
        "interestIncome": 0,
        "interestExpense": 0,
        "depreciationAndAmortization": 171000000,
        "ebitda": -21000000,
        "ebitdaratio": -0.0050946143,
        "operatingIncome": 69000000,
        "operatingIncomeRatio": 0.0167394469,
        "totalOtherIncomeExpensesNet": -187000000,
        "incomeBeforeTax": -118000000,
        "incomeBeforeTaxRatio": -0.0286268802,
        "incomeTaxExpense": -29000000,
        "netIncome": -163000000,
        "netIncomeRatio": -0.0395439107,
        "eps": -0.48,
        "epsdiluted": -0.48,
        "weightedAverageShsOut": 338000000,
        "weightedAverageShsOutDil": 338000000,
        "link": "https://www.sec.gov/Archives/edgar/data/1047122/000100547799005435/0001005477-99-005435-index.html",
        "finalLink": "https://www.sec.gov/Archives/edgar/data/1047122/0001005477-99-005435.txt"
    },
    {
        "date": "1999-07-04",
        "symbol": "RTN",
        "reportedCurrency": "USD",
        "cik": "0001047122",
        "fillingDate": "1999-08-18",
        "acceptedDate": "1999-08-18 00:00:00",
        "calendarYear": "1999",
        "period": "Q2",
        "revenue": 4565000000,
        "costOfRevenue": 3440000000,
        "grossProfit": 1125000000,
        "grossProfitRatio": 0.2464403067,
        "researchAndDevelopmentExpenses": 135000000,
        "generalAndAdministrativeExpenses": 364000000,
        "sellingAndMarketingExpenses": 0,
        "sellingGeneralAndAdministrativeExpenses": 364000000,
        "otherExpenses": 0,
        "operatingExpenses": 499000000,
        "costAndExpenses": 3939000000,
        "interestIncome": 0,
        "interestExpense": 0,
        "depreciationAndAmortization": 161000000,
        "ebitda": 633000000,
        "ebitdaratio": 0.1386637459,
        "operatingIncome": 626000000,
        "operatingIncomeRatio": 0.1371303395,
        "totalOtherIncomeExpensesNet": -167000000,
        "incomeBeforeTax": 459000000,
        "incomeBeforeTaxRatio": 0.1005476451,
        "incomeTaxExpense": 182000000,
        "netIncome": 290000000,
        "netIncomeRatio": 0.0635268346,
        "eps": 0.84,
        "epsdiluted": 0.84,
        "weightedAverageShsOut": 343700000,
        "weightedAverageShsOutDil": 343700000,
        "link": "https://www.sec.gov/Archives/edgar/data/1047122/000104712299000019/0001047122-99-000019-index.html",
        "finalLink": "https://www.sec.gov/Archives/edgar/data/1047122/0001047122-99-000019.txt"
    },
    {
        "date": "1999-04-04",
        "symbol": "RTN",
        "reportedCurrency": "USD",
        "cik": "0001047122",
        "fillingDate": "1999-05-19",
        "acceptedDate": "1999-05-19 00:00:00",
        "calendarYear": "1999",
        "period": "Q1",
        "revenue": 4336000000,
        "costOfRevenue": 3341000000,
        "grossProfit": 995000000,
        "grossProfitRatio": 0.2294741697,
        "researchAndDevelopmentExpenses": 111000000,
        "generalAndAdministrativeExpenses": 305000000,
        "sellingAndMarketingExpenses": 0,
        "sellingGeneralAndAdministrativeExpenses": 305000000,
        "otherExpenses": 0,
        "operatingExpenses": 416000000,
        "costAndExpenses": 3757000000,
        "interestIncome": 0,
        "interestExpense": 0,
        "depreciationAndAmortization": 172000000,
        "ebitda": 532000000,
        "ebitdaratio": 0.1226937269,
        "operatingIncome": 579000000,
        "operatingIncomeRatio": 0.1335332103,
        "totalOtherIncomeExpensesNet": -184000000,
        "incomeBeforeTax": 395000000,
        "incomeBeforeTaxRatio": 0.091097786,
        "incomeTaxExpense": 155000000,
        "netIncome": 205000000,
        "netIncomeRatio": 0.0472785978,
        "eps": 0.6,
        "epsdiluted": 0.6,
        "weightedAverageShsOut": 340200000,
        "weightedAverageShsOutDil": 340200000,
        "link": "https://www.sec.gov/Archives/edgar/data/1047122/000104712299000004/0001047122-99-000004-index.html",
        "finalLink": "https://www.sec.gov/Archives/edgar/data/1047122/0001047122-99-000004.txt"
    },
    {
        "date": "1998-12-31",
        "symbol": "RTN",
        "reportedCurrency": "USD",
        "cik": "0001047122",
        "fillingDate": "1999-03-30",
        "acceptedDate": "1999-03-30 00:00:00",
        "calendarYear": "1998",
        "period": "Q4",
        "revenue": 5442000000,
        "costOfRevenue": 4073000000,
        "grossProfit": 1369000000,
        "grossProfitRatio": 0.2515619258,
        "researchAndDevelopmentExpenses": 150000000,
        "generalAndAdministrativeExpenses": 458000000,
        "sellingAndMarketingExpenses": 0,
        "sellingGeneralAndAdministrativeExpenses": 458000000,
        "otherExpenses": 0,
        "operatingExpenses": 608000000,
        "costAndExpenses": 4681000000,
        "interestIncome": 0,
        "interestExpense": 0,
        "depreciationAndAmortization": 146000000,
        "ebitda": 762000000,
        "ebitdaratio": 0.1400220507,
        "operatingIncome": 761000000,
        "operatingIncomeRatio": 0.1398382947,
        "totalOtherIncomeExpensesNet": -145000000,
        "incomeBeforeTax": 616000000,
        "incomeBeforeTaxRatio": 0.1131936788,
        "incomeTaxExpense": 248000000,
        "netIncome": 368000000,
        "netIncomeRatio": 0.0676221977,
        "eps": 1.08,
        "epsdiluted": 1.08,
        "weightedAverageShsOut": 339600000,
        "weightedAverageShsOutDil": 339600000,
        "link": "https://www.sec.gov/Archives/edgar/data/1047122/000104712299000002/0001047122-99-000002-index.html",
        "finalLink": "https://www.sec.gov/Archives/edgar/data/1047122/0001047122-99-000002.txt"
    },
    {
        "date": "1998-09-27",
        "symbol": "RTN",
        "reportedCurrency": "USD",
        "cik": "0001047122",
        "fillingDate": "1998-11-02",
        "acceptedDate": "1998-11-02 00:00:00",
        "calendarYear": "1998",
        "period": "Q3",
        "revenue": 4436000000,
        "costOfRevenue": 3678000000,
        "grossProfit": 758000000,
        "grossProfitRatio": 0.1708746619,
        "researchAndDevelopmentExpenses": 134000000,
        "generalAndAdministrativeExpenses": 404000000,
        "sellingAndMarketingExpenses": 0,
        "sellingGeneralAndAdministrativeExpenses": 404000000,
        "otherExpenses": 0,
        "operatingExpenses": 538000000,
        "costAndExpenses": 4216000000,
        "interestIncome": 0,
        "interestExpense": 0,
        "depreciationAndAmortization": 195000000,
        "ebitda": 242000000,
        "ebitdaratio": 0.0545536519,
        "operatingIncome": 220000000,
        "operatingIncomeRatio": 0.049594229,
        "totalOtherIncomeExpensesNet": -173000000,
        "incomeBeforeTax": 47000000,
        "incomeBeforeTaxRatio": 0.0105951307,
        "incomeTaxExpense": 36000000,
        "netIncome": 11000000,
        "netIncomeRatio": 0.0024797115,
        "eps": 0.0322,
        "epsdiluted": 0.0322,
        "weightedAverageShsOut": 341500000,
        "weightedAverageShsOutDil": 341500000,
        "link": "https://www.sec.gov/Archives/edgar/data/1047122/000104712298000021/0001047122-98-000021-index.html",
        "finalLink": "https://www.sec.gov/Archives/edgar/data/1047122/0001047122-98-000021.txt"
    },
    {
        "date": "1998-06-28",
        "symbol": "RTN",
        "reportedCurrency": "USD",
        "cik": "0001047122",
        "fillingDate": "1998-08-12",
        "acceptedDate": "1998-08-12 00:00:00",
        "calendarYear": "1998",
        "period": "Q2",
        "revenue": 5078000000,
        "costOfRevenue": 3939000000,
        "grossProfit": 1139000000,
        "grossProfitRatio": 0.2243009059,
        "researchAndDevelopmentExpenses": 154000000,
        "generalAndAdministrativeExpenses": 456000000,
        "sellingAndMarketingExpenses": 0,
        "sellingGeneralAndAdministrativeExpenses": 456000000,
        "otherExpenses": 0,
        "operatingExpenses": 610000000,
        "costAndExpenses": 4549000000,
        "interestIncome": 0,
        "interestExpense": 0,
        "depreciationAndAmortization": 197000000,
        "ebitda": 643000000,
        "ebitdaratio": 0.1266246554,
        "operatingIncome": 529000000,
        "operatingIncomeRatio": 0.104174872,
        "totalOtherIncomeExpensesNet": -83000000,
        "incomeBeforeTax": 446000000,
        "incomeBeforeTaxRatio": 0.0878298543,
        "incomeTaxExpense": 176000000,
        "netIncome": 270000000,
        "netIncomeRatio": 0.0531705396,
        "eps": 0.79,
        "epsdiluted": 0.79,
        "weightedAverageShsOut": 343100000,
        "weightedAverageShsOutDil": 343100000,
        "link": "https://www.sec.gov/Archives/edgar/data/1047122/000104712298000018/0001047122-98-000018-index.html",
        "finalLink": "https://www.sec.gov/Archives/edgar/data/1047122/0001047122-98-000018.txt"
    }
]