[
    {
        "date": "2025-06-30",
        "symbol": "RYN",
        "reportedCurrency": "USD",
        "cik": "0000052827",
        "fillingDate": "2025-08-08",
        "acceptedDate": "2025-08-08 17:21:20",
        "calendarYear": "2025",
        "period": "Q2",
        "revenue": 106500000,
        "costOfRevenue": 74900000,
        "grossProfit": 31600000,
        "grossProfitRatio": 0.296713615,
        "researchAndDevelopmentExpenses": 0,
        "generalAndAdministrativeExpenses": 0,
        "sellingAndMarketingExpenses": 0,
        "sellingGeneralAndAdministrativeExpenses": 0,
        "otherExpenses": 17100000,
        "operatingExpenses": 17100000,
        "costAndExpenses": 92000000,
        "interestIncome": 2327000,
        "interestExpense": 6542000,
        "depreciationAndAmortization": 28200000,
        "ebitda": 42700000,
        "ebitdaratio": 0.4009389671,
        "operatingIncome": 14500000,
        "operatingIncomeRatio": 0.1361502347,
        "totalOtherIncomeExpensesNet": -4700000,
        "incomeBeforeTax": 9800000,
        "incomeBeforeTaxRatio": 0.0920187793,
        "incomeTaxExpense": -398900000,
        "netIncome": 408700000,
        "netIncomeRatio": 3.8375586854,
        "eps": 2.63,
        "epsdiluted": 2.63,
        "weightedAverageShsOut": 155536000,
        "weightedAverageShsOutDil": 157728000,
        "link": "https://www.sec.gov/Archives/edgar/data/52827/000005282725000164/0000052827-25-000164-index.htm",
        "finalLink": "https://www.sec.gov/Archives/edgar/data/52827/000005282725000164/ryn-20250630.htm"
    },
    {
        "date": "2025-03-31",
        "symbol": "RYN",
        "reportedCurrency": "USD",
        "cik": "0000052827",
        "fillingDate": "2025-05-02",
        "acceptedDate": "2025-05-02 17:00:16",
        "calendarYear": "2025",
        "period": "Q1",
        "revenue": 82900000,
        "costOfRevenue": 65000000,
        "grossProfit": 17900000,
        "grossProfitRatio": 0.2159227986,
        "researchAndDevelopmentExpenses": 0,
        "generalAndAdministrativeExpenses": 0,
        "sellingAndMarketingExpenses": 0,
        "sellingGeneralAndAdministrativeExpenses": 16692000,
        "otherExpenses": 1108000,
        "operatingExpenses": 17800000,
        "costAndExpenses": 82800000,
        "interestIncome": 2900000,
        "interestExpense": 6418000,
        "depreciationAndAmortization": 23500000,
        "ebitda": 23600000,
        "ebitdaratio": 0.2846803378,
        "operatingIncome": 100000,
        "operatingIncomeRatio": 0.0012062726,
        "totalOtherIncomeExpensesNet": -5400000,
        "incomeBeforeTax": -5300000,
        "incomeBeforeTaxRatio": -0.0639324487,
        "incomeTaxExpense": 291000,
        "netIncome": -3400000,
        "netIncomeRatio": -0.041013269,
        "eps": -0.0384,
        "epsdiluted": -0.0223,
        "weightedAverageShsOut": 153677854,
        "weightedAverageShsOutDil": 153677854,
        "link": "https://www.sec.gov/Archives/edgar/data/52827/000005282725000101/0000052827-25-000101-index.htm",
        "finalLink": "https://www.sec.gov/Archives/edgar/data/52827/000005282725000101/ryn-20250331.htm"
    },
    {
        "date": "2024-12-31",
        "symbol": "RYN",
        "reportedCurrency": "USD",
        "cik": "0000052827",
        "fillingDate": "2025-02-21",
        "acceptedDate": "2025-02-21 16:59:21",
        "calendarYear": "2024",
        "period": "Q4",
        "revenue": 726300000,
        "costOfRevenue": 365780000,
        "grossProfit": 360520000,
        "grossProfitRatio": 0.4963789068,
        "researchAndDevelopmentExpenses": 0,
        "generalAndAdministrativeExpenses": 19128000,
        "sellingAndMarketingExpenses": 0,
        "sellingGeneralAndAdministrativeExpenses": 16422999,
        "otherExpenses": -2114999,
        "operatingExpenses": 14308000,
        "costAndExpenses": 380100000,
        "interestIncome": 1678000,
        "interestExpense": 7340000,
        "depreciationAndAmortization": 33586000,
        "ebitda": 381473000,
        "ebitdaratio": 0.5252278673,
        "operatingIncome": 346200000,
        "operatingIncomeRatio": 0.4766625361,
        "totalOtherIncomeExpensesNet": -5653000,
        "incomeBeforeTax": 340547000,
        "incomeBeforeTaxRatio": 0.468879251,
        "incomeTaxExpense": 7347000,
        "netIncome": 327129000,
        "netIncomeRatio": 0.4504047914,
        "eps": 2.2,
        "epsdiluted": 2.15,
        "weightedAverageShsOut": 148895000,
        "weightedAverageShsOutDil": 154426000,
        "link": "https://www.sec.gov/Archives/edgar/data/52827/000005282725000018/0000052827-25-000018-index.htm",
        "finalLink": "https://www.sec.gov/Archives/edgar/data/52827/000005282725000018/ryn-20241231.htm"
    },
    {
        "date": "2024-09-30",
        "symbol": "RYN",
        "reportedCurrency": "USD",
        "cik": "0000052827",
        "fillingDate": "2024-11-08",
        "acceptedDate": "2024-11-08 16:36:04",
        "calendarYear": "2024",
        "period": "Q3",
        "revenue": 194993000,
        "costOfRevenue": 147202000,
        "grossProfit": 47791000,
        "grossProfitRatio": 0.2450908494,
        "researchAndDevelopmentExpenses": 0,
        "generalAndAdministrativeExpenses": 19128000,
        "sellingAndMarketingExpenses": 0,
        "sellingGeneralAndAdministrativeExpenses": 19128000,
        "otherExpenses": 1057000,
        "operatingExpenses": 20185000,
        "costAndExpenses": 167387000,
        "interestIncome": 12892000,
        "interestExpense": 10021000,
        "depreciationAndAmortization": 33486000,
        "ebitda": 73984000,
        "ebitdaratio": 0.3794187484,
        "operatingIncome": 27606000,
        "operatingIncomeRatio": 0.1415743129,
        "totalOtherIncomeExpensesNet": 2871000,
        "incomeBeforeTax": 30477000,
        "incomeBeforeTaxRatio": 0.1562979184,
        "incomeTaxExpense": 35000,
        "netIncome": 28758000,
        "netIncomeRatio": 0.1474822173,
        "eps": 0.19,
        "epsdiluted": 0.19,
        "weightedAverageShsOut": 148985000,
        "weightedAverageShsOutDil": 151293000,
        "link": "https://www.sec.gov/Archives/edgar/data/52827/000005282724000204/0000052827-24-000204-index.htm",
        "finalLink": "https://www.sec.gov/Archives/edgar/data/52827/000005282724000204/ryn-20240930.htm"
    },
    {
        "date": "2024-06-30",
        "symbol": "RYN",
        "reportedCurrency": "USD",
        "cik": "0000052827",
        "fillingDate": "2024-08-08",
        "acceptedDate": "2024-08-08 16:45:29",
        "calendarYear": "2024",
        "period": "Q2",
        "revenue": 173609000,
        "costOfRevenue": 138671000,
        "grossProfit": 71032000,
        "grossProfitRatio": 0.4091492953,
        "researchAndDevelopmentExpenses": 0,
        "generalAndAdministrativeExpenses": 0,
        "sellingAndMarketingExpenses": 0,
        "sellingGeneralAndAdministrativeExpenses": 20603000,
        "otherExpenses": 31000,
        "operatingExpenses": 22497000,
        "costAndExpenses": 161171000,
        "interestIncome": 905000,
        "interestExpense": 9811000,
        "depreciationAndAmortization": 36094000,
        "ebitda": 50364000,
        "ebitdaratio": 0.2901001676,
        "operatingIncome": 12441000,
        "operatingIncomeRatio": 0.0716610314,
        "totalOtherIncomeExpensesNet": -8906000,
        "incomeBeforeTax": 3535000,
        "incomeBeforeTaxRatio": 0.0203618476,
        "incomeTaxExpense": 500000,
        "netIncome": 1903000,
        "netIncomeRatio": 0.0109614133,
        "eps": 0.0128,
        "epsdiluted": 0.0126,
        "weightedAverageShsOut": 148910214,
        "weightedAverageShsOutDil": 151268289,
        "link": "https://www.sec.gov/Archives/edgar/data/52827/000005282724000188/0000052827-24-000188-index.htm",
        "finalLink": "https://www.sec.gov/Archives/edgar/data/52827/000005282724000188/ryn-20240630.htm"
    },
    {
        "date": "2024-03-31",
        "symbol": "RYN",
        "reportedCurrency": "USD",
        "cik": "0000052827",
        "fillingDate": "2024-05-03",
        "acceptedDate": "2024-05-03 16:10:20",
        "calendarYear": "2024",
        "period": "Q1",
        "revenue": 168097000,
        "costOfRevenue": 86123000,
        "grossProfit": 72000000,
        "grossProfitRatio": 0.4283241224,
        "researchAndDevelopmentExpenses": 0,
        "generalAndAdministrativeExpenses": 0,
        "sellingAndMarketingExpenses": 0,
        "sellingGeneralAndAdministrativeExpenses": 18978000,
        "otherExpenses": -31000,
        "operatingExpenses": 18949000,
        "costAndExpenses": 151897000,
        "interestIncome": 1895000,
        "interestExpense": 14736000,
        "depreciationAndAmortization": 37083000,
        "ebitda": 90366000,
        "ebitdaratio": 0.5375824673,
        "operatingIncome": 8632000,
        "operatingIncomeRatio": 0.0513513031,
        "totalOtherIncomeExpensesNet": 0,
        "incomeBeforeTax": 1474000,
        "incomeBeforeTaxRatio": 0.0087687466,
        "incomeTaxExpense": -832000,
        "netIncome": 1357000,
        "netIncomeRatio": 0.0080727199,
        "eps": 0.0091,
        "epsdiluted": 0.0091,
        "weightedAverageShsOut": 148567375,
        "weightedAverageShsOutDil": 151376049,
        "link": "https://www.sec.gov/Archives/edgar/data/52827/000005282724000150/0000052827-24-000150-index.htm",
        "finalLink": "https://www.sec.gov/Archives/edgar/data/52827/000005282724000150/ryn-20240331.htm"
    },
    {
        "date": "2023-12-31",
        "symbol": "RYN",
        "reportedCurrency": "USD",
        "cik": "0000052827",
        "fillingDate": "2024-02-23",
        "acceptedDate": "2024-02-23 16:47:46",
        "calendarYear": "2023",
        "period": "Q4",
        "revenue": 467400000,
        "costOfRevenue": 299373000,
        "grossProfit": 211900000,
        "grossProfitRatio": 0.4533590073,
        "researchAndDevelopmentExpenses": 0,
        "generalAndAdministrativeExpenses": 0,
        "sellingAndMarketingExpenses": 0,
        "sellingGeneralAndAdministrativeExpenses": 20096000,
        "otherExpenses": 2735000,
        "operatingExpenses": 22800000,
        "costAndExpenses": 322200000,
        "interestIncome": 0,
        "interestExpense": 11587000,
        "depreciationAndAmortization": 135080000,
        "ebitda": 282168000,
        "ebitdaratio": 0.6036970475,
        "operatingIncome": 145203000,
        "operatingIncomeRatio": 0.310661104,
        "totalOtherIncomeExpensesNet": -12637000,
        "incomeBeforeTax": 132600000,
        "incomeBeforeTaxRatio": 0.2836970475,
        "incomeTaxExpense": 3400000,
        "netIncome": 126932000,
        "netIncomeRatio": 0.2715703894,
        "eps": 0.86,
        "epsdiluted": 0.84,
        "weightedAverageShsOut": 148296000,
        "weightedAverageShsOutDil": 151173000,
        "link": "https://www.sec.gov/Archives/edgar/data/52827/000005282724000014/0000052827-24-000014-index.htm",
        "finalLink": "https://www.sec.gov/Archives/edgar/data/52827/000005282724000014/ryn-20231231.htm"
    },
    {
        "date": "2023-09-30",
        "symbol": "RYN",
        "reportedCurrency": "USD",
        "cik": "0000052827",
        "fillingDate": "2023-11-03",
        "acceptedDate": "2023-11-03 16:15:22",
        "calendarYear": "2023",
        "period": "Q3",
        "revenue": 201600000,
        "costOfRevenue": 145600000,
        "grossProfit": 56000000,
        "grossProfitRatio": 0.2777777778,
        "researchAndDevelopmentExpenses": 0,
        "generalAndAdministrativeExpenses": 0,
        "sellingAndMarketingExpenses": 0,
        "sellingGeneralAndAdministrativeExpenses": 18900000,
        "otherExpenses": 1679000,
        "operatingExpenses": 20600000,
        "costAndExpenses": 166200000,
        "interestIncome": 500000,
        "interestExpense": 12600000,
        "depreciationAndAmortization": 36967000,
        "ebitda": 73903000,
        "ebitdaratio": 0.3665823413,
        "operatingIncome": 35400000,
        "operatingIncomeRatio": 0.1755952381,
        "totalOtherIncomeExpensesNet": -12069000,
        "incomeBeforeTax": 23300000,
        "incomeBeforeTaxRatio": 0.1155753968,
        "incomeTaxExpense": 547000,
        "netIncome": 19237000,
        "netIncomeRatio": 0.095421627,
        "eps": 0.13,
        "epsdiluted": 0.13,
        "weightedAverageShsOut": 148274000,
        "weightedAverageShsOutDil": 151036000,
        "link": "https://www.sec.gov/Archives/edgar/data/52827/000005282723000212/0000052827-23-000212-index.htm",
        "finalLink": "https://www.sec.gov/Archives/edgar/data/52827/000005282723000212/ryn-20230930.htm"
    },
    {
        "date": "2023-06-30",
        "symbol": "RYN",
        "reportedCurrency": "USD",
        "cik": "0000052827",
        "fillingDate": "2023-08-04",
        "acceptedDate": "2023-08-04 17:13:40",
        "calendarYear": "2023",
        "period": "Q2",
        "revenue": 208900000,
        "costOfRevenue": 168400000,
        "grossProfit": 40500000,
        "grossProfitRatio": 0.1938726663,
        "researchAndDevelopmentExpenses": 0,
        "generalAndAdministrativeExpenses": 0,
        "sellingAndMarketingExpenses": 0,
        "sellingGeneralAndAdministrativeExpenses": 19000000,
        "otherExpenses": 1401000,
        "operatingExpenses": 20400000,
        "costAndExpenses": 188800000,
        "interestIncome": 11600000,
        "interestExpense": 12400000,
        "depreciationAndAmortization": 39715000,
        "ebitda": 61481000,
        "ebitdaratio": 0.2943082815,
        "operatingIncome": 20100000,
        "operatingIncomeRatio": 0.0962182863,
        "totalOtherIncomeExpensesNet": -813000,
        "incomeBeforeTax": 19300000,
        "incomeBeforeTaxRatio": 0.0923887027,
        "incomeTaxExpense": 200000,
        "netIncome": 19023000,
        "netIncomeRatio": 0.0910627094,
        "eps": 0.13,
        "epsdiluted": 0.13,
        "weightedAverageShsOut": 148218000,
        "weightedAverageShsOutDil": 150965000,
        "link": "https://www.sec.gov/Archives/edgar/data/52827/000005282723000189/0000052827-23-000189-index.htm",
        "finalLink": "https://www.sec.gov/Archives/edgar/data/52827/000005282723000189/ryn-20230630.htm"
    },
    {
        "date": "2023-03-31",
        "symbol": "RYN",
        "reportedCurrency": "USD",
        "cik": "0000052827",
        "fillingDate": "2023-05-05",
        "acceptedDate": "2023-05-05 17:17:06",
        "calendarYear": "2023",
        "period": "Q1",
        "revenue": 179082000,
        "costOfRevenue": 149166000,
        "grossProfit": 29916000,
        "grossProfitRatio": 0.167051965,
        "researchAndDevelopmentExpenses": 0,
        "generalAndAdministrativeExpenses": 0,
        "sellingAndMarketingExpenses": 0,
        "sellingGeneralAndAdministrativeExpenses": 16778000,
        "otherExpenses": 2516000,
        "operatingExpenses": 19294000,
        "costAndExpenses": 168460000,
        "interestIncome": 9554000,
        "interestExpense": 11700000,
        "depreciationAndAmortization": 37599000,
        "ebitda": 57775000,
        "ebitdaratio": 0.3226175718,
        "operatingIncome": 10622000,
        "operatingIncomeRatio": 0.0593136105,
        "totalOtherIncomeExpensesNet": -2146000,
        "incomeBeforeTax": 8476000,
        "incomeBeforeTaxRatio": 0.0473302733,
        "incomeTaxExpense": 1039000,
        "netIncome": 8300000,
        "netIncomeRatio": 0.0463474833,
        "eps": 0.0563,
        "epsdiluted": 0.0549,
        "weightedAverageShsOut": 147377448,
        "weightedAverageShsOutDil": 151079129,
        "link": "https://www.sec.gov/Archives/edgar/data/52827/000005282723000132/0000052827-23-000132-index.htm",
        "finalLink": "https://www.sec.gov/Archives/edgar/data/52827/000005282723000132/ryn-20230331.htm"
    },
    {
        "date": "2022-12-31",
        "symbol": "RYN",
        "reportedCurrency": "USD",
        "cik": "0000052827",
        "fillingDate": "2023-02-24",
        "acceptedDate": "2023-02-24 17:17:49",
        "calendarYear": "2022",
        "period": "Q4",
        "revenue": 245400000,
        "costOfRevenue": 180900000,
        "grossProfit": 64500000,
        "grossProfitRatio": 0.2628361858,
        "researchAndDevelopmentExpenses": 0,
        "generalAndAdministrativeExpenses": 0,
        "sellingAndMarketingExpenses": 0,
        "sellingGeneralAndAdministrativeExpenses": 15700000,
        "otherExpenses": 4700000,
        "operatingExpenses": 20400000,
        "costAndExpenses": 201300000,
        "interestIncome": 1600000,
        "interestExpense": 9700000,
        "depreciationAndAmortization": 41448000,
        "ebitda": 90638000,
        "ebitdaratio": 0.3693480033,
        "operatingIncome": 44100000,
        "operatingIncomeRatio": 0.1797066015,
        "totalOtherIncomeExpensesNet": -8156000,
        "incomeBeforeTax": 36000000,
        "incomeBeforeTaxRatio": 0.1466992665,
        "incomeTaxExpense": 1400000,
        "netIncome": 33078000,
        "netIncomeRatio": 0.134792176,
        "eps": 0.23,
        "epsdiluted": 0.22,
        "weightedAverageShsOut": 146765000,
        "weightedAverageShsOutDil": 150573000,
        "link": "https://www.sec.gov/Archives/edgar/data/52827/000005282723000035/0000052827-23-000035-index.htm",
        "finalLink": "https://www.sec.gov/Archives/edgar/data/52827/000005282723000035/ryn-20221231.htm"
    },
    {
        "date": "2022-09-30",
        "symbol": "RYN",
        "reportedCurrency": "USD",
        "cik": "0000052827",
        "fillingDate": "2022-11-04",
        "acceptedDate": "2022-11-04 16:07:51",
        "calendarYear": "2022",
        "period": "Q3",
        "revenue": 195300000,
        "costOfRevenue": 152100000,
        "grossProfit": 43200000,
        "grossProfitRatio": 0.2211981567,
        "researchAndDevelopmentExpenses": 0,
        "generalAndAdministrativeExpenses": 0,
        "sellingAndMarketingExpenses": 0,
        "sellingGeneralAndAdministrativeExpenses": 16900000,
        "otherExpenses": -14600000,
        "operatingExpenses": 2300000,
        "costAndExpenses": 154400000,
        "interestIncome": 1300000,
        "interestExpense": 9100000,
        "depreciationAndAmortization": 31052000,
        "ebitda": 73207000,
        "ebitdaratio": 0.37484383,
        "operatingIncome": 40900000,
        "operatingIncomeRatio": 0.209421403,
        "totalOtherIncomeExpensesNet": -7804000,
        "incomeBeforeTax": 33100000,
        "incomeBeforeTaxRatio": 0.1694828469,
        "incomeTaxExpense": 1238000,
        "netIncome": 20578000,
        "netIncomeRatio": 0.1053661034,
        "eps": 0.14,
        "epsdiluted": 0.14,
        "weightedAverageShsOut": 146370000,
        "weightedAverageShsOutDil": 150233000,
        "link": "https://www.sec.gov/Archives/edgar/data/52827/000005282722000135/0000052827-22-000135-index.htm",
        "finalLink": "https://www.sec.gov/Archives/edgar/data/52827/000005282722000135/ryn-20220930.htm"
    },
    {
        "date": "2022-06-30",
        "symbol": "RYN",
        "reportedCurrency": "USD",
        "cik": "0000052827",
        "fillingDate": "2022-08-05",
        "acceptedDate": "2022-08-05 16:51:47",
        "calendarYear": "2022",
        "period": "Q2",
        "revenue": 246300000,
        "costOfRevenue": 194300000,
        "grossProfit": 52000000,
        "grossProfitRatio": 0.2111246447,
        "researchAndDevelopmentExpenses": 0,
        "generalAndAdministrativeExpenses": 0,
        "sellingAndMarketingExpenses": 0,
        "sellingGeneralAndAdministrativeExpenses": 17300000,
        "otherExpenses": -800000,
        "operatingExpenses": 16500000,
        "costAndExpenses": 210800000,
        "interestIncome": 200000,
        "interestExpense": 9100000,
        "depreciationAndAmortization": 35750000,
        "ebitda": 70187000,
        "ebitdaratio": 0.2849654892,
        "operatingIncome": 35500000,
        "operatingIncomeRatio": 0.1441331709,
        "totalOtherIncomeExpensesNet": -8877000,
        "incomeBeforeTax": 26600000,
        "incomeBeforeTaxRatio": 0.107998376,
        "incomeTaxExpense": 1300000,
        "netIncome": 24104000,
        "netIncomeRatio": 0.097864393,
        "eps": 0.16,
        "epsdiluted": 0.16,
        "weightedAverageShsOut": 146257000,
        "weightedAverageShsOutDil": 150244000,
        "link": "https://www.sec.gov/Archives/edgar/data/52827/000005282722000115/0000052827-22-000115-index.htm",
        "finalLink": "https://www.sec.gov/Archives/edgar/data/52827/000005282722000115/ryn-20220630.htm"
    },
    {
        "date": "2022-03-31",
        "symbol": "RYN",
        "reportedCurrency": "USD",
        "cik": "0000052827",
        "fillingDate": "2022-05-06",
        "acceptedDate": "2022-05-06 16:12:41",
        "calendarYear": "2022",
        "period": "Q1",
        "revenue": 222000000,
        "costOfRevenue": 161000000,
        "grossProfit": 61000000,
        "grossProfitRatio": 0.2747747748,
        "researchAndDevelopmentExpenses": 0,
        "generalAndAdministrativeExpenses": 0,
        "sellingAndMarketingExpenses": 0,
        "sellingGeneralAndAdministrativeExpenses": 14700000,
        "otherExpenses": 1000000,
        "operatingExpenses": 15700000,
        "costAndExpenses": 176700000,
        "interestIncome": 0,
        "interestExpense": 8800000,
        "depreciationAndAmortization": 47419000,
        "ebitda": 92737000,
        "ebitdaratio": 0.4177342342,
        "operatingIncome": 45300000,
        "operatingIncomeRatio": 0.2040540541,
        "totalOtherIncomeExpensesNet": -8805000,
        "incomeBeforeTax": 36500000,
        "incomeBeforeTaxRatio": 0.1644144144,
        "incomeTaxExpense": 5500000,
        "netIncome": 29317000,
        "netIncomeRatio": 0.1320585586,
        "eps": 0.2,
        "epsdiluted": 0.2,
        "weightedAverageShsOut": 145430000,
        "weightedAverageShsOutDil": 149547000,
        "link": "https://www.sec.gov/Archives/edgar/data/52827/000005282722000079/0000052827-22-000079-index.htm",
        "finalLink": "https://www.sec.gov/Archives/edgar/data/52827/000005282722000079/ryn-20220331.htm"
    },
    {
        "date": "2021-12-31",
        "symbol": "RYN",
        "reportedCurrency": "USD",
        "cik": "0000052827",
        "fillingDate": "2022-02-25",
        "acceptedDate": "2022-02-25 16:25:10",
        "calendarYear": "2021",
        "period": "Q4",
        "revenue": 262000000,
        "costOfRevenue": 217200000,
        "grossProfit": 44800000,
        "grossProfitRatio": 0.1709923664,
        "researchAndDevelopmentExpenses": 0,
        "generalAndAdministrativeExpenses": 0,
        "sellingAndMarketingExpenses": 0,
        "sellingGeneralAndAdministrativeExpenses": 15900000,
        "otherExpenses": -4600000,
        "operatingExpenses": 11300000,
        "costAndExpenses": 228500000,
        "interestIncome": 200000,
        "interestExpense": 10600000,
        "depreciationAndAmortization": 76853000,
        "ebitda": 110353000,
        "ebitdaratio": 0.4211946565,
        "operatingIncome": 33500000,
        "operatingIncomeRatio": 0.1278625954,
        "totalOtherIncomeExpensesNet": -10462000,
        "incomeBeforeTax": 23100000,
        "incomeBeforeTaxRatio": 0.0881679389,
        "incomeTaxExpense": 1600000,
        "netIncome": 8665000,
        "netIncomeRatio": 0.0330725191,
        "eps": 0.06,
        "epsdiluted": 0.06,
        "weightedAverageShsOut": 143969000,
        "weightedAverageShsOutDil": 148079000,
        "link": "https://www.sec.gov/Archives/edgar/data/52827/000005282722000018/0000052827-22-000018-index.htm",
        "finalLink": "https://www.sec.gov/Archives/edgar/data/52827/000005282722000018/ryn-20211231.htm"
    },
    {
        "date": "2021-09-30",
        "symbol": "RYN",
        "reportedCurrency": "USD",
        "cik": "0000052827",
        "fillingDate": "2021-11-05",
        "acceptedDate": "2021-11-05 16:25:19",
        "calendarYear": "2021",
        "period": "Q3",
        "revenue": 364700000,
        "costOfRevenue": 233300000,
        "grossProfit": 131400000,
        "grossProfitRatio": 0.3602961338,
        "researchAndDevelopmentExpenses": 0,
        "generalAndAdministrativeExpenses": 0,
        "sellingAndMarketingExpenses": 0,
        "sellingGeneralAndAdministrativeExpenses": 13200000,
        "otherExpenses": -5070000,
        "operatingExpenses": 8100000,
        "costAndExpenses": 241400000,
        "interestIncome": 1300000,
        "interestExpense": 11300000,
        "depreciationAndAmortization": 33325000,
        "ebitda": 151570000,
        "ebitdaratio": 0.4156018645,
        "operatingIncome": 123300000,
        "operatingIncomeRatio": 0.3380860982,
        "totalOtherIncomeExpensesNet": -9991000,
        "incomeBeforeTax": 113300000,
        "incomeBeforeTaxRatio": 0.3106663011,
        "incomeTaxExpense": 2800000,
        "netIncome": 75831000,
        "netIncomeRatio": 0.2079270633,
        "eps": 0.53,
        "epsdiluted": 0.53,
        "weightedAverageShsOut": 141778000,
        "weightedAverageShsOutDil": 146440000,
        "link": "https://www.sec.gov/Archives/edgar/data/52827/000005282721000176/0000052827-21-000176-index.htm",
        "finalLink": "https://www.sec.gov/Archives/edgar/data/52827/000005282721000176/ryn-20210930.htm"
    },
    {
        "date": "2021-06-30",
        "symbol": "RYN",
        "reportedCurrency": "USD",
        "cik": "0000052827",
        "fillingDate": "2021-08-06",
        "acceptedDate": "2021-08-06 17:07:05",
        "calendarYear": "2021",
        "period": "Q2",
        "revenue": 291400000,
        "costOfRevenue": 194300000,
        "grossProfit": 97100000,
        "grossProfitRatio": 0.333218943,
        "researchAndDevelopmentExpenses": 0,
        "generalAndAdministrativeExpenses": 0,
        "sellingAndMarketingExpenses": 0,
        "sellingGeneralAndAdministrativeExpenses": 14700000,
        "otherExpenses": -1956000,
        "operatingExpenses": 12700000,
        "costAndExpenses": 207000000,
        "interestIncome": 0,
        "interestExpense": 14100000,
        "depreciationAndAmortization": 42696000,
        "ebitda": 127140000,
        "ebitdaratio": 0.4363074811,
        "operatingIncome": 84400000,
        "operatingIncomeRatio": 0.2896362388,
        "totalOtherIncomeExpensesNet": -14144000,
        "incomeBeforeTax": 70300000,
        "incomeBeforeTaxRatio": 0.2412491421,
        "incomeTaxExpense": 6900000,
        "netIncome": 57206000,
        "netIncomeRatio": 0.1963143445,
        "eps": 0.41,
        "epsdiluted": 0.41,
        "weightedAverageShsOut": 139557000,
        "weightedAverageShsOutDil": 144056000,
        "link": "https://www.sec.gov/Archives/edgar/data/52827/000005282721000153/0000052827-21-000153-index.htm",
        "finalLink": "https://www.sec.gov/Archives/edgar/data/52827/000005282721000153/ryn-20210630.htm"
    },
    {
        "date": "2021-03-31",
        "symbol": "RYN",
        "reportedCurrency": "USD",
        "cik": "0000052827",
        "fillingDate": "2021-05-06",
        "acceptedDate": "2021-05-06 17:13:23",
        "calendarYear": "2021",
        "period": "Q1",
        "revenue": 191400000,
        "costOfRevenue": 151300000,
        "grossProfit": 40100000,
        "grossProfitRatio": 0.2095088819,
        "researchAndDevelopmentExpenses": 0,
        "generalAndAdministrativeExpenses": 0,
        "sellingAndMarketingExpenses": 0,
        "sellingGeneralAndAdministrativeExpenses": 14000000,
        "otherExpenses": -2373000,
        "operatingExpenses": 11600000,
        "costAndExpenses": 162900000,
        "interestIncome": 0,
        "interestExpense": 10000000,
        "depreciationAndAmortization": 45213000,
        "ebitda": 73698000,
        "ebitdaratio": 0.3850470219,
        "operatingIncome": 28500000,
        "operatingIncomeRatio": 0.1489028213,
        "totalOtherIncomeExpensesNet": -10032000,
        "incomeBeforeTax": 18500000,
        "incomeBeforeTaxRatio": 0.0966562173,
        "incomeTaxExpense": 3500000,
        "netIncome": 10848000,
        "netIncomeRatio": 0.056677116,
        "eps": 0.08,
        "epsdiluted": 0.08,
        "weightedAverageShsOut": 137871000,
        "weightedAverageShsOutDil": 142559000,
        "link": "https://www.sec.gov/Archives/edgar/data/52827/000005282721000098/0000052827-21-000098-index.htm",
        "finalLink": "https://www.sec.gov/Archives/edgar/data/52827/000005282721000098/ryn-20210331.htm"
    },
    {
        "date": "2020-12-31",
        "symbol": "RYN",
        "reportedCurrency": "USD",
        "cik": "0000052827",
        "fillingDate": "2021-02-22",
        "acceptedDate": "2021-02-22 17:03:06",
        "calendarYear": "2020",
        "period": "Q4",
        "revenue": 205500000,
        "costOfRevenue": 167100000,
        "grossProfit": 38400000,
        "grossProfitRatio": 0.1868613139,
        "researchAndDevelopmentExpenses": 0,
        "generalAndAdministrativeExpenses": 0,
        "sellingAndMarketingExpenses": 0,
        "sellingGeneralAndAdministrativeExpenses": 0,
        "otherExpenses": 2410000,
        "operatingExpenses": 16000000,
        "costAndExpenses": 183100000,
        "interestIncome": 30000,
        "interestExpense": 10400000,
        "depreciationAndAmortization": 45517000,
        "ebitda": 69481000,
        "ebitdaratio": 0.338107056,
        "operatingIncome": 22400000,
        "operatingIncomeRatio": 0.1090024331,
        "totalOtherIncomeExpensesNet": -10370000,
        "incomeBeforeTax": 12000000,
        "incomeBeforeTaxRatio": 0.0583941606,
        "incomeTaxExpense": -400000,
        "netIncome": 10254000,
        "netIncomeRatio": 0.0498978102,
        "eps": 0.08,
        "epsdiluted": 0.07,
        "weightedAverageShsOut": 136599000,
        "weightedAverageShsOutDil": 141359000,
        "link": "https://www.sec.gov/Archives/edgar/data/52827/000005282721000035/0000052827-21-000035-index.htm",
        "finalLink": "https://www.sec.gov/Archives/edgar/data/52827/000005282721000035/ryn-20201231.htm"
    },
    {
        "date": "2020-09-30",
        "symbol": "RYN",
        "reportedCurrency": "USD",
        "cik": "0000052827",
        "fillingDate": "2020-11-02",
        "acceptedDate": "2020-11-02 17:20:14",
        "calendarYear": "2020",
        "period": "Q3",
        "revenue": 198900000,
        "costOfRevenue": 180900000,
        "grossProfit": 18000000,
        "grossProfitRatio": 0.0904977376,
        "researchAndDevelopmentExpenses": 0,
        "generalAndAdministrativeExpenses": 0,
        "sellingAndMarketingExpenses": 0,
        "sellingGeneralAndAdministrativeExpenses": 14500000,
        "otherExpenses": 0,
        "operatingExpenses": 14498000,
        "costAndExpenses": 197100000,
        "interestIncome": 0,
        "interestExpense": 10600000,
        "depreciationAndAmortization": 43284000,
        "ebitda": 45064000,
        "ebitdaratio": 0.2265661136,
        "operatingIncome": 1800000,
        "operatingIncomeRatio": 0.0090497738,
        "totalOtherIncomeExpensesNet": -10558000,
        "incomeBeforeTax": -8800000,
        "incomeBeforeTaxRatio": -0.0442433384,
        "incomeTaxExpense": 700000,
        "netIncome": -758000,
        "netIncomeRatio": -0.0038109603,
        "eps": -0.0059,
        "epsdiluted": -0.0059,
        "weightedAverageShsOut": 136351271,
        "weightedAverageShsOutDil": 136351271,
        "link": "https://www.sec.gov/Archives/edgar/data/52827/000005282720000234/0000052827-20-000234-index.htm",
        "finalLink": "https://www.sec.gov/Archives/edgar/data/52827/000005282720000234/ryn-20200930.htm"
    },
    {
        "date": "2020-06-30",
        "symbol": "RYN",
        "reportedCurrency": "USD",
        "cik": "0000052827",
        "fillingDate": "2020-08-10",
        "acceptedDate": "2020-08-10 17:12:03",
        "calendarYear": "2020",
        "period": "Q2",
        "revenue": 195600000,
        "costOfRevenue": 154900000,
        "grossProfit": 40700000,
        "grossProfitRatio": 0.2080777096,
        "researchAndDevelopmentExpenses": 0,
        "generalAndAdministrativeExpenses": 12570000,
        "sellingAndMarketingExpenses": -70000,
        "sellingGeneralAndAdministrativeExpenses": 12500000,
        "otherExpenses": 16483000,
        "operatingExpenses": 29000000,
        "costAndExpenses": 183900000,
        "interestIncome": 1500000,
        "interestExpense": 9800000,
        "depreciationAndAmortization": 41866000,
        "ebitda": 55131000,
        "ebitdaratio": 0.2818558282,
        "operatingIncome": 11700000,
        "operatingIncomeRatio": 0.0598159509,
        "totalOtherIncomeExpensesNet": -8241000,
        "incomeBeforeTax": 3400000,
        "incomeBeforeTaxRatio": 0.0173824131,
        "incomeTaxExpense": 2900000,
        "netIncome": 1735000,
        "netIncomeRatio": 0.0088701431,
        "eps": 0.01,
        "epsdiluted": 0.01,
        "weightedAverageShsOut": 133318209,
        "weightedAverageShsOutDil": 135957026,
        "link": "https://www.sec.gov/Archives/edgar/data/52827/000005282720000201/0000052827-20-000201-index.htm",
        "finalLink": "https://www.sec.gov/Archives/edgar/data/52827/000005282720000201/ryn-20200630.htm"
    },
    {
        "date": "2020-03-31",
        "symbol": "RYN",
        "reportedCurrency": "USD",
        "cik": "0000052827",
        "fillingDate": "2020-05-01",
        "acceptedDate": "2020-05-01 17:21:29",
        "calendarYear": "2020",
        "period": "Q1",
        "revenue": 259100000,
        "costOfRevenue": 209400000,
        "grossProfit": 49700000,
        "grossProfitRatio": 0.191817831,
        "researchAndDevelopmentExpenses": 0,
        "generalAndAdministrativeExpenses": 9968000,
        "sellingAndMarketingExpenses": 32000,
        "sellingGeneralAndAdministrativeExpenses": 10000000,
        "otherExpenses": 1111000,
        "operatingExpenses": 11100000,
        "costAndExpenses": 220500000,
        "interestIncome": 0,
        "interestExpense": 8500000,
        "depreciationAndAmortization": 34329000,
        "ebitda": 72881000,
        "ebitdaratio": 0.2812852181,
        "operatingIncome": 38600000,
        "operatingIncomeRatio": 0.1489772289,
        "totalOtherIncomeExpensesNet": -8425000,
        "incomeBeforeTax": 30100000,
        "incomeBeforeTaxRatio": 0.1161713624,
        "incomeTaxExpense": 3700000,
        "netIncome": 25854000,
        "netIncomeRatio": 0.0997838672,
        "eps": 0.2,
        "epsdiluted": 0.2,
        "weightedAverageShsOut": 129137000,
        "weightedAverageShsOutDil": 129348000,
        "link": "https://www.sec.gov/Archives/edgar/data/52827/000005282720000117/0000052827-20-000117-index.htm",
        "finalLink": "https://www.sec.gov/Archives/edgar/data/52827/000005282720000117/ryn-20200331.htm"
    },
    {
        "date": "2019-12-31",
        "symbol": "RYN",
        "reportedCurrency": "USD",
        "cik": "0000052827",
        "fillingDate": "2020-02-24",
        "acceptedDate": "2020-02-24 17:20:56",
        "calendarYear": "2019",
        "period": "Q4",
        "revenue": 178800000,
        "costOfRevenue": 140200000,
        "grossProfit": 38600000,
        "grossProfitRatio": 0.2158836689,
        "researchAndDevelopmentExpenses": 0,
        "generalAndAdministrativeExpenses": 10750000,
        "sellingAndMarketingExpenses": 50000,
        "sellingGeneralAndAdministrativeExpenses": 10800000,
        "otherExpenses": 1734000,
        "operatingExpenses": 12500000,
        "costAndExpenses": 152700000,
        "interestIncome": 2100000,
        "interestExpense": 8100000,
        "depreciationAndAmortization": 36296000,
        "ebitda": 63767000,
        "ebitdaratio": 0.3566387025,
        "operatingIncome": 26100000,
        "operatingIncomeRatio": 0.1459731544,
        "totalOtherIncomeExpensesNet": -5958000,
        "incomeBeforeTax": 20100000,
        "incomeBeforeTaxRatio": 0.1124161074,
        "incomeTaxExpense": 2700000,
        "netIncome": 15993000,
        "netIncomeRatio": 0.0894463087,
        "eps": 0.12,
        "epsdiluted": 0.12,
        "weightedAverageShsOut": 129149000,
        "weightedAverageShsOutDil": 129436000,
        "link": "https://www.sec.gov/Archives/edgar/data/52827/000005282720000011/0000052827-20-000011-index.htm",
        "finalLink": "https://www.sec.gov/Archives/edgar/data/52827/000005282720000011/q4rayonier201910k.htm"
    },
    {
        "date": "2019-09-30",
        "symbol": "RYN",
        "reportedCurrency": "USD",
        "cik": "0000052827",
        "fillingDate": "2019-11-01",
        "acceptedDate": "2019-11-01 16:39:23",
        "calendarYear": "2019",
        "period": "Q3",
        "revenue": 156400000,
        "costOfRevenue": 134500000,
        "grossProfit": 21900000,
        "grossProfitRatio": 0.1400255754,
        "researchAndDevelopmentExpenses": 0,
        "generalAndAdministrativeExpenses": 10102000,
        "sellingAndMarketingExpenses": -2000,
        "sellingGeneralAndAdministrativeExpenses": 10100000,
        "otherExpenses": 718000,
        "operatingExpenses": 10900000,
        "costAndExpenses": 145400000,
        "interestIncome": 800000,
        "interestExpense": 8000000,
        "depreciationAndAmortization": 27846000,
        "ebitda": 39581000,
        "ebitdaratio": 0.2530754476,
        "operatingIncome": 11000000,
        "operatingIncomeRatio": 0.0703324808,
        "totalOtherIncomeExpensesNet": -7208000,
        "incomeBeforeTax": 3800000,
        "incomeBeforeTaxRatio": 0.0242966752,
        "incomeTaxExpense": 2300000,
        "netIncome": -433000,
        "netIncomeRatio": -0.0027685422,
        "eps": -0.0031,
        "epsdiluted": -0.0031,
        "weightedAverageShsOut": 129325181,
        "weightedAverageShsOutDil": 129325181,
        "link": "https://www.sec.gov/Archives/edgar/data/52827/000005282719000044/0000052827-19-000044-index.htm",
        "finalLink": "https://www.sec.gov/Archives/edgar/data/52827/000005282719000044/rayonier201910q3q2019.htm"
    },
    {
        "date": "2019-06-30",
        "symbol": "RYN",
        "reportedCurrency": "USD",
        "cik": "0000052827",
        "fillingDate": "2019-08-09",
        "acceptedDate": "2019-08-09 17:00:53",
        "calendarYear": "2019",
        "period": "Q2",
        "revenue": 184800000,
        "costOfRevenue": 140400000,
        "grossProfit": 44400000,
        "grossProfitRatio": 0.2402597403,
        "researchAndDevelopmentExpenses": 0,
        "generalAndAdministrativeExpenses": 0,
        "sellingAndMarketingExpenses": 0,
        "sellingGeneralAndAdministrativeExpenses": 0,
        "otherExpenses": 1969000,
        "operatingExpenses": 13000000,
        "costAndExpenses": 153400000,
        "interestIncome": 1000000,
        "interestExpense": 7900000,
        "depreciationAndAmortization": 27602000,
        "ebitda": 59532000,
        "ebitdaratio": 0.3221428571,
        "operatingIncome": 31400000,
        "operatingIncomeRatio": 0.1699134199,
        "totalOtherIncomeExpensesNet": -6865000,
        "incomeBeforeTax": 24500000,
        "incomeBeforeTaxRatio": 0.1325757576,
        "incomeTaxExpense": 3600000,
        "netIncome": 18752000,
        "netIncomeRatio": 0.1014718615,
        "eps": 0.14,
        "epsdiluted": 0.14,
        "weightedAverageShsOut": 129380000,
        "weightedAverageShsOutDil": 129644000,
        "link": "https://www.sec.gov/Archives/edgar/data/52827/000005282719000030/0000052827-19-000030-index.htm",
        "finalLink": "https://www.sec.gov/Archives/edgar/data/52827/000005282719000030/rayonier201910q2q2019.htm"
    },
    {
        "date": "2019-03-31",
        "symbol": "RYN",
        "reportedCurrency": "USD",
        "cik": "0000052827",
        "fillingDate": "2019-05-03",
        "acceptedDate": "2019-05-03 16:27:46",
        "calendarYear": "2019",
        "period": "Q1",
        "revenue": 191500000,
        "costOfRevenue": 143300000,
        "grossProfit": 48200000,
        "grossProfitRatio": 0.2516971279,
        "researchAndDevelopmentExpenses": 0,
        "generalAndAdministrativeExpenses": 9810000,
        "sellingAndMarketingExpenses": -10000,
        "sellingGeneralAndAdministrativeExpenses": 9800000,
        "otherExpenses": 0,
        "operatingExpenses": 9700000,
        "costAndExpenses": 153000000,
        "interestIncome": 1300000,
        "interestExpense": 7700000,
        "depreciationAndAmortization": 36491000,
        "ebitda": 74811000,
        "ebitdaratio": 0.3906579634,
        "operatingIncome": 38500000,
        "operatingIncomeRatio": 0.2010443864,
        "totalOtherIncomeExpensesNet": -6378000,
        "incomeBeforeTax": 32100000,
        "incomeBeforeTaxRatio": 0.1676240209,
        "incomeTaxExpense": 4300000,
        "netIncome": 24794000,
        "netIncomeRatio": 0.1294725849,
        "eps": 0.19,
        "epsdiluted": 0.19,
        "weightedAverageShsOut": 129173000,
        "weightedAverageShsOutDil": 129750000,
        "link": "https://www.sec.gov/Archives/edgar/data/52827/000005282719000014/0000052827-19-000014-index.htm",
        "finalLink": "https://www.sec.gov/Archives/edgar/data/52827/000005282719000014/rayonier201910q1q2019.htm"
    },
    {
        "date": "2018-12-31",
        "symbol": "RYN",
        "reportedCurrency": "USD",
        "cik": "0000052827",
        "fillingDate": "2019-02-22",
        "acceptedDate": "2019-02-22 17:28:49",
        "calendarYear": "2018",
        "period": "Q4",
        "revenue": 166100000,
        "costOfRevenue": 139100000,
        "grossProfit": 27000000,
        "grossProfitRatio": 0.1625526791,
        "researchAndDevelopmentExpenses": 0,
        "generalAndAdministrativeExpenses": 10647000,
        "sellingAndMarketingExpenses": -47000,
        "sellingGeneralAndAdministrativeExpenses": 10600000,
        "otherExpenses": 1437000,
        "operatingExpenses": 12000000,
        "costAndExpenses": 151100000,
        "interestIncome": 500000,
        "interestExpense": 8100000,
        "depreciationAndAmortization": 28400000,
        "ebitda": 43910000,
        "ebitdaratio": 0.26435882,
        "operatingIncome": 15000000,
        "operatingIncomeRatio": 0.0903070439,
        "totalOtherIncomeExpensesNet": -7530000,
        "incomeBeforeTax": 7400000,
        "incomeBeforeTaxRatio": 0.044551475,
        "incomeTaxExpense": 2800000,
        "netIncome": 1987000,
        "netIncomeRatio": 0.0119626731,
        "eps": 0.02,
        "epsdiluted": 0.02,
        "weightedAverageShsOut": 129158030,
        "weightedAverageShsOutDil": 129736352,
        "link": "https://www.sec.gov/Archives/edgar/data/52827/000005282719000006/0000052827-19-000006-index.htm",
        "finalLink": "https://www.sec.gov/Archives/edgar/data/52827/000005282719000006/q4rayonier201810k.htm"
    },
    {
        "date": "2018-09-30",
        "symbol": "RYN",
        "reportedCurrency": "USD",
        "cik": "0000052827",
        "fillingDate": "2018-11-02",
        "acceptedDate": "2018-11-02 17:07:55",
        "calendarYear": "2018",
        "period": "Q3",
        "revenue": 200900000,
        "costOfRevenue": 143200000,
        "grossProfit": 57700000,
        "grossProfitRatio": 0.287207566,
        "researchAndDevelopmentExpenses": 0,
        "generalAndAdministrativeExpenses": 10800000,
        "sellingAndMarketingExpenses": 0,
        "sellingGeneralAndAdministrativeExpenses": 10800000,
        "otherExpenses": 498000,
        "operatingExpenses": 11300000,
        "costAndExpenses": 154500000,
        "interestIncome": 500000,
        "interestExpense": 7900000,
        "depreciationAndAmortization": 34800000,
        "ebitda": 81731000,
        "ebitdaratio": 0.4068242907,
        "operatingIncome": 46400000,
        "operatingIncomeRatio": 0.230960677,
        "totalOtherIncomeExpensesNet": -7343000,
        "incomeBeforeTax": 39000000,
        "incomeBeforeTaxRatio": 0.1941264311,
        "incomeTaxExpense": 8400000,
        "netIncome": 23432000,
        "netIncomeRatio": 0.1166351419,
        "eps": 0.18,
        "epsdiluted": 0.18,
        "weightedAverageShsOut": 129143000,
        "weightedAverageShsOutDil": 129756000,
        "link": "https://www.sec.gov/Archives/edgar/data/52827/000005282718000041/0000052827-18-000041-index.htm",
        "finalLink": "https://www.sec.gov/Archives/edgar/data/52827/000005282718000041/rayonier201810q3q2018.htm"
    },
    {
        "date": "2018-06-30",
        "symbol": "RYN",
        "reportedCurrency": "USD",
        "cik": "0000052827",
        "fillingDate": "2018-08-03",
        "acceptedDate": "2018-08-03 15:15:45",
        "calendarYear": "2018",
        "period": "Q2",
        "revenue": 245900000,
        "costOfRevenue": 184400000,
        "grossProfit": 61500000,
        "grossProfitRatio": 0.2501016673,
        "researchAndDevelopmentExpenses": 0,
        "generalAndAdministrativeExpenses": 11502000,
        "sellingAndMarketingExpenses": -2000,
        "sellingGeneralAndAdministrativeExpenses": 11500000,
        "otherExpenses": -1625000,
        "operatingExpenses": 9900000,
        "costAndExpenses": 194300000,
        "interestIncome": 2900000,
        "interestExpense": 8100000,
        "depreciationAndAmortization": 46400000,
        "ebitda": 100933000,
        "ebitdaratio": 0.4104636031,
        "operatingIncome": 51600000,
        "operatingIncomeRatio": 0.2098413989,
        "totalOtherIncomeExpensesNet": -5197000,
        "incomeBeforeTax": 46400000,
        "incomeBeforeTaxRatio": 0.1886945913,
        "incomeTaxExpense": 7100000,
        "netIncome": 36258000,
        "netIncomeRatio": 0.147450183,
        "eps": 0.28,
        "epsdiluted": 0.28,
        "weightedAverageShsOut": 129067000,
        "weightedAverageShsOutDil": 129711000,
        "link": "https://www.sec.gov/Archives/edgar/data/52827/000005282718000033/0000052827-18-000033-index.htm",
        "finalLink": "https://www.sec.gov/Archives/edgar/data/52827/000005282718000033/rayonier201810q2q2018.htm"
    },
    {
        "date": "2018-03-31",
        "symbol": "RYN",
        "reportedCurrency": "USD",
        "cik": "0000052827",
        "fillingDate": "2018-05-04",
        "acceptedDate": "2018-05-04 16:49:26",
        "calendarYear": "2018",
        "period": "Q1",
        "revenue": 203200000,
        "costOfRevenue": 138500000,
        "grossProfit": 64700000,
        "grossProfitRatio": 0.3184055118,
        "researchAndDevelopmentExpenses": 0,
        "generalAndAdministrativeExpenses": 9003000,
        "sellingAndMarketingExpenses": -3000,
        "sellingGeneralAndAdministrativeExpenses": 9000000,
        "otherExpenses": -1369000,
        "operatingExpenses": 7600000,
        "costAndExpenses": 146100000,
        "interestIncome": 600000,
        "interestExpense": 8100000,
        "depreciationAndAmortization": 34500000,
        "ebitda": 92231000,
        "ebitdaratio": 0.4538927165,
        "operatingIncome": 57100000,
        "operatingIncomeRatio": 0.281003937,
        "totalOtherIncomeExpensesNet": -7432000,
        "incomeBeforeTax": 49600000,
        "incomeBeforeTaxRatio": 0.2440944882,
        "incomeTaxExpense": 6900000,
        "netIncome": 40539000,
        "netIncomeRatio": 0.1995029528,
        "eps": 0.31,
        "epsdiluted": 0.31,
        "weightedAverageShsOut": 128801210,
        "weightedAverageShsOutDil": 129552397,
        "link": "https://www.sec.gov/Archives/edgar/data/52827/000005282718000018/0000052827-18-000018-index.htm",
        "finalLink": "https://www.sec.gov/Archives/edgar/data/52827/000005282718000018/rayonier201810q1q2018.htm"
    },
    {
        "date": "2017-12-31",
        "symbol": "RYN",
        "reportedCurrency": "USD",
        "cik": "0000052827",
        "fillingDate": "2018-02-23",
        "acceptedDate": "2018-02-23 16:40:33",
        "calendarYear": "2017",
        "period": "Q4",
        "revenue": 239700000,
        "costOfRevenue": 149800000,
        "grossProfit": 89900000,
        "grossProfitRatio": 0.3750521485,
        "researchAndDevelopmentExpenses": 0,
        "generalAndAdministrativeExpenses": 10474000,
        "sellingAndMarketingExpenses": 26000,
        "sellingGeneralAndAdministrativeExpenses": 10500000,
        "otherExpenses": 0,
        "operatingExpenses": 9800000,
        "costAndExpenses": 159600000,
        "interestIncome": 200000,
        "interestExpense": 8500000,
        "depreciationAndAmortization": 31000000,
        "ebitda": 110475000,
        "ebitdaratio": 0.4608886108,
        "operatingIncome": 80100000,
        "operatingIncomeRatio": 0.3341677096,
        "totalOtherIncomeExpensesNet": -8281000,
        "incomeBeforeTax": 71800000,
        "incomeBeforeTaxRatio": 0.299541093,
        "incomeTaxExpense": 4900000,
        "netIncome": 64151000,
        "netIncomeRatio": 0.2676303713,
        "eps": 0.5,
        "epsdiluted": 0.5,
        "weightedAverageShsOut": 128654000,
        "weightedAverageShsOutDil": 129193000,
        "link": "https://www.sec.gov/Archives/edgar/data/52827/000005282718000009/0000052827-18-000009-index.htm",
        "finalLink": "https://www.sec.gov/Archives/edgar/data/52827/000005282718000009/rayonier201710k.htm"
    },
    {
        "date": "2017-09-30",
        "symbol": "RYN",
        "reportedCurrency": "USD",
        "cik": "0000052827",
        "fillingDate": "2017-11-03",
        "acceptedDate": "2017-11-03 15:04:57",
        "calendarYear": "2017",
        "period": "Q3",
        "revenue": 177900000,
        "costOfRevenue": 136500000,
        "grossProfit": 41400000,
        "grossProfitRatio": 0.2327150084,
        "researchAndDevelopmentExpenses": 0,
        "generalAndAdministrativeExpenses": 9936000,
        "sellingAndMarketingExpenses": -36000,
        "sellingGeneralAndAdministrativeExpenses": 9900000,
        "otherExpenses": -1770000,
        "operatingExpenses": 8165000,
        "costAndExpenses": 138600000,
        "interestIncome": 1100000,
        "interestExpense": 8600000,
        "depreciationAndAmortization": 28700000,
        "ebitda": 68650000,
        "ebitdaratio": 0.38589095,
        "operatingIncome": 39300000,
        "operatingIncomeRatio": 0.2209106239,
        "totalOtherIncomeExpensesNet": -7425000,
        "incomeBeforeTax": 31800000,
        "incomeBeforeTaxRatio": 0.1787521079,
        "incomeTaxExpense": 3000000,
        "netIncome": 24688000,
        "netIncomeRatio": 0.1387745925,
        "eps": 0.19,
        "epsdiluted": 0.19,
        "weightedAverageShsOut": 128611000,
        "weightedAverageShsOutDil": 128966000,
        "link": "https://www.sec.gov/Archives/edgar/data/52827/000005282717000037/0000052827-17-000037-index.htm",
        "finalLink": "https://www.sec.gov/Archives/edgar/data/52827/000005282717000037/rayonier201710q3q2017.htm"
    },
    {
        "date": "2017-06-30",
        "symbol": "RYN",
        "reportedCurrency": "USD",
        "cik": "0000052827",
        "fillingDate": "2017-08-04",
        "acceptedDate": "2017-08-04 17:22:07",
        "calendarYear": "2017",
        "period": "Q2",
        "revenue": 194700000,
        "costOfRevenue": 143700000,
        "grossProfit": 51000000,
        "grossProfitRatio": 0.2619414484,
        "researchAndDevelopmentExpenses": 0,
        "generalAndAdministrativeExpenses": 10246000,
        "sellingAndMarketingExpenses": -46000,
        "sellingGeneralAndAdministrativeExpenses": 10200000,
        "otherExpenses": -784000,
        "operatingExpenses": 9461000,
        "costAndExpenses": 147800000,
        "interestIncome": 4000,
        "interestExpense": 8600000,
        "depreciationAndAmortization": 37100000,
        "ebitda": 84000000,
        "ebitdaratio": 0.4314329738,
        "operatingIncome": 46900000,
        "operatingIncomeRatio": 0.2408834104,
        "totalOtherIncomeExpensesNet": -8627000,
        "incomeBeforeTax": 38300000,
        "incomeBeforeTaxRatio": 0.1967128916,
        "incomeTaxExpense": 7500000,
        "netIncome": 26161000,
        "netIncomeRatio": 0.1343656908,
        "eps": 0.2,
        "epsdiluted": 0.2,
        "weightedAverageShsOut": 128548000,
        "weightedAverageShsOutDil": 129088000,
        "link": "https://www.sec.gov/Archives/edgar/data/52827/000005282717000032/0000052827-17-000032-index.htm",
        "finalLink": "https://www.sec.gov/Archives/edgar/data/52827/000005282717000032/rayonier201710q2q2017.htm"
    },
    {
        "date": "2017-03-31",
        "symbol": "RYN",
        "reportedCurrency": "USD",
        "cik": "0000052827",
        "fillingDate": "2017-05-05",
        "acceptedDate": "2017-05-05 14:31:26",
        "calendarYear": "2017",
        "period": "Q1",
        "revenue": 186500000,
        "costOfRevenue": 136400000,
        "grossProfit": 50100000,
        "grossProfitRatio": 0.2686327078,
        "researchAndDevelopmentExpenses": 0,
        "generalAndAdministrativeExpenses": 9590000,
        "sellingAndMarketingExpenses": 10000,
        "sellingGeneralAndAdministrativeExpenses": 9600000,
        "otherExpenses": -1188000,
        "operatingExpenses": 8402000,
        "costAndExpenses": 137200000,
        "interestIncome": 500000,
        "interestExpense": 8400000,
        "depreciationAndAmortization": 30800000,
        "ebitda": 79069000,
        "ebitdaratio": 0.4239624665,
        "operatingIncome": 49300000,
        "operatingIncomeRatio": 0.2643431635,
        "totalOtherIncomeExpensesNet": -7897000,
        "incomeBeforeTax": 41400000,
        "incomeBeforeTaxRatio": 0.2219839142,
        "incomeTaxExpense": 6300000,
        "netIncome": 33843000,
        "netIncomeRatio": 0.181463807,
        "eps": 0.27,
        "epsdiluted": 0.27,
        "weightedAverageShsOut": 123587901,
        "weightedAverageShsOutDil": 123922866,
        "link": "https://www.sec.gov/Archives/edgar/data/52827/000005282717000021/0000052827-17-000021-index.htm",
        "finalLink": "https://www.sec.gov/Archives/edgar/data/52827/000005282717000021/rayonier201710q1q2017.htm"
    },
    {
        "date": "2016-12-31",
        "symbol": "RYN",
        "reportedCurrency": "USD",
        "cik": "0000052827",
        "fillingDate": "2017-02-24",
        "acceptedDate": "2017-02-24 17:03:11",
        "calendarYear": "2016",
        "period": "Q4",
        "revenue": 220500000,
        "costOfRevenue": 161900000,
        "grossProfit": 58600000,
        "grossProfitRatio": 0.2657596372,
        "researchAndDevelopmentExpenses": 0,
        "generalAndAdministrativeExpenses": 11147000,
        "sellingAndMarketingExpenses": -47000,
        "sellingGeneralAndAdministrativeExpenses": 11100000,
        "otherExpenses": -14124000,
        "operatingExpenses": -2900000,
        "costAndExpenses": 159000000,
        "interestIncome": 400000,
        "interestExpense": 8600000,
        "depreciationAndAmortization": 31400000,
        "ebitda": 92981000,
        "ebitdaratio": 0.4216825397,
        "operatingIncome": 61500000,
        "operatingIncomeRatio": 0.2789115646,
        "totalOtherIncomeExpensesNet": -8225000,
        "incomeBeforeTax": 53300000,
        "incomeBeforeTaxRatio": 0.241723356,
        "incomeTaxExpense": 2800000,
        "netIncome": 48324000,
        "netIncomeRatio": 0.2191564626,
        "eps": 0.39,
        "epsdiluted": 0.39,
        "weightedAverageShsOut": 122618000,
        "weightedAverageShsOutDil": 122900000,
        "link": "https://www.sec.gov/Archives/edgar/data/52827/000005282717000004/0000052827-17-000004-index.htm",
        "finalLink": "https://www.sec.gov/Archives/edgar/data/52827/000005282717000004/rayonier201610k.htm"
    },
    {
        "date": "2016-09-30",
        "symbol": "RYN",
        "reportedCurrency": "USD",
        "cik": "0000052827",
        "fillingDate": "2016-11-04",
        "acceptedDate": "2016-11-04 16:14:29",
        "calendarYear": "2016",
        "period": "Q3",
        "revenue": 171400000,
        "costOfRevenue": 116600000,
        "grossProfit": 54800000,
        "grossProfitRatio": 0.3197199533,
        "researchAndDevelopmentExpenses": 0,
        "generalAndAdministrativeExpenses": 10607000,
        "sellingAndMarketingExpenses": -7000,
        "sellingGeneralAndAdministrativeExpenses": 10600000,
        "otherExpenses": -5499000,
        "operatingExpenses": 5100000,
        "costAndExpenses": 121700000,
        "interestIncome": 200000,
        "interestExpense": 8500000,
        "depreciationAndAmortization": 32000000,
        "ebitda": 81500000,
        "ebitdaratio": 0.475495916,
        "operatingIncome": 49700000,
        "operatingIncomeRatio": 0.2899649942,
        "totalOtherIncomeExpensesNet": -8286000,
        "incomeBeforeTax": 41400000,
        "incomeBeforeTaxRatio": 0.2415402567,
        "incomeTaxExpense": 779000,
        "netIncome": 39355000,
        "netIncomeRatio": 0.2296091015,
        "eps": 0.32,
        "epsdiluted": 0.32,
        "weightedAverageShsOut": 122598000,
        "weightedAverageShsOutDil": 122883000,
        "link": "https://www.sec.gov/Archives/edgar/data/52827/000005282716000088/0000052827-16-000088-index.htm",
        "finalLink": "https://www.sec.gov/Archives/edgar/data/52827/000005282716000088/rayonier201610q3q2016.htm"
    },
    {
        "date": "2016-06-30",
        "symbol": "RYN",
        "reportedCurrency": "USD",
        "cik": "0000052827",
        "fillingDate": "2016-08-05",
        "acceptedDate": "2016-08-05 16:07:23",
        "calendarYear": "2016",
        "period": "Q2",
        "revenue": 261600000,
        "costOfRevenue": 138200000,
        "grossProfit": 123400000,
        "grossProfitRatio": 0.4717125382,
        "researchAndDevelopmentExpenses": 0,
        "generalAndAdministrativeExpenses": 11252000,
        "sellingAndMarketingExpenses": 48000,
        "sellingGeneralAndAdministrativeExpenses": 11300000,
        "otherExpenses": -9463000,
        "operatingExpenses": 1800000,
        "costAndExpenses": 140000000,
        "interestIncome": 300000,
        "interestExpense": 8000000,
        "depreciationAndAmortization": 22400000,
        "ebitda": 145878000,
        "ebitdaratio": 0.5576376147,
        "operatingIncome": 121600000,
        "operatingIncomeRatio": 0.4648318043,
        "totalOtherIncomeExpensesNet": -7712000,
        "incomeBeforeTax": 113900000,
        "incomeBeforeTaxRatio": 0.4353975535,
        "incomeTaxExpense": 2300000,
        "netIncome": 109821000,
        "netIncomeRatio": 0.4198050459,
        "eps": 0.9,
        "epsdiluted": 0.89,
        "weightedAverageShsOut": 122568000,
        "weightedAverageShsOutDil": 122821000,
        "link": "https://www.sec.gov/Archives/edgar/data/52827/000005282716000080/0000052827-16-000080-index.htm",
        "finalLink": "https://www.sec.gov/Archives/edgar/data/52827/000005282716000080/rayonier201610q2q2016.htm"
    },
    {
        "date": "2016-03-31",
        "symbol": "RYN",
        "reportedCurrency": "USD",
        "cik": "0000052827",
        "fillingDate": "2016-05-06",
        "acceptedDate": "2016-05-06 16:35:52",
        "calendarYear": "2016",
        "period": "Q1",
        "revenue": 134800000,
        "costOfRevenue": 108000000,
        "grossProfit": 26800000,
        "grossProfitRatio": 0.1988130564,
        "researchAndDevelopmentExpenses": 0,
        "generalAndAdministrativeExpenses": 9779000,
        "sellingAndMarketingExpenses": 21000,
        "sellingGeneralAndAdministrativeExpenses": 9800000,
        "otherExpenses": -5904000,
        "operatingExpenses": 3875000,
        "costAndExpenses": 111800000,
        "interestIncome": 0,
        "interestExpense": 8700000,
        "depreciationAndAmortization": 29300000,
        "ebitda": 52300000,
        "ebitdaratio": 0.3879821958,
        "operatingIncome": 23000000,
        "operatingIncomeRatio": 0.1706231454,
        "totalOtherIncomeExpensesNet": -8720000,
        "incomeBeforeTax": 14300000,
        "incomeBeforeTaxRatio": 0.1060830861,
        "incomeTaxExpense": -781000,
        "netIncome": 14472000,
        "netIncomeRatio": 0.1073590504,
        "eps": 0.12,
        "epsdiluted": 0.12,
        "weightedAverageShsOut": 122556000,
        "weightedAverageShsOutDil": 122645000,
        "link": "https://www.sec.gov/Archives/edgar/data/52827/000005282716000068/0000052827-16-000068-index.htm",
        "finalLink": "https://www.sec.gov/Archives/edgar/data/52827/000005282716000068/rayonier201610q1q2016.htm"
    },
    {
        "date": "2015-12-31",
        "symbol": "RYN",
        "reportedCurrency": "USD",
        "cik": "0000052827",
        "fillingDate": "2016-02-29",
        "acceptedDate": "2016-02-29 13:59:39",
        "calendarYear": "2015",
        "period": "Q4",
        "revenue": 137100000,
        "costOfRevenue": 114100000,
        "grossProfit": 23000000,
        "grossProfitRatio": 0.1677607586,
        "researchAndDevelopmentExpenses": 0,
        "generalAndAdministrativeExpenses": 11435000,
        "sellingAndMarketingExpenses": -35000,
        "sellingGeneralAndAdministrativeExpenses": 11400000,
        "otherExpenses": -4192000,
        "operatingExpenses": 7300000,
        "costAndExpenses": 121400000,
        "interestIncome": 1300000,
        "interestExpense": 7100000,
        "depreciationAndAmortization": 27900000,
        "ebitda": 43658000,
        "ebitdaratio": 0.3184390956,
        "operatingIncome": 15700000,
        "operatingIncomeRatio": 0.1145149526,
        "totalOtherIncomeExpensesNet": -5844000,
        "incomeBeforeTax": 9900000,
        "incomeBeforeTaxRatio": 0.0722100656,
        "incomeTaxExpense": 450000,
        "netIncome": 10285000,
        "netIncomeRatio": 0.0750182349,
        "eps": 0.08,
        "epsdiluted": 0.08,
        "weightedAverageShsOut": 123186975,
        "weightedAverageShsOutDil": 123300068,
        "link": "https://www.sec.gov/Archives/edgar/data/52827/000005282716000059/0000052827-16-000059-index.htm",
        "finalLink": "https://www.sec.gov/Archives/edgar/data/52827/000005282716000059/rayonier201510k.htm"
    },
    {
        "date": "2015-09-30",
        "symbol": "RYN",
        "reportedCurrency": "USD",
        "cik": "0000052827",
        "fillingDate": "2015-11-09",
        "acceptedDate": "2015-11-09 15:50:38",
        "calendarYear": "2015",
        "period": "Q3",
        "revenue": 151700000,
        "costOfRevenue": 116000000,
        "grossProfit": 35700000,
        "grossProfitRatio": 0.2353328939,
        "researchAndDevelopmentExpenses": 0,
        "generalAndAdministrativeExpenses": 10689000,
        "sellingAndMarketingExpenses": 11000,
        "sellingGeneralAndAdministrativeExpenses": 10700000,
        "otherExpenses": -2855000,
        "operatingExpenses": 7900000,
        "costAndExpenses": 123900000,
        "interestIncome": 0,
        "interestExpense": 9200000,
        "depreciationAndAmortization": 32000000,
        "ebitda": 59800000,
        "ebitdaratio": 0.3941990771,
        "operatingIncome": 27800000,
        "operatingIncomeRatio": 0.1832564272,
        "totalOtherIncomeExpensesNet": -9139000,
        "incomeBeforeTax": 18600000,
        "incomeBeforeTaxRatio": 0.1226104153,
        "incomeTaxExpense": -541000,
        "netIncome": 19669000,
        "netIncomeRatio": 0.1296572182,
        "eps": 0.16,
        "epsdiluted": 0.16,
        "weightedAverageShsOut": 125144000,
        "weightedAverageShsOutDil": 125306000,
        "link": "https://www.sec.gov/Archives/edgar/data/52827/000005282715000051/0000052827-15-000051-index.htm",
        "finalLink": "https://www.sec.gov/Archives/edgar/data/52827/000005282715000051/rayonier201510q3q2015.htm"
    },
    {
        "date": "2015-06-30",
        "symbol": "RYN",
        "reportedCurrency": "USD",
        "cik": "0000052827",
        "fillingDate": "2015-08-07",
        "acceptedDate": "2015-08-07 14:18:33",
        "calendarYear": "2015",
        "period": "Q2",
        "revenue": 115800000,
        "costOfRevenue": 103700000,
        "grossProfit": 12100000,
        "grossProfitRatio": 0.1044905009,
        "researchAndDevelopmentExpenses": 0,
        "generalAndAdministrativeExpenses": 12727000,
        "sellingAndMarketingExpenses": -27000,
        "sellingGeneralAndAdministrativeExpenses": 12700000,
        "otherExpenses": -7138000,
        "operatingExpenses": 5600000,
        "costAndExpenses": 109300000,
        "interestIncome": 0,
        "interestExpense": 9700000,
        "depreciationAndAmortization": 23800000,
        "ebitda": 30300000,
        "ebitdaratio": 0.2616580311,
        "operatingIncome": 6500000,
        "operatingIncomeRatio": 0.0561312608,
        "totalOtherIncomeExpensesNet": -9679000,
        "incomeBeforeTax": -3200000,
        "incomeBeforeTaxRatio": -0.0276338515,
        "incomeTaxExpense": -300000,
        "netIncome": -1536000,
        "netIncomeRatio": -0.0132642487,
        "eps": -0.0118,
        "epsdiluted": -0.0118,
        "weightedAverageShsOut": 126636000,
        "weightedAverageShsOutDil": 126636000,
        "link": "https://www.sec.gov/Archives/edgar/data/52827/000005282715000041/0000052827-15-000041-index.htm",
        "finalLink": "https://www.sec.gov/Archives/edgar/data/52827/000005282715000041/rayonier201510q2q2015.htm"
    },
    {
        "date": "2015-03-31",
        "symbol": "RYN",
        "reportedCurrency": "USD",
        "cik": "0000052827",
        "fillingDate": "2015-05-08",
        "acceptedDate": "2015-05-08 11:06:22",
        "calendarYear": "2015",
        "period": "Q1",
        "revenue": 140300000,
        "costOfRevenue": 107200000,
        "grossProfit": 33100000,
        "grossProfitRatio": 0.2359230221,
        "researchAndDevelopmentExpenses": 0,
        "generalAndAdministrativeExpenses": 10898000,
        "sellingAndMarketingExpenses": 2000,
        "sellingGeneralAndAdministrativeExpenses": 10900000,
        "otherExpenses": -5574000,
        "operatingExpenses": 5324000,
        "costAndExpenses": 112600000,
        "interestIncome": 0,
        "interestExpense": 10000000,
        "depreciationAndAmortization": 30000000,
        "ebitda": 57700000,
        "ebitdaratio": 0.4112615823,
        "operatingIncome": 27700000,
        "operatingIncomeRatio": 0.1974340699,
        "totalOtherIncomeExpensesNet": -10038000,
        "incomeBeforeTax": 17700000,
        "incomeBeforeTaxRatio": 0.1261582324,
        "incomeTaxExpense": -471000,
        "netIncome": 17747000,
        "netIncomeRatio": 0.1264932288,
        "eps": 0.14,
        "epsdiluted": 0.14,
        "weightedAverageShsOut": 126614000,
        "weightedAverageShsOutDil": 127727000,
        "link": "https://www.sec.gov/Archives/edgar/data/52827/000005282715000020/0000052827-15-000020-index.htm",
        "finalLink": "https://www.sec.gov/Archives/edgar/data/52827/000005282715000020/rayonier201510q1q2015.htm"
    },
    {
        "date": "2014-12-31",
        "symbol": "RYN",
        "reportedCurrency": "USD",
        "cik": "0000052827",
        "fillingDate": "2015-03-02",
        "acceptedDate": "2015-03-02 16:38:53",
        "calendarYear": "2014",
        "period": "Q4",
        "revenue": 147400000,
        "costOfRevenue": 126800000,
        "grossProfit": 20600000,
        "grossProfitRatio": 0.1397557666,
        "researchAndDevelopmentExpenses": 0,
        "generalAndAdministrativeExpenses": 11979000,
        "sellingAndMarketingExpenses": 21000,
        "sellingGeneralAndAdministrativeExpenses": 12000000,
        "otherExpenses": 0,
        "operatingExpenses": 6400000,
        "costAndExpenses": 133200000,
        "interestIncome": 0,
        "interestExpense": 10500000,
        "depreciationAndAmortization": 27526000,
        "ebitda": 41733000,
        "ebitdaratio": 0.2831275441,
        "operatingIncome": 14200000,
        "operatingIncomeRatio": 0.0963364993,
        "totalOtherIncomeExpensesNet": -10464000,
        "incomeBeforeTax": 3700000,
        "incomeBeforeTaxRatio": 0.0251017639,
        "incomeTaxExpense": -4300000,
        "netIncome": 8857000,
        "netIncomeRatio": 0.0600881954,
        "eps": 0.07,
        "epsdiluted": 0.07,
        "weightedAverageShsOut": 126549192,
        "weightedAverageShsOutDil": 128302545,
        "link": "https://www.sec.gov/Archives/edgar/data/52827/000005282715000006/0000052827-15-000006-index.htm",
        "finalLink": "https://www.sec.gov/Archives/edgar/data/52827/000005282715000006/rayonier201410k.htm"
    },
    {
        "date": "2014-09-30",
        "symbol": "RYN",
        "reportedCurrency": "USD",
        "cik": "0000052827",
        "fillingDate": "2014-11-10",
        "acceptedDate": "2014-11-10 07:39:42",
        "calendarYear": "2014",
        "period": "Q3",
        "revenue": 149829000,
        "costOfRevenue": 118088000,
        "grossProfit": 31741000,
        "grossProfitRatio": 0.2118481736,
        "researchAndDevelopmentExpenses": 0,
        "generalAndAdministrativeExpenses": 8806000,
        "sellingAndMarketingExpenses": 0,
        "sellingGeneralAndAdministrativeExpenses": 8806000,
        "otherExpenses": 0,
        "operatingExpenses": -338000,
        "costAndExpenses": 127133000,
        "interestIncome": 0,
        "interestExpense": 11300000,
        "depreciationAndAmortization": 34000000,
        "ebitda": 65711000,
        "ebitdaratio": 0.4385733069,
        "operatingIncome": 32079000,
        "operatingIncomeRatio": 0.2141040786,
        "totalOtherIncomeExpensesNet": -11300000,
        "incomeBeforeTax": 20779000,
        "incomeBeforeTaxRatio": 0.1386847673,
        "incomeTaxExpense": -11280000,
        "netIncome": 32701000,
        "netIncomeRatio": 0.2182554779,
        "eps": 0.26,
        "epsdiluted": 0.25,
        "weightedAverageShsOut": 126502000,
        "weightedAverageShsOutDil": 129791000,
        "link": "https://www.sec.gov/Archives/edgar/data/52827/000005282714000064/0000052827-14-000064-index.htm",
        "finalLink": "https://www.sec.gov/Archives/edgar/data/52827/000005282714000064/rayonier201410q3q2014.htm"
    },
    {
        "date": "2014-06-30",
        "symbol": "RYN",
        "reportedCurrency": "USD",
        "cik": "0000052827",
        "fillingDate": "2014-08-08",
        "acceptedDate": "2014-08-08 16:07:05",
        "calendarYear": "2014",
        "period": "Q2",
        "revenue": 163100000,
        "costOfRevenue": 121100000,
        "grossProfit": 42000000,
        "grossProfitRatio": 0.2575107296,
        "researchAndDevelopmentExpenses": 0,
        "generalAndAdministrativeExpenses": 13861000,
        "sellingAndMarketingExpenses": 39000,
        "sellingGeneralAndAdministrativeExpenses": 13900000,
        "otherExpenses": -11389000,
        "operatingExpenses": 2472000,
        "costAndExpenses": 123500000,
        "interestIncome": 0,
        "interestExpense": 20000000,
        "depreciationAndAmortization": 30335000,
        "ebitda": 67912000,
        "ebitdaratio": 0.4163825874,
        "operatingIncome": 37577000,
        "operatingIncomeRatio": 0.2303923973,
        "totalOtherIncomeExpensesNet": -19997000,
        "incomeBeforeTax": 17580000,
        "incomeBeforeTaxRatio": 0.107786634,
        "incomeTaxExpense": 13500000,
        "netIncome": 16353000,
        "netIncomeRatio": 0.1002636419,
        "eps": 0.15,
        "epsdiluted": 0.14,
        "weightedAverageShsOut": 126434000,
        "weightedAverageShsOutDil": 132300000,
        "link": "https://www.sec.gov/Archives/edgar/data/52827/000005282714000049/0000052827-14-000049-index.htm",
        "finalLink": "https://www.sec.gov/Archives/edgar/data/52827/000005282714000049/rayonier201410q2q2014.htm"
    },
    {
        "date": "2014-03-31",
        "symbol": "RYN",
        "reportedCurrency": "USD",
        "cik": "0000052827",
        "fillingDate": "2014-04-30",
        "acceptedDate": "2014-04-30 12:41:27",
        "calendarYear": "2014",
        "period": "Q1",
        "revenue": 386700000,
        "costOfRevenue": 302700000,
        "grossProfit": 84000000,
        "grossProfitRatio": 0.2172226532,
        "researchAndDevelopmentExpenses": 0,
        "generalAndAdministrativeExpenses": 15491000,
        "sellingAndMarketingExpenses": 9000,
        "sellingGeneralAndAdministrativeExpenses": 13237000,
        "otherExpenses": -375000,
        "operatingExpenses": 12862000,
        "costAndExpenses": 321700000,
        "interestIncome": 0,
        "interestExpense": 11686000,
        "depreciationAndAmortization": 25981000,
        "ebitda": 40406000,
        "ebitdaratio": 0.1044892682,
        "operatingIncome": 14425000,
        "operatingIncomeRatio": 0.0373028187,
        "totalOtherIncomeExpensesNet": -11686000,
        "incomeBeforeTax": 2739000,
        "incomeBeforeTaxRatio": 0.0070830101,
        "incomeTaxExpense": -7596000,
        "netIncome": 41426000,
        "netIncomeRatio": 0.1071269718,
        "eps": 0.34,
        "epsdiluted": 0.34,
        "weightedAverageShsOut": 126345000,
        "weightedAverageShsOutDil": 128424000,
        "link": "https://www.sec.gov/Archives/edgar/data/52827/000005282714000014/0000052827-14-000014-index.htm",
        "finalLink": "https://www.sec.gov/Archives/edgar/data/52827/000005282714000014/rayonier201410q1q2014.htm"
    },
    {
        "date": "2013-12-31",
        "symbol": "RYN",
        "reportedCurrency": "USD",
        "cik": "0000052827",
        "fillingDate": "2014-02-28",
        "acceptedDate": "2014-02-28 16:14:38",
        "calendarYear": "2013",
        "period": "Q4",
        "revenue": 520200000,
        "costOfRevenue": 395400000,
        "grossProfit": 124800000,
        "grossProfitRatio": 0.2399077278,
        "researchAndDevelopmentExpenses": 0,
        "generalAndAdministrativeExpenses": 16489000,
        "sellingAndMarketingExpenses": 11000,
        "sellingGeneralAndAdministrativeExpenses": 16500000,
        "otherExpenses": -4934000,
        "operatingExpenses": 11600000,
        "costAndExpenses": 407000000,
        "interestIncome": 500000,
        "interestExpense": 13000000,
        "depreciationAndAmortization": 58500000,
        "ebitda": 172166000,
        "ebitdaratio": 0.3309611688,
        "operatingIncome": 113200000,
        "operatingIncomeRatio": 0.2176086121,
        "totalOtherIncomeExpensesNet": -12531000,
        "incomeBeforeTax": 25209000,
        "incomeBeforeTaxRatio": 0.0484602076,
        "incomeTaxExpense": 18500000,
        "netIncome": 79652000,
        "netIncomeRatio": 0.1531180315,
        "eps": 0.63,
        "epsdiluted": 0.62,
        "weightedAverageShsOut": 126216000,
        "weightedAverageShsOutDil": 128950000,
        "link": "https://www.sec.gov/Archives/edgar/data/52827/000005282714000007/0000052827-14-000007-index.htm",
        "finalLink": "https://www.sec.gov/Archives/edgar/data/52827/000005282714000007/rayonier201310k.htm"
    },
    {
        "date": "2013-09-30",
        "symbol": "RYN",
        "reportedCurrency": "USD",
        "cik": "0000052827",
        "fillingDate": "2013-10-31",
        "acceptedDate": "2013-10-31 15:10:04",
        "calendarYear": "2013",
        "period": "Q3",
        "revenue": 384800000,
        "costOfRevenue": 287200000,
        "grossProfit": 97600000,
        "grossProfitRatio": 0.2536382536,
        "researchAndDevelopmentExpenses": 0,
        "generalAndAdministrativeExpenses": 15326000,
        "sellingAndMarketingExpenses": -26000,
        "sellingGeneralAndAdministrativeExpenses": 13104000,
        "otherExpenses": -2814000,
        "operatingExpenses": 10290000,
        "costAndExpenses": 301200000,
        "interestIncome": 0,
        "interestExpense": 11737000,
        "depreciationAndAmortization": 30811000,
        "ebitda": 50780000,
        "ebitdaratio": 0.131964657,
        "operatingIncome": 19969000,
        "operatingIncomeRatio": 0.0518944906,
        "totalOtherIncomeExpensesNet": -11737000,
        "incomeBeforeTax": 8232000,
        "incomeBeforeTaxRatio": 0.0213929314,
        "incomeTaxExpense": -6808000,
        "netIncome": 57345000,
        "netIncomeRatio": 0.1490254678,
        "eps": 0.45,
        "epsdiluted": 0.44,
        "weightedAverageShsOut": 126122000,
        "weightedAverageShsOutDil": 130913000,
        "link": "https://www.sec.gov/Archives/edgar/data/52827/000005282713000035/0000052827-13-000035-index.htm",
        "finalLink": "https://www.sec.gov/Archives/edgar/data/52827/000005282713000035/rayonier201310q3q2013.htm"
    },
    {
        "date": "2013-06-30",
        "symbol": "RYN",
        "reportedCurrency": "USD",
        "cik": "0000052827",
        "fillingDate": "2013-07-26",
        "acceptedDate": "2013-07-26 16:25:09",
        "calendarYear": "2013",
        "period": "Q2",
        "revenue": 409100000,
        "costOfRevenue": 297700000,
        "grossProfit": 111400000,
        "grossProfitRatio": 0.2723050599,
        "researchAndDevelopmentExpenses": 0,
        "generalAndAdministrativeExpenses": 16929000,
        "sellingAndMarketingExpenses": -29000,
        "sellingGeneralAndAdministrativeExpenses": 14703000,
        "otherExpenses": 0,
        "operatingExpenses": 16900000,
        "costAndExpenses": 314600000,
        "interestIncome": 2500000,
        "interestExpense": 11351000,
        "depreciationAndAmortization": 14865000,
        "ebitda": 49900000,
        "ebitdaratio": 0.1219750672,
        "operatingIncome": 32351000,
        "operatingIncomeRatio": 0.0790784649,
        "totalOtherIncomeExpensesNet": -8667000,
        "incomeBeforeTax": 23684000,
        "incomeBeforeTaxRatio": 0.0578929357,
        "incomeTaxExpense": -15947000,
        "netIncome": 87164000,
        "netIncomeRatio": 0.2130628208,
        "eps": 0.69,
        "epsdiluted": 0.67,
        "weightedAverageShsOut": 126027000,
        "weightedAverageShsOutDil": 130767000,
        "link": "https://www.sec.gov/Archives/edgar/data/52827/000005282713000030/0000052827-13-000030-index.htm",
        "finalLink": "https://www.sec.gov/Archives/edgar/data/52827/000005282713000030/rayonier201310q2q2013.htm"
    },
    {
        "date": "2013-03-31",
        "symbol": "RYN",
        "reportedCurrency": "USD",
        "cik": "0000052827",
        "fillingDate": "2013-04-26",
        "acceptedDate": "2013-04-26 12:57:51",
        "calendarYear": "2013",
        "period": "Q1",
        "revenue": 393700000,
        "costOfRevenue": 266000000,
        "grossProfit": 127700000,
        "grossProfitRatio": 0.3243586487,
        "researchAndDevelopmentExpenses": 0,
        "generalAndAdministrativeExpenses": 16099000,
        "sellingAndMarketingExpenses": 1000,
        "sellingGeneralAndAdministrativeExpenses": 13397000,
        "otherExpenses": -3761000,
        "operatingExpenses": 9249000,
        "costAndExpenses": 278300000,
        "interestIncome": 57000,
        "interestExpense": 7700000,
        "depreciationAndAmortization": 36000000,
        "ebitda": 151412000,
        "ebitdaratio": 0.3845872492,
        "operatingIncome": 115400000,
        "operatingIncomeRatio": 0.2931165862,
        "totalOtherIncomeExpensesNet": -7660000,
        "incomeBeforeTax": 107700000,
        "incomeBeforeTaxRatio": 0.2735585471,
        "incomeTaxExpense": 4400000,
        "netIncome": 147735000,
        "netIncomeRatio": 0.3752476505,
        "eps": 1.19,
        "epsdiluted": 1.13,
        "weightedAverageShsOut": 124480000,
        "weightedAverageShsOutDil": 130437000,
        "link": "https://www.sec.gov/Archives/edgar/data/52827/000005282713000014/0000052827-13-000014-index.htm",
        "finalLink": "https://www.sec.gov/Archives/edgar/data/52827/000005282713000014/rayonier201310q1q2013.htm"
    },
    {
        "date": "2012-12-31",
        "symbol": "RYN",
        "reportedCurrency": "USD",
        "cik": "0000052827",
        "fillingDate": "2013-02-26",
        "acceptedDate": "2013-02-26 17:26:10",
        "calendarYear": "2012",
        "period": "Q4",
        "revenue": 434300000,
        "costOfRevenue": 310300000,
        "grossProfit": 124000000,
        "grossProfitRatio": 0.2855169238,
        "researchAndDevelopmentExpenses": 0,
        "generalAndAdministrativeExpenses": 16692000,
        "sellingAndMarketingExpenses": 8000,
        "sellingGeneralAndAdministrativeExpenses": 16324000,
        "otherExpenses": -8599000,
        "operatingExpenses": 8300000,
        "costAndExpenses": 318600000,
        "interestIncome": 200000,
        "interestExpense": 8800000,
        "depreciationAndAmortization": 46200000,
        "ebitda": 162208000,
        "ebitdaratio": 0.3734929772,
        "operatingIncome": 115700000,
        "operatingIncomeRatio": 0.2664057103,
        "totalOtherIncomeExpensesNet": -8786000,
        "incomeBeforeTax": 103930000,
        "incomeBeforeTaxRatio": 0.2393046281,
        "incomeTaxExpense": 31500000,
        "netIncome": 75609000,
        "netIncomeRatio": 0.1740939443,
        "eps": 0.61,
        "epsdiluted": 0.59,
        "weightedAverageShsOut": 123185000,
        "weightedAverageShsOutDil": 128966000,
        "link": "https://www.sec.gov/Archives/edgar/data/52827/000005282713000006/0000052827-13-000006-index.htm",
        "finalLink": "https://www.sec.gov/Archives/edgar/data/52827/000005282713000006/rayonier201210k.htm"
    },
    {
        "date": "2012-09-30",
        "symbol": "RYN",
        "reportedCurrency": "USD",
        "cik": "0000052827",
        "fillingDate": "2012-10-26",
        "acceptedDate": "2012-10-26 15:54:31",
        "calendarYear": "2012",
        "period": "Q3",
        "revenue": 409000000,
        "costOfRevenue": 278700000,
        "grossProfit": 130300000,
        "grossProfitRatio": 0.3185819071,
        "researchAndDevelopmentExpenses": 0,
        "generalAndAdministrativeExpenses": 0,
        "sellingAndMarketingExpenses": 15800000,
        "sellingGeneralAndAdministrativeExpenses": 15476000,
        "otherExpenses": 240000,
        "operatingExpenses": 15800000,
        "costAndExpenses": 294500000,
        "interestIncome": 300000,
        "interestExpense": 8300000,
        "depreciationAndAmortization": 36300000,
        "ebitda": 147018000,
        "ebitdaratio": 0.3594572127,
        "operatingIncome": 113200000,
        "operatingIncomeRatio": 0.2767726161,
        "totalOtherIncomeExpensesNet": -7100000,
        "incomeBeforeTax": 103227000,
        "incomeBeforeTaxRatio": 0.2523887531,
        "incomeTaxExpense": 23949000,
        "netIncome": 80560000,
        "netIncomeRatio": 0.1969682152,
        "eps": 0.66,
        "epsdiluted": 0.62,
        "weightedAverageShsOut": 122849000,
        "weightedAverageShsOutDil": 129960000,
        "link": "https://www.sec.gov/Archives/edgar/data/52827/000005282712000043/0000052827-12-000043-index.htm",
        "finalLink": "https://www.sec.gov/Archives/edgar/data/52827/000005282712000043/rayonier201210q3q2012.htm"
    },
    {
        "date": "2012-06-30",
        "symbol": "RYN",
        "reportedCurrency": "USD",
        "cik": "0000052827",
        "fillingDate": "2012-07-27",
        "acceptedDate": "2012-07-27 15:01:09",
        "calendarYear": "2012",
        "period": "Q2",
        "revenue": 371900000,
        "costOfRevenue": 262600000,
        "grossProfit": 109300000,
        "grossProfitRatio": 0.2938962087,
        "researchAndDevelopmentExpenses": 0,
        "generalAndAdministrativeExpenses": 0,
        "sellingAndMarketingExpenses": 16200000,
        "sellingGeneralAndAdministrativeExpenses": 15892000,
        "otherExpenses": -5465000,
        "operatingExpenses": 10700000,
        "costAndExpenses": 273300000,
        "interestIncome": 100000,
        "interestExpense": 16100000,
        "depreciationAndAmortization": 35000000,
        "ebitda": 128361000,
        "ebitdaratio": 0.3451492337,
        "operatingIncome": 98600000,
        "operatingIncomeRatio": 0.2651250336,
        "totalOtherIncomeExpensesNet": -15971000,
        "incomeBeforeTax": 78126000,
        "incomeBeforeTaxRatio": 0.2100726002,
        "incomeTaxExpense": 13500000,
        "netIncome": 69079000,
        "netIncomeRatio": 0.1857461683,
        "eps": 0.56,
        "epsdiluted": 0.54,
        "weightedAverageShsOut": 122455000,
        "weightedAverageShsOutDil": 127411000,
        "link": "https://www.sec.gov/Archives/edgar/data/52827/000005282712000037/0000052827-12-000037-index.htm",
        "finalLink": "https://www.sec.gov/Archives/edgar/data/52827/000005282712000037/rayonier201210q2q2012.htm"
    },
    {
        "date": "2012-03-31",
        "symbol": "RYN",
        "reportedCurrency": "USD",
        "cik": "0000052827",
        "fillingDate": "2012-04-25",
        "acceptedDate": "2012-04-25 16:21:37",
        "calendarYear": "2012",
        "period": "Q1",
        "revenue": 355800000,
        "costOfRevenue": 253300000,
        "grossProfit": 102500000,
        "grossProfitRatio": 0.2880831928,
        "researchAndDevelopmentExpenses": 0,
        "generalAndAdministrativeExpenses": 0,
        "sellingAndMarketingExpenses": 19600000,
        "sellingGeneralAndAdministrativeExpenses": 19265000,
        "otherExpenses": -1152000,
        "operatingExpenses": 18500000,
        "costAndExpenses": 271800000,
        "interestIncome": 0,
        "interestExpense": 11900000,
        "depreciationAndAmortization": 31200000,
        "ebitda": 115200000,
        "ebitdaratio": 0.323777403,
        "operatingIncome": 84000000,
        "operatingIncomeRatio": 0.2360876897,
        "totalOtherIncomeExpensesNet": -13098000,
        "incomeBeforeTax": 70902000,
        "incomeBeforeTaxRatio": 0.1992748735,
        "incomeTaxExpense": 18700000,
        "netIncome": 53437000,
        "netIncomeRatio": 0.150188308,
        "eps": 0.44,
        "epsdiluted": 0.42,
        "weightedAverageShsOut": 122352000,
        "weightedAverageShsOutDil": 127932000,
        "link": "https://www.sec.gov/Archives/edgar/data/52827/000005282712000014/0000052827-12-000014-index.htm",
        "finalLink": "https://www.sec.gov/Archives/edgar/data/52827/000005282712000014/rayonier201210q1q2012.htm"
    },
    {
        "date": "2011-12-31",
        "symbol": "RYN",
        "reportedCurrency": "USD",
        "cik": "0000052827",
        "fillingDate": "2012-02-28",
        "acceptedDate": "2012-02-28 16:57:51",
        "calendarYear": "2011",
        "period": "Q4",
        "revenue": 388424000,
        "costOfRevenue": 287265000,
        "grossProfit": 101159000,
        "grossProfitRatio": 0.2604344737,
        "researchAndDevelopmentExpenses": 0,
        "generalAndAdministrativeExpenses": 0,
        "sellingAndMarketingExpenses": -48225000,
        "sellingGeneralAndAdministrativeExpenses": 48225000,
        "otherExpenses": 0,
        "operatingExpenses": 19834000,
        "costAndExpenses": 297702000,
        "interestIncome": -84000,
        "interestExpense": 12475000,
        "depreciationAndAmortization": 33984000,
        "ebitda": 115225000,
        "ebitdaratio": 0.296647478,
        "operatingIncome": 81325000,
        "operatingIncomeRatio": 0.2093717175,
        "totalOtherIncomeExpensesNet": -12559000,
        "incomeBeforeTax": 68766000,
        "incomeBeforeTaxRatio": 0.177038494,
        "incomeTaxExpense": 12535000,
        "netIncome": 56231000,
        "netIncomeRatio": 0.1447670587,
        "eps": 0.46,
        "epsdiluted": 0.46,
        "weightedAverageShsOut": 121655000,
        "weightedAverageShsOutDil": 122352000,
        "link": "https://www.sec.gov/Archives/edgar/data/52827/000005282712000009/0000052827-12-000009-index.htm",
        "finalLink": "https://www.sec.gov/Archives/edgar/data/52827/000005282712000009/rayonier201110k.htm"
    },
    {
        "date": "2011-09-30",
        "symbol": "RYN",
        "reportedCurrency": "USD",
        "cik": "0000052827",
        "fillingDate": "2011-10-28",
        "acceptedDate": "2011-10-28 15:26:50",
        "calendarYear": "2011",
        "period": "Q3",
        "revenue": 385100000,
        "costOfRevenue": 266200000,
        "grossProfit": 118900000,
        "grossProfitRatio": 0.3087509738,
        "researchAndDevelopmentExpenses": 0,
        "generalAndAdministrativeExpenses": 0,
        "sellingAndMarketingExpenses": 15800000,
        "sellingGeneralAndAdministrativeExpenses": 15800000,
        "otherExpenses": -4171000,
        "operatingExpenses": 11591000,
        "costAndExpenses": 276800000,
        "interestIncome": 331000,
        "interestExpense": 12400000,
        "depreciationAndAmortization": 38895000,
        "ebitda": 147536000,
        "ebitdaratio": 0.3831108803,
        "operatingIncome": 108300000,
        "operatingIncomeRatio": 0.2812256557,
        "totalOtherIncomeExpensesNet": -11031000,
        "incomeBeforeTax": 96300000,
        "incomeBeforeTaxRatio": 0.2500649182,
        "incomeTaxExpense": -8600000,
        "netIncome": 104909000,
        "netIncomeRatio": 0.2724201506,
        "eps": 0.86,
        "epsdiluted": 0.84,
        "weightedAverageShsOut": 121790000,
        "weightedAverageShsOutDil": 125600000,
        "link": "https://www.sec.gov/Archives/edgar/data/52827/000005282711000067/0000052827-11-000067-index.htm",
        "finalLink": "https://www.sec.gov/Archives/edgar/data/52827/000005282711000067/rayonier201110q3q2011.htm"
    },
    {
        "date": "2011-06-30",
        "symbol": "RYN",
        "reportedCurrency": "USD",
        "cik": "0000052827",
        "fillingDate": "2011-07-28",
        "acceptedDate": "2011-07-28 15:38:58",
        "calendarYear": "2011",
        "period": "Q2",
        "revenue": 357397000,
        "costOfRevenue": 262772000,
        "grossProfit": 94625000,
        "grossProfitRatio": 0.2647615956,
        "researchAndDevelopmentExpenses": 0,
        "generalAndAdministrativeExpenses": 0,
        "sellingAndMarketingExpenses": 15992000,
        "sellingGeneralAndAdministrativeExpenses": 15992000,
        "otherExpenses": 709000,
        "operatingExpenses": 16701000,
        "costAndExpenses": 279473000,
        "interestIncome": 314000,
        "interestExpense": 12628000,
        "depreciationAndAmortization": 30993000,
        "ebitda": 110380000,
        "ebitdaratio": 0.3088442264,
        "operatingIncome": 77924000,
        "operatingIncomeRatio": 0.2180320484,
        "totalOtherIncomeExpensesNet": -11165000,
        "incomeBeforeTax": 66759000,
        "incomeBeforeTaxRatio": 0.1867922786,
        "incomeTaxExpense": 10305000,
        "netIncome": 56454000,
        "netIncomeRatio": 0.1579587965,
        "eps": 0.46,
        "epsdiluted": 0.45,
        "weightedAverageShsOut": 121693000,
        "weightedAverageShsOutDil": 126191000,
        "link": "https://www.sec.gov/Archives/edgar/data/52827/000005282711000046/0000052827-11-000046-index.htm",
        "finalLink": "https://www.sec.gov/Archives/edgar/data/52827/000005282711000046/rayonier201110q2q2011.htm"
    },
    {
        "date": "2011-03-31",
        "symbol": "RYN",
        "reportedCurrency": "USD",
        "cik": "0000052827",
        "fillingDate": "2011-04-26",
        "acceptedDate": "2011-04-26 16:47:59",
        "calendarYear": "2011",
        "period": "Q1",
        "revenue": 357731000,
        "costOfRevenue": 257511000,
        "grossProfit": 100220000,
        "grossProfitRatio": 0.2801546413,
        "researchAndDevelopmentExpenses": 0,
        "generalAndAdministrativeExpenses": 0,
        "sellingAndMarketingExpenses": 16433000,
        "sellingGeneralAndAdministrativeExpenses": 16433000,
        "otherExpenses": 0,
        "operatingExpenses": 16433000,
        "costAndExpenses": 273944000,
        "interestIncome": 293000,
        "interestExpense": 13317000,
        "depreciationAndAmortization": 31870000,
        "ebitda": 119741000,
        "ebitdaratio": 0.3347235772,
        "operatingIncome": 87578000,
        "operatingIncomeRatio": 0.2448152383,
        "totalOtherIncomeExpensesNet": -13024000,
        "incomeBeforeTax": 74554000,
        "incomeBeforeTaxRatio": 0.2084079937,
        "incomeTaxExpense": 16142000,
        "netIncome": 58412000,
        "netIncomeRatio": 0.1632847028,
        "eps": 0.48,
        "epsdiluted": 0.47,
        "weightedAverageShsOut": 121420000,
        "weightedAverageShsOutDil": 127932000,
        "link": "https://www.sec.gov/Archives/edgar/data/52827/000005282711000015/0000052827-11-000015-index.htm",
        "finalLink": "https://www.sec.gov/Archives/edgar/data/52827/000005282711000015/rayonier2011q110q.htm"
    },
    {
        "date": "2010-12-31",
        "symbol": "RYN",
        "reportedCurrency": "USD",
        "cik": "0000052827",
        "fillingDate": "2011-02-23",
        "acceptedDate": "2011-02-23 13:40:35",
        "calendarYear": "2010",
        "period": "Q4",
        "revenue": 315308000,
        "costOfRevenue": 245103000,
        "grossProfit": 70205000,
        "grossProfitRatio": 0.2226553085,
        "researchAndDevelopmentExpenses": 0,
        "generalAndAdministrativeExpenses": 0,
        "sellingAndMarketingExpenses": -49264000,
        "sellingGeneralAndAdministrativeExpenses": 42644000,
        "otherExpenses": 0,
        "operatingExpenses": 26940000,
        "costAndExpenses": 269561000,
        "interestIncome": 372000,
        "interestExpense": 12783000,
        "depreciationAndAmortization": 27719000,
        "ebitda": 84756000,
        "ebitdaratio": 0.2688038362,
        "operatingIncome": 43265000,
        "operatingIncomeRatio": 0.1372150405,
        "totalOtherIncomeExpensesNet": 989000,
        "incomeBeforeTax": 44254000,
        "incomeBeforeTaxRatio": 0.1403516562,
        "incomeTaxExpense": -14917000,
        "netIncome": 59171000,
        "netIncomeRatio": 0.1876609537,
        "eps": 0.49,
        "epsdiluted": 0.49,
        "weightedAverageShsOut": 120790000,
        "weightedAverageShsOutDil": 121420000,
        "link": "https://www.sec.gov/Archives/edgar/data/52827/000119312511043344/0001193125-11-043344-index.htm",
        "finalLink": "https://www.sec.gov/Archives/edgar/data/52827/000119312511043344/d10k.htm"
    },
    {
        "date": "2010-09-30",
        "symbol": "RYN",
        "reportedCurrency": "USD",
        "cik": "0000052827",
        "fillingDate": "2010-10-28",
        "acceptedDate": "2010-10-28 09:04:13",
        "calendarYear": "2010",
        "period": "Q3",
        "revenue": 377500000,
        "costOfRevenue": 269200000,
        "grossProfit": 108300000,
        "grossProfitRatio": 0.2868874172,
        "researchAndDevelopmentExpenses": 0,
        "generalAndAdministrativeExpenses": 0,
        "sellingAndMarketingExpenses": 17100000,
        "sellingGeneralAndAdministrativeExpenses": 17100000,
        "otherExpenses": -895000,
        "operatingExpenses": 16200000,
        "costAndExpenses": 285400000,
        "interestIncome": 300000,
        "interestExpense": 12900000,
        "depreciationAndAmortization": 39200000,
        "ebitda": 131592000,
        "ebitdaratio": 0.3485880795,
        "operatingIncome": 92100000,
        "operatingIncomeRatio": 0.2439735099,
        "totalOtherIncomeExpensesNet": -12598000,
        "incomeBeforeTax": 79500000,
        "incomeBeforeTaxRatio": 0.2105960265,
        "incomeTaxExpense": 16600000,
        "netIncome": 62904000,
        "netIncomeRatio": 0.1666331126,
        "eps": 0.52,
        "epsdiluted": 0.51,
        "weightedAverageShsOut": 120394000,
        "weightedAverageShsOutDil": 122206000,
        "link": "https://www.sec.gov/Archives/edgar/data/52827/000119312510238973/0001193125-10-238973-index.htm",
        "finalLink": "https://www.sec.gov/Archives/edgar/data/52827/000119312510238973/d10q.htm"
    },
    {
        "date": "2010-06-30",
        "symbol": "RYN",
        "reportedCurrency": "USD",
        "cik": "0000052827",
        "fillingDate": "2010-07-30",
        "acceptedDate": "2010-07-30 09:19:51",
        "calendarYear": "2010",
        "period": "Q2",
        "revenue": 312200000,
        "costOfRevenue": 242900000,
        "grossProfit": 69300000,
        "grossProfitRatio": 0.2219730942,
        "researchAndDevelopmentExpenses": 0,
        "generalAndAdministrativeExpenses": 0,
        "sellingAndMarketingExpenses": 15100000,
        "sellingGeneralAndAdministrativeExpenses": 15100000,
        "otherExpenses": -1260000,
        "operatingExpenses": 13912000,
        "costAndExpenses": 255900000,
        "interestIncome": 400000,
        "interestExpense": 12200000,
        "depreciationAndAmortization": 33200000,
        "ebitda": 89945000,
        "ebitdaratio": 0.2881005766,
        "operatingIncome": 55358000,
        "operatingIncomeRatio": 0.1773158232,
        "totalOtherIncomeExpensesNet": -10856000,
        "incomeBeforeTax": 44500000,
        "incomeBeforeTaxRatio": 0.1425368354,
        "incomeTaxExpense": 6000000,
        "netIncome": 38558000,
        "netIncomeRatio": 0.123504164,
        "eps": 0.32,
        "epsdiluted": 0.32,
        "weightedAverageShsOut": 120156000,
        "weightedAverageShsOutDil": 121639000,
        "link": "https://www.sec.gov/Archives/edgar/data/52827/000119312510171608/0001193125-10-171608-index.htm",
        "finalLink": "https://www.sec.gov/Archives/edgar/data/52827/000119312510171608/d10q.htm"
    },
    {
        "date": "2010-03-31",
        "symbol": "RYN",
        "reportedCurrency": "USD",
        "cik": "0000052827",
        "fillingDate": "2010-05-07",
        "acceptedDate": "2010-05-07 13:52:42",
        "calendarYear": "2010",
        "period": "Q1",
        "revenue": 310200000,
        "costOfRevenue": 232900000,
        "grossProfit": 77300000,
        "grossProfitRatio": 0.2491940683,
        "researchAndDevelopmentExpenses": 0,
        "generalAndAdministrativeExpenses": 0,
        "sellingAndMarketingExpenses": 17000000,
        "sellingGeneralAndAdministrativeExpenses": 17000000,
        "otherExpenses": -4568000,
        "operatingExpenses": 12399000,
        "costAndExpenses": 233300000,
        "interestIncome": 200000,
        "interestExpense": 12500000,
        "depreciationAndAmortization": 43300000,
        "ebitda": 120377000,
        "ebitdaratio": 0.3880625403,
        "operatingIncome": 64948000,
        "operatingIncomeRatio": 0.209374597,
        "totalOtherIncomeExpensesNet": -386000,
        "incomeBeforeTax": 64600000,
        "incomeBeforeTaxRatio": 0.2082527402,
        "incomeTaxExpense": 7600000,
        "netIncome": 56953000,
        "netIncomeRatio": 0.1836009026,
        "eps": 0.47,
        "epsdiluted": 0.47,
        "weightedAverageShsOut": 119612000,
        "weightedAverageShsOutDil": 121064000,
        "link": "https://www.sec.gov/Archives/edgar/data/52827/000119312510112552/0001193125-10-112552-index.htm",
        "finalLink": "https://www.sec.gov/Archives/edgar/data/52827/000119312510112552/d10q.htm"
    },
    {
        "date": "2009-12-31",
        "symbol": "RYN",
        "reportedCurrency": "USD",
        "cik": "0000052827",
        "fillingDate": "2010-02-24",
        "acceptedDate": "2010-02-24 16:19:16",
        "calendarYear": "2009",
        "period": "Q4",
        "revenue": 309836000,
        "costOfRevenue": 241917000,
        "grossProfit": 67919000,
        "grossProfitRatio": 0.2192095173,
        "researchAndDevelopmentExpenses": 0,
        "generalAndAdministrativeExpenses": 0,
        "sellingAndMarketingExpenses": -44988000,
        "sellingGeneralAndAdministrativeExpenses": 104687000,
        "otherExpenses": -70703000,
        "operatingExpenses": -53032000,
        "costAndExpenses": 188841000,
        "interestIncome": 1216000,
        "interestExpense": 14811000,
        "depreciationAndAmortization": 31537000,
        "ebitda": 153704000,
        "ebitdaratio": 0.4960817981,
        "operatingIncome": 120951000,
        "operatingIncomeRatio": 0.390371035,
        "totalOtherIncomeExpensesNet": -13595000,
        "incomeBeforeTax": 107356000,
        "incomeBeforeTaxRatio": 0.3464929834,
        "incomeTaxExpense": 9629000,
        "netIncome": 97727000,
        "netIncomeRatio": 0.3154152519,
        "eps": 0.82,
        "epsdiluted": 0.82,
        "weightedAverageShsOut": 119011000,
        "weightedAverageShsOutDil": 119612000,
        "link": "https://www.sec.gov/Archives/edgar/data/52827/000119312510038889/0001193125-10-038889-index.htm",
        "finalLink": "https://www.sec.gov/Archives/edgar/data/52827/000119312510038889/d10k.htm"
    },
    {
        "date": "2009-09-30",
        "symbol": "RYN",
        "reportedCurrency": "USD",
        "cik": "0000052827",
        "fillingDate": "2009-10-28",
        "acceptedDate": "2009-10-28 16:58:36",
        "calendarYear": "2009",
        "period": "Q3",
        "revenue": 300600000,
        "costOfRevenue": 231800000,
        "grossProfit": 68800000,
        "grossProfitRatio": 0.2288755822,
        "researchAndDevelopmentExpenses": 0,
        "generalAndAdministrativeExpenses": 0,
        "sellingAndMarketingExpenses": 16000000,
        "sellingGeneralAndAdministrativeExpenses": 16000000,
        "otherExpenses": -58308000,
        "operatingExpenses": -42336000,
        "costAndExpenses": 189500000,
        "interestIncome": 300000,
        "interestExpense": 12800000,
        "depreciationAndAmortization": 40159000,
        "ebitda": 151617000,
        "ebitdaratio": 0.5043812375,
        "operatingIncome": 111100000,
        "operatingIncomeRatio": 0.369594145,
        "totalOtherIncomeExpensesNet": -12479000,
        "incomeBeforeTax": 98600000,
        "incomeBeforeTaxRatio": 0.3280106454,
        "incomeTaxExpense": 17500000,
        "netIncome": 81140000,
        "netIncomeRatio": 0.269926813,
        "eps": 0.69,
        "epsdiluted": 0.67,
        "weightedAverageShsOut": 118718000,
        "weightedAverageShsOutDil": 120161000,
        "link": "https://www.sec.gov/Archives/edgar/data/52827/000119312509216248/0001193125-09-216248-index.htm",
        "finalLink": "https://www.sec.gov/Archives/edgar/data/52827/000119312509216248/d10q.htm"
    },
    {
        "date": "2009-06-30",
        "symbol": "RYN",
        "reportedCurrency": "USD",
        "cik": "0000052827",
        "fillingDate": "2009-07-31",
        "acceptedDate": "2009-07-31 16:40:06",
        "calendarYear": "2009",
        "period": "Q2",
        "revenue": 278700000,
        "costOfRevenue": 216700000,
        "grossProfit": 62000000,
        "grossProfitRatio": 0.2224614281,
        "researchAndDevelopmentExpenses": 0,
        "generalAndAdministrativeExpenses": 0,
        "sellingAndMarketingExpenses": 14300000,
        "sellingGeneralAndAdministrativeExpenses": 14300000,
        "otherExpenses": -86563000,
        "operatingExpenses": -72214000,
        "costAndExpenses": 144500000,
        "interestIncome": 200000,
        "interestExpense": 12200000,
        "depreciationAndAmortization": 48156000,
        "ebitda": 182610000,
        "ebitdaratio": 0.6552206674,
        "operatingIncome": 134200000,
        "operatingIncomeRatio": 0.4815213491,
        "totalOtherIncomeExpensesNet": -12032000,
        "incomeBeforeTax": 122200000,
        "incomeBeforeTaxRatio": 0.4384642985,
        "incomeTaxExpense": 14500000,
        "netIncome": 107753000,
        "netIncomeRatio": 0.3866271977,
        "eps": 0.91,
        "epsdiluted": 0.9,
        "weightedAverageShsOut": 118370000,
        "weightedAverageShsOutDil": 119684000,
        "link": "https://www.sec.gov/Archives/edgar/data/52827/000119312509160875/0001193125-09-160875-index.htm",
        "finalLink": "https://www.sec.gov/Archives/edgar/data/52827/000119312509160875/d10q.htm"
    },
    {
        "date": "2009-03-31",
        "symbol": "RYN",
        "reportedCurrency": "USD",
        "cik": "0000052827",
        "fillingDate": "2009-04-30",
        "acceptedDate": "2009-04-30 11:01:04",
        "calendarYear": "2009",
        "period": "Q1",
        "revenue": 274370000,
        "costOfRevenue": 219392000,
        "grossProfit": 54978000,
        "grossProfitRatio": 0.2003790502,
        "researchAndDevelopmentExpenses": 0,
        "generalAndAdministrativeExpenses": 0,
        "sellingAndMarketingExpenses": 14667000,
        "sellingGeneralAndAdministrativeExpenses": 14667000,
        "otherExpenses": -2775000,
        "operatingExpenses": 11867000,
        "costAndExpenses": 230800000,
        "interestIncome": 74000,
        "interestExpense": 12593000,
        "depreciationAndAmortization": 38519000,
        "ebitda": 81758000,
        "ebitdaratio": 0.2979844735,
        "operatingIncome": 43570000,
        "operatingIncomeRatio": 0.1588001604,
        "totalOtherIncomeExpensesNet": -12924000,
        "incomeBeforeTax": 31051000,
        "incomeBeforeTaxRatio": 0.113171994,
        "incomeTaxExpense": 5227000,
        "netIncome": 25921000,
        "netIncomeRatio": 0.0944746146,
        "eps": 0.22,
        "epsdiluted": 0.22,
        "weightedAverageShsOut": 118210000,
        "weightedAverageShsOutDil": 118909000,
        "link": "https://www.sec.gov/Archives/edgar/data/52827/000119312509093495/0001193125-09-093495-index.htm",
        "finalLink": "https://www.sec.gov/Archives/edgar/data/52827/000119312509093495/d10q.htm"
    },
    {
        "date": "2008-12-31",
        "symbol": "RYN",
        "reportedCurrency": "USD",
        "cik": "0000052827",
        "fillingDate": "2009-02-27",
        "acceptedDate": "2009-02-27 11:42:42",
        "calendarYear": "2008",
        "period": "Q4",
        "revenue": 353868000,
        "costOfRevenue": 280531000,
        "grossProfit": 73337000,
        "grossProfitRatio": 0.2072439441,
        "researchAndDevelopmentExpenses": 0,
        "generalAndAdministrativeExpenses": 16599000,
        "sellingAndMarketingExpenses": 0,
        "sellingGeneralAndAdministrativeExpenses": 16599000,
        "otherExpenses": -4100000,
        "operatingExpenses": 12499000,
        "costAndExpenses": 293030000,
        "interestIncome": 0,
        "interestExpense": 1121000000,
        "depreciationAndAmortization": 56202000,
        "ebitda": 119190000,
        "ebitdaratio": 0.3368205093,
        "operatingIncome": 60838000,
        "operatingIncomeRatio": 0.1719228639,
        "totalOtherIncomeExpensesNet": 85697000,
        "incomeBeforeTax": 146535000,
        "incomeBeforeTaxRatio": 0.4140950863,
        "incomeTaxExpense": 6659000,
        "netIncome": 44315000,
        "netIncomeRatio": 0.1252303119,
        "eps": 0.37,
        "epsdiluted": 0.37,
        "weightedAverageShsOut": 118038000,
        "weightedAverageShsOutDil": 118210000,
        "link": "https://www.sec.gov/Archives/edgar/data/52827/000119312509040421/0001193125-09-040421-index.htm",
        "finalLink": "https://www.sec.gov/Archives/edgar/data/52827/000119312509040421/d10k.htm"
    },
    {
        "date": "2008-09-30",
        "symbol": "RYN",
        "reportedCurrency": "USD",
        "cik": "0000052827",
        "fillingDate": "2008-10-24",
        "acceptedDate": "2008-10-24 11:17:22",
        "calendarYear": "2008",
        "period": "Q3",
        "revenue": 308142000,
        "costOfRevenue": 243561000,
        "grossProfit": 64581000,
        "grossProfitRatio": 0.209581946,
        "researchAndDevelopmentExpenses": 0,
        "generalAndAdministrativeExpenses": 0,
        "sellingAndMarketingExpenses": 16192000,
        "sellingGeneralAndAdministrativeExpenses": 16158000,
        "otherExpenses": -442000,
        "operatingExpenses": 15750000,
        "costAndExpenses": 259130000,
        "interestIncome": 341000,
        "interestExpense": 11829000,
        "depreciationAndAmortization": 40138000,
        "ebitda": 89480000,
        "ebitdaratio": 0.2903856014,
        "operatingIncome": 49012000,
        "operatingIncomeRatio": 0.1590565389,
        "totalOtherIncomeExpensesNet": -11488000,
        "incomeBeforeTax": 37513000,
        "incomeBeforeTaxRatio": 0.121739328,
        "incomeTaxExpense": 8611000,
        "netIncome": 28902000,
        "netIncomeRatio": 0.0937944195,
        "eps": 0.25,
        "epsdiluted": 0.24,
        "weightedAverageShsOut": 117871000,
        "weightedAverageShsOutDil": 119357000,
        "link": "https://www.sec.gov/Archives/edgar/data/52827/000119312508215780/0001193125-08-215780-index.htm",
        "finalLink": "https://www.sec.gov/Archives/edgar/data/52827/000119312508215780/d10q.htm"
    },
    {
        "date": "2008-06-30",
        "symbol": "RYN",
        "reportedCurrency": "USD",
        "cik": "0000052827",
        "fillingDate": "2008-07-24",
        "acceptedDate": "2008-07-24 16:10:12",
        "calendarYear": "2008",
        "period": "Q2",
        "revenue": 304867000,
        "costOfRevenue": 237036000,
        "grossProfit": 67831000,
        "grossProfitRatio": 0.2224937432,
        "researchAndDevelopmentExpenses": 0,
        "generalAndAdministrativeExpenses": 0,
        "sellingAndMarketingExpenses": 0,
        "sellingGeneralAndAdministrativeExpenses": 16862000,
        "otherExpenses": -2616000,
        "operatingExpenses": 14246000,
        "costAndExpenses": 251282000,
        "interestIncome": 620000,
        "interestExpense": 13068000,
        "depreciationAndAmortization": 38396000,
        "ebitda": 92601000,
        "ebitdaratio": 0.3037422876,
        "operatingIncome": 53585000,
        "operatingIncomeRatio": 0.1757651697,
        "totalOtherIncomeExpensesNet": -12448000,
        "incomeBeforeTax": 42479000,
        "incomeBeforeTaxRatio": 0.1393361695,
        "incomeTaxExpense": 5063000,
        "netIncome": 36564000,
        "netIncomeRatio": 0.1199342664,
        "eps": 0.31,
        "epsdiluted": 0.31,
        "weightedAverageShsOut": 117566000,
        "weightedAverageShsOutDil": 119096000,
        "link": "https://www.sec.gov/Archives/edgar/data/52827/000119312508157252/0001193125-08-157252-index.htm",
        "finalLink": "https://www.sec.gov/Archives/edgar/data/52827/000119312508157252/d10q.htm"
    },
    {
        "date": "2008-03-31",
        "symbol": "RYN",
        "reportedCurrency": "USD",
        "cik": "0000052827",
        "fillingDate": "2008-04-24",
        "acceptedDate": "2008-04-24 13:31:13",
        "calendarYear": "2008",
        "period": "Q1",
        "revenue": 284199000,
        "costOfRevenue": 211012000,
        "grossProfit": 73187000,
        "grossProfitRatio": 0.2575202587,
        "researchAndDevelopmentExpenses": 0,
        "generalAndAdministrativeExpenses": 0,
        "sellingAndMarketingExpenses": 0,
        "sellingGeneralAndAdministrativeExpenses": 14944000,
        "otherExpenses": -1622000,
        "operatingExpenses": 12411000,
        "costAndExpenses": 223704000,
        "interestIncome": 1417000,
        "interestExpense": 12541000,
        "depreciationAndAmortization": 33503000,
        "ebitda": 94457000,
        "ebitdaratio": 0.3323621828,
        "operatingIncome": 59537000,
        "operatingIncomeRatio": 0.209490533,
        "totalOtherIncomeExpensesNet": -11124000,
        "incomeBeforeTax": 48413000,
        "incomeBeforeTaxRatio": 0.1703489456,
        "incomeTaxExpense": 10247000,
        "netIncome": 39698000,
        "netIncomeRatio": 0.1396838131,
        "eps": 0.34,
        "epsdiluted": 0.33,
        "weightedAverageShsOut": 117381000,
        "weightedAverageShsOutDil": 118818000,
        "link": "https://www.sec.gov/Archives/edgar/data/52827/000119312508089104/0001193125-08-089104-index.htm",
        "finalLink": "https://www.sec.gov/Archives/edgar/data/52827/000119312508089104/d10q.htm"
    },
    {
        "date": "2007-12-31",
        "symbol": "RYN",
        "reportedCurrency": "USD",
        "cik": "0000052827",
        "fillingDate": "2008-02-28",
        "acceptedDate": "2008-02-28 11:32:26",
        "calendarYear": "2007",
        "period": "Q4",
        "revenue": 290358000,
        "costOfRevenue": 231924000,
        "grossProfit": 58434000,
        "grossProfitRatio": 0.2012481144,
        "researchAndDevelopmentExpenses": 0,
        "generalAndAdministrativeExpenses": 18016000,
        "sellingAndMarketingExpenses": 0,
        "sellingGeneralAndAdministrativeExpenses": 18016000,
        "otherExpenses": -2660000,
        "operatingExpenses": 15356000,
        "costAndExpenses": 247280000,
        "interestIncome": 0,
        "interestExpense": 0,
        "depreciationAndAmortization": 39742000,
        "ebitda": 82820000,
        "ebitdaratio": 0.2852340903,
        "operatingIncome": 43078000,
        "operatingIncomeRatio": 0.1483616777,
        "totalOtherIncomeExpensesNet": -9968000,
        "incomeBeforeTax": 33110000,
        "incomeBeforeTaxRatio": 0.1140316437,
        "incomeTaxExpense": -1311000,
        "netIncome": 34421000,
        "netIncomeRatio": 0.1185467595,
        "eps": 0.29,
        "epsdiluted": 0.29,
        "weightedAverageShsOut": 115810000,
        "weightedAverageShsOutDil": 116974000,
        "link": "https://www.sec.gov/Archives/edgar/data/52827/000119312508041209/0001193125-08-041209-index.htm",
        "finalLink": "https://www.sec.gov/Archives/edgar/data/52827/000119312508041209/d10k.htm"
    },
    {
        "date": "2007-09-30",
        "symbol": "RYN",
        "reportedCurrency": "USD",
        "cik": "0000052827",
        "fillingDate": "2007-10-26",
        "acceptedDate": "2007-10-26 16:52:38",
        "calendarYear": "2007",
        "period": "Q3",
        "revenue": 334215000,
        "costOfRevenue": 227357000,
        "grossProfit": 106858000,
        "grossProfitRatio": 0.3197283186,
        "researchAndDevelopmentExpenses": 0,
        "generalAndAdministrativeExpenses": 16958000,
        "sellingAndMarketingExpenses": 0,
        "sellingGeneralAndAdministrativeExpenses": 16958000,
        "otherExpenses": -1737000,
        "operatingExpenses": 14224000,
        "costAndExpenses": 241581000,
        "interestIncome": 0,
        "interestExpense": 0,
        "depreciationAndAmortization": 36947000,
        "ebitda": 128614000,
        "ebitdaratio": 0.3848241401,
        "operatingIncome": 92634000,
        "operatingIncomeRatio": 0.2771688883,
        "totalOtherIncomeExpensesNet": -12583000,
        "incomeBeforeTax": 79084000,
        "incomeBeforeTaxRatio": 0.2366261239,
        "incomeTaxExpense": 7627000,
        "netIncome": 70303000,
        "netIncomeRatio": 0.2103526173,
        "eps": 0.61,
        "epsdiluted": 0.6,
        "weightedAverageShsOut": 114624000,
        "weightedAverageShsOutDil": 117172000,
        "link": "https://www.sec.gov/Archives/edgar/data/52827/000119312507227033/0001193125-07-227033-index.htm",
        "finalLink": "https://www.sec.gov/Archives/edgar/data/52827/000119312507227033/d10q.htm"
    },
    {
        "date": "2007-06-30",
        "symbol": "RYN",
        "reportedCurrency": "USD",
        "cik": "0000052827",
        "fillingDate": "2007-07-27",
        "acceptedDate": "2007-07-27 10:41:10",
        "calendarYear": "2007",
        "period": "Q2",
        "revenue": 300351000,
        "costOfRevenue": 231125000,
        "grossProfit": 69226000,
        "grossProfitRatio": 0.2304836674,
        "researchAndDevelopmentExpenses": 0,
        "generalAndAdministrativeExpenses": 16122000,
        "sellingAndMarketingExpenses": 0,
        "sellingGeneralAndAdministrativeExpenses": 16122000,
        "otherExpenses": -2619000,
        "operatingExpenses": 13503000,
        "costAndExpenses": 244628000,
        "interestIncome": 0,
        "interestExpense": 0,
        "depreciationAndAmortization": 37052000,
        "ebitda": 92775000,
        "ebitdaratio": 0.3088886003,
        "operatingIncome": 55723000,
        "operatingIncomeRatio": 0.1855262676,
        "totalOtherIncomeExpensesNet": -12444000,
        "incomeBeforeTax": 43279000,
        "incomeBeforeTaxRatio": 0.1440947425,
        "incomeTaxExpense": 9968000,
        "netIncome": 33311000,
        "netIncomeRatio": 0.1109069056,
        "eps": 0.29,
        "epsdiluted": 0.28,
        "weightedAverageShsOut": 116201000,
        "weightedAverageShsOutDil": 118968000,
        "link": "https://www.sec.gov/Archives/edgar/data/52827/000119312507163762/0001193125-07-163762-index.htm",
        "finalLink": "https://www.sec.gov/Archives/edgar/data/52827/000119312507163762/d10q.htm"
    },
    {
        "date": "2007-03-31",
        "symbol": "RYN",
        "reportedCurrency": "USD",
        "cik": "0000052827",
        "fillingDate": "2007-04-26",
        "acceptedDate": "2007-04-26 10:39:01",
        "calendarYear": "2007",
        "period": "Q1",
        "revenue": 299729000,
        "costOfRevenue": 231742000,
        "grossProfit": 67987000,
        "grossProfitRatio": 0.2268282348,
        "researchAndDevelopmentExpenses": 0,
        "generalAndAdministrativeExpenses": 15845000,
        "sellingAndMarketingExpenses": 0,
        "sellingGeneralAndAdministrativeExpenses": 15845000,
        "otherExpenses": -3018000,
        "operatingExpenses": 12827000,
        "costAndExpenses": 244569000,
        "interestIncome": 0,
        "interestExpense": 0,
        "depreciationAndAmortization": 40945000,
        "ebitda": 96105000,
        "ebitdaratio": 0.3206396445,
        "operatingIncome": 55160000,
        "operatingIncomeRatio": 0.1840329097,
        "totalOtherIncomeExpensesNet": -12606000,
        "incomeBeforeTax": 42554000,
        "incomeBeforeTaxRatio": 0.1419749173,
        "incomeTaxExpense": 7474000,
        "netIncome": 35080000,
        "netIncomeRatio": 0.1170390586,
        "eps": 0.3,
        "epsdiluted": 0.3,
        "weightedAverageShsOut": 116933000,
        "weightedAverageShsOutDil": 116933000,
        "link": "https://www.sec.gov/Archives/edgar/data/52827/000119312507091214/0001193125-07-091214-index.htm",
        "finalLink": "https://www.sec.gov/Archives/edgar/data/52827/000119312507091214/d10q.htm"
    },
    {
        "date": "2006-12-31",
        "symbol": "RYN",
        "reportedCurrency": "USD",
        "cik": "0000052827",
        "fillingDate": "2007-02-27",
        "acceptedDate": "2007-02-27 16:28:08",
        "calendarYear": "2006",
        "period": "Q4",
        "revenue": 328504000,
        "costOfRevenue": 249708000,
        "grossProfit": 78796000,
        "grossProfitRatio": 0.2398631371,
        "researchAndDevelopmentExpenses": 0,
        "generalAndAdministrativeExpenses": 18338000,
        "sellingAndMarketingExpenses": 0,
        "sellingGeneralAndAdministrativeExpenses": 18338000,
        "otherExpenses": -15114000,
        "operatingExpenses": 3224000,
        "costAndExpenses": 252932000,
        "interestIncome": 0,
        "interestExpense": 0,
        "depreciationAndAmortization": 37697000,
        "ebitda": 113269000,
        "ebitdaratio": 0.3448024986,
        "operatingIncome": 75572000,
        "operatingIncomeRatio": 0.2300489492,
        "totalOtherIncomeExpensesNet": -19179000,
        "incomeBeforeTax": 56393000,
        "incomeBeforeTaxRatio": 0.1716660984,
        "incomeTaxExpense": 6428000,
        "netIncome": 55300000,
        "netIncomeRatio": 0.1683388939,
        "eps": 0.47,
        "epsdiluted": 0.47,
        "weightedAverageShsOut": 113710000,
        "weightedAverageShsOutDil": 116933000,
        "link": "https://www.sec.gov/Archives/edgar/data/52827/000119312507041073/0001193125-07-041073-index.htm",
        "finalLink": "https://www.sec.gov/Archives/edgar/data/52827/000119312507041073/d10k.htm"
    },
    {
        "date": "2006-09-30",
        "symbol": "RYN",
        "reportedCurrency": "USD",
        "cik": "0000052827",
        "fillingDate": "2006-10-26",
        "acceptedDate": "2006-10-26 14:04:33",
        "calendarYear": "2006",
        "period": "Q3",
        "revenue": 312029000,
        "costOfRevenue": 231456000,
        "grossProfit": 80573000,
        "grossProfitRatio": 0.2582227934,
        "researchAndDevelopmentExpenses": 0,
        "generalAndAdministrativeExpenses": 14487000,
        "sellingAndMarketingExpenses": 0,
        "sellingGeneralAndAdministrativeExpenses": 14487000,
        "otherExpenses": 338000,
        "operatingExpenses": 14825000,
        "costAndExpenses": 246281000,
        "interestIncome": 0,
        "interestExpense": 0,
        "depreciationAndAmortization": 32187000,
        "ebitda": 97935000,
        "ebitdaratio": 0.3138650574,
        "operatingIncome": 65748000,
        "operatingIncomeRatio": 0.2107111839,
        "totalOtherIncomeExpensesNet": -7964000,
        "incomeBeforeTax": 57784000,
        "incomeBeforeTaxRatio": 0.1851879152,
        "incomeTaxExpense": 2748000,
        "netIncome": 55037000,
        "netIncomeRatio": 0.1763842463,
        "eps": 0.47,
        "epsdiluted": 0.47,
        "weightedAverageShsOut": 116275000,
        "weightedAverageShsOutDil": 117936000,
        "link": "https://www.sec.gov/Archives/edgar/data/52827/000119312506215705/0001193125-06-215705-index.htm",
        "finalLink": "https://www.sec.gov/Archives/edgar/data/52827/000119312506215705/d10q.htm"
    },
    {
        "date": "2006-06-30",
        "symbol": "RYN",
        "reportedCurrency": "USD",
        "cik": "0000052827",
        "fillingDate": "2006-08-02",
        "acceptedDate": "2006-08-02 08:40:53",
        "calendarYear": "2006",
        "period": "Q2",
        "revenue": 312122000,
        "costOfRevenue": 247429000,
        "grossProfit": 64693000,
        "grossProfitRatio": 0.2072683117,
        "researchAndDevelopmentExpenses": 0,
        "generalAndAdministrativeExpenses": 14436000,
        "sellingAndMarketingExpenses": 0,
        "sellingGeneralAndAdministrativeExpenses": 14436000,
        "otherExpenses": -8488000,
        "operatingExpenses": 13717000,
        "costAndExpenses": 261146000,
        "interestIncome": 0,
        "interestExpense": 0,
        "depreciationAndAmortization": 34210000,
        "ebitda": 93199000,
        "ebitdaratio": 0.2985979841,
        "operatingIncome": 50976000,
        "operatingIncomeRatio": 0.1633207528,
        "totalOtherIncomeExpensesNet": -2080000,
        "incomeBeforeTax": 48652000,
        "incomeBeforeTaxRatio": 0.1558749463,
        "incomeTaxExpense": 5874000,
        "netIncome": 42931000,
        "netIncomeRatio": 0.1375455751,
        "eps": 0.37,
        "epsdiluted": 0.37,
        "weightedAverageShsOut": 114994000,
        "weightedAverageShsOutDil": 117085000,
        "link": "https://www.sec.gov/Archives/edgar/data/52827/000119312506158872/0001193125-06-158872-index.htm",
        "finalLink": "https://www.sec.gov/Archives/edgar/data/52827/000119312506158872/d10q.htm"
    },
    {
        "date": "2006-03-31",
        "symbol": "RYN",
        "reportedCurrency": "USD",
        "cik": "0000052827",
        "fillingDate": "2006-04-27",
        "acceptedDate": "2006-04-27 17:17:43",
        "calendarYear": "2006",
        "period": "Q1",
        "revenue": 277153000,
        "costOfRevenue": 224151000,
        "grossProfit": 53002000,
        "grossProfitRatio": 0.191237331,
        "researchAndDevelopmentExpenses": 0,
        "generalAndAdministrativeExpenses": 16184000,
        "sellingAndMarketingExpenses": 0,
        "sellingGeneralAndAdministrativeExpenses": 16184000,
        "otherExpenses": -481000,
        "operatingExpenses": 15703000,
        "costAndExpenses": 239854000,
        "interestIncome": 0,
        "interestExpense": 0,
        "depreciationAndAmortization": 32401000,
        "ebitda": 69597000,
        "ebitdaratio": 0.2511140056,
        "operatingIncome": 37299000,
        "operatingIncomeRatio": 0.1345790953,
        "totalOtherIncomeExpensesNet": -9990000,
        "incomeBeforeTax": 27309000,
        "incomeBeforeTaxRatio": 0.0985340227,
        "incomeTaxExpense": 4005000,
        "netIncome": 23240000,
        "netIncomeRatio": 0.0838526013,
        "eps": 0.2,
        "epsdiluted": 0.2,
        "weightedAverageShsOut": 116200000,
        "weightedAverageShsOutDil": 116200000,
        "link": "https://www.sec.gov/Archives/edgar/data/52827/000119312506091204/0001193125-06-091204-index.htm",
        "finalLink": "https://www.sec.gov/Archives/edgar/data/52827/000119312506091204/d10q.htm"
    },
    {
        "date": "2005-12-31",
        "symbol": "RYN",
        "reportedCurrency": "USD",
        "cik": "0000052827",
        "fillingDate": "2006-03-03",
        "acceptedDate": "2006-03-02 18:53:27",
        "calendarYear": "2005",
        "period": "Q4",
        "revenue": 315913000,
        "costOfRevenue": 259998000,
        "grossProfit": 55915000,
        "grossProfitRatio": 0.1769949321,
        "researchAndDevelopmentExpenses": 0,
        "generalAndAdministrativeExpenses": 17671000,
        "sellingAndMarketingExpenses": 0,
        "sellingGeneralAndAdministrativeExpenses": 17671000,
        "otherExpenses": 2216000,
        "operatingExpenses": 19887000,
        "costAndExpenses": 279885000,
        "interestIncome": 0,
        "interestExpense": 0,
        "depreciationAndAmortization": 38193000,
        "ebitda": 74221000,
        "ebitdaratio": 0.2349412655,
        "operatingIncome": 36028000,
        "operatingIncomeRatio": 0.1140440564,
        "totalOtherIncomeExpensesNet": 29162000,
        "incomeBeforeTax": 65190000,
        "incomeBeforeTaxRatio": 0.2063542811,
        "incomeTaxExpense": 8704000,
        "netIncome": 56486000,
        "netIncomeRatio": 0.1788023918,
        "eps": 0.5,
        "epsdiluted": 0.5,
        "weightedAverageShsOut": 112761000,
        "weightedAverageShsOutDil": 112761000,
        "link": "https://www.sec.gov/Archives/edgar/data/52827/000119312506044102/0001193125-06-044102-index.htm",
        "finalLink": "https://www.sec.gov/Archives/edgar/data/52827/000119312506044102/d10k.htm"
    },
    {
        "date": "2005-09-30",
        "symbol": "RYN",
        "reportedCurrency": "USD",
        "cik": "0000052827",
        "fillingDate": "2005-10-27",
        "acceptedDate": "2005-10-27 16:07:45",
        "calendarYear": "2005",
        "period": "Q3",
        "revenue": 299536000,
        "costOfRevenue": 237739000,
        "grossProfit": 61797000,
        "grossProfitRatio": 0.2063090914,
        "researchAndDevelopmentExpenses": 0,
        "generalAndAdministrativeExpenses": 16932000,
        "sellingAndMarketingExpenses": 0,
        "sellingGeneralAndAdministrativeExpenses": 16932000,
        "otherExpenses": -6090000,
        "operatingExpenses": 10842000,
        "costAndExpenses": 248581000,
        "interestIncome": 0,
        "interestExpense": 0,
        "depreciationAndAmortization": 37197000,
        "ebitda": 88152000,
        "ebitdaratio": 0.2942951765,
        "operatingIncome": 50955000,
        "operatingIncomeRatio": 0.1701131083,
        "totalOtherIncomeExpensesNet": 2103000,
        "incomeBeforeTax": 53058000,
        "incomeBeforeTaxRatio": 0.1771339672,
        "incomeTaxExpense": -21837000,
        "netIncome": 75018000,
        "netIncomeRatio": 0.2504473586,
        "eps": 0.66,
        "epsdiluted": 0.64,
        "weightedAverageShsOut": 113664000,
        "weightedAverageShsOutDil": 117216000,
        "link": "https://www.sec.gov/Archives/edgar/data/52827/000119312505209963/0001193125-05-209963-index.htm",
        "finalLink": "https://www.sec.gov/Archives/edgar/data/52827/000119312505209963/d10q.htm"
    },
    {
        "date": "2005-06-30",
        "symbol": "RYN",
        "reportedCurrency": "USD",
        "cik": "0000052827",
        "fillingDate": "2005-07-27",
        "acceptedDate": "2005-07-26 17:32:20",
        "calendarYear": "2005",
        "period": "Q2",
        "revenue": 290287000,
        "costOfRevenue": 227040000,
        "grossProfit": 63247000,
        "grossProfitRatio": 0.2178774799,
        "researchAndDevelopmentExpenses": 0,
        "generalAndAdministrativeExpenses": 15260000,
        "sellingAndMarketingExpenses": 0,
        "sellingGeneralAndAdministrativeExpenses": 15260000,
        "otherExpenses": -915000,
        "operatingExpenses": 14345000,
        "costAndExpenses": 241385000,
        "interestIncome": 0,
        "interestExpense": 0,
        "depreciationAndAmortization": 34513000,
        "ebitda": 83415000,
        "ebitdaratio": 0.2873535501,
        "operatingIncome": 48902000,
        "operatingIncomeRatio": 0.168460868,
        "totalOtherIncomeExpensesNet": -11785000,
        "incomeBeforeTax": 37117000,
        "incomeBeforeTaxRatio": 0.1278631148,
        "incomeTaxExpense": -4458000,
        "netIncome": 16876000,
        "netIncomeRatio": 0.0581355693,
        "eps": 0.15,
        "epsdiluted": 0.15,
        "weightedAverageShsOut": 115064000,
        "weightedAverageShsOutDil": 115064000,
        "link": "https://www.sec.gov/Archives/edgar/data/52827/000119312505149115/0001193125-05-149115-index.htm",
        "finalLink": "https://www.sec.gov/Archives/edgar/data/52827/000119312505149115/d10q.htm"
    },
    {
        "date": "2005-03-31",
        "symbol": "RYN",
        "reportedCurrency": "USD",
        "cik": "0000052827",
        "fillingDate": "2005-04-27",
        "acceptedDate": "2005-04-27 16:23:19",
        "calendarYear": "2005",
        "period": "Q1",
        "revenue": 286363000,
        "costOfRevenue": 229723000,
        "grossProfit": 56640000,
        "grossProfitRatio": 0.1977909157,
        "researchAndDevelopmentExpenses": 0,
        "generalAndAdministrativeExpenses": 14831000,
        "sellingAndMarketingExpenses": 0,
        "sellingGeneralAndAdministrativeExpenses": 14831000,
        "otherExpenses": -4646000,
        "operatingExpenses": 10185000,
        "costAndExpenses": 239908000,
        "interestIncome": 0,
        "interestExpense": 0,
        "depreciationAndAmortization": 37485000,
        "ebitda": 83940000,
        "ebitdaratio": 0.2931244609,
        "operatingIncome": 46455000,
        "operatingIncomeRatio": 0.16222417,
        "totalOtherIncomeExpensesNet": -11818000,
        "incomeBeforeTax": 34637000,
        "incomeBeforeTaxRatio": 0.120954872,
        "incomeTaxExpense": 178000,
        "netIncome": 34459000,
        "netIncomeRatio": 0.1203332833,
        "eps": 0.31,
        "epsdiluted": 0.3,
        "weightedAverageShsOut": 112366000,
        "weightedAverageShsOutDil": 115721000,
        "link": "https://www.sec.gov/Archives/edgar/data/52827/000119312505086810/0001193125-05-086810-index.htm",
        "finalLink": "https://www.sec.gov/Archives/edgar/data/52827/000119312505086810/d10q.htm"
    },
    {
        "date": "2004-12-31",
        "symbol": "RYN",
        "reportedCurrency": "USD",
        "cik": "0000052827",
        "fillingDate": "2005-03-09",
        "acceptedDate": "2005-03-09 11:36:47",
        "calendarYear": "2004",
        "period": "Q4",
        "revenue": 297504000,
        "costOfRevenue": 261650000,
        "grossProfit": 35854000,
        "grossProfitRatio": 0.1205160267,
        "researchAndDevelopmentExpenses": 0,
        "generalAndAdministrativeExpenses": 14826000,
        "sellingAndMarketingExpenses": 0,
        "sellingGeneralAndAdministrativeExpenses": 14826000,
        "otherExpenses": -4702000,
        "operatingExpenses": 10124000,
        "costAndExpenses": 271774000,
        "interestIncome": 0,
        "interestExpense": 0,
        "depreciationAndAmortization": 38105000,
        "ebitda": 63835000,
        "ebitdaratio": 0.2145685436,
        "operatingIncome": 25730000,
        "operatingIncomeRatio": 0.0864862321,
        "totalOtherIncomeExpensesNet": -13382000,
        "incomeBeforeTax": 12348000,
        "incomeBeforeTaxRatio": 0.0415053243,
        "incomeTaxExpense": -1181000,
        "netIncome": 13529000,
        "netIncomeRatio": 0.0454750188,
        "eps": 0.12,
        "epsdiluted": 0.12,
        "weightedAverageShsOut": 110647000,
        "weightedAverageShsOutDil": 112366000,
        "link": "https://www.sec.gov/Archives/edgar/data/52827/000114544305000423/0001145443-05-000423-index.htm",
        "finalLink": "https://www.sec.gov/Archives/edgar/data/52827/000114544305000423/d16430.htm"
    },
    {
        "date": "2004-09-30",
        "symbol": "RYN",
        "reportedCurrency": "USD",
        "cik": "0000052827",
        "fillingDate": "2004-10-29",
        "acceptedDate": "2004-10-29 12:37:31",
        "calendarYear": "2004",
        "period": "Q3",
        "revenue": 278879000,
        "costOfRevenue": 236427000,
        "grossProfit": 42452000,
        "grossProfitRatio": 0.1522237243,
        "researchAndDevelopmentExpenses": 0,
        "generalAndAdministrativeExpenses": 12992000,
        "sellingAndMarketingExpenses": 0,
        "sellingGeneralAndAdministrativeExpenses": 12621000,
        "otherExpenses": -1555000,
        "operatingExpenses": 11261000,
        "costAndExpenses": 247688000,
        "interestIncome": 0,
        "interestExpense": 0,
        "depreciationAndAmortization": 35143000,
        "ebitda": 67309000,
        "ebitdaratio": 0.24135557,
        "operatingIncome": 32166000,
        "operatingIncomeRatio": 0.1153403447,
        "totalOtherIncomeExpensesNet": -10860000,
        "incomeBeforeTax": 21306000,
        "incomeBeforeTaxRatio": 0.0763987249,
        "incomeTaxExpense": -3788000,
        "netIncome": 24125000,
        "netIncomeRatio": 0.0865070514,
        "eps": 0.22,
        "epsdiluted": 0.21,
        "weightedAverageShsOut": 109659000,
        "weightedAverageShsOutDil": 113086000,
        "link": "https://www.sec.gov/Archives/edgar/data/52827/000119312504181389/0001193125-04-181389-index.htm",
        "finalLink": "https://www.sec.gov/Archives/edgar/data/52827/000119312504181389/d10q.htm"
    },
    {
        "date": "2004-06-30",
        "symbol": "RYN",
        "reportedCurrency": "USD",
        "cik": "0000052827",
        "fillingDate": "2004-07-30",
        "acceptedDate": "2004-07-30 14:17:05",
        "calendarYear": "2004",
        "period": "Q2",
        "revenue": 336901000,
        "costOfRevenue": 251912000,
        "grossProfit": 84989000,
        "grossProfitRatio": 0.2522669864,
        "researchAndDevelopmentExpenses": 0,
        "generalAndAdministrativeExpenses": 14739000,
        "sellingAndMarketingExpenses": 0,
        "sellingGeneralAndAdministrativeExpenses": 14739000,
        "otherExpenses": 0,
        "operatingExpenses": 14632000,
        "costAndExpenses": 266544000,
        "interestIncome": 0,
        "interestExpense": 0,
        "depreciationAndAmortization": 38254000,
        "ebitda": 109478000,
        "ebitdaratio": 0.324955996,
        "operatingIncome": 70357000,
        "operatingIncomeRatio": 0.2088358301,
        "totalOtherIncomeExpensesNet": -11601000,
        "incomeBeforeTax": 58635000,
        "incomeBeforeTaxRatio": 0.1740422261,
        "incomeTaxExpense": 14922000,
        "netIncome": 43713000,
        "netIncomeRatio": 0.1297502827,
        "eps": 0.39,
        "epsdiluted": 0.38,
        "weightedAverageShsOut": 111766000,
        "weightedAverageShsOutDil": 114365000,
        "link": "https://www.sec.gov/Archives/edgar/data/52827/000119312504128078/0001193125-04-128078-index.htm",
        "finalLink": "https://www.sec.gov/Archives/edgar/data/52827/000119312504128078/d10q.htm"
    },
    {
        "date": "2004-03-31",
        "symbol": "RYN",
        "reportedCurrency": "USD",
        "cik": "0000052827",
        "fillingDate": "2004-04-30",
        "acceptedDate": "2004-04-30 09:29:43",
        "calendarYear": "2004",
        "period": "Q1",
        "revenue": 293712000,
        "costOfRevenue": 234462000,
        "grossProfit": 59250000,
        "grossProfitRatio": 0.2017282236,
        "researchAndDevelopmentExpenses": 0,
        "generalAndAdministrativeExpenses": 18101000,
        "sellingAndMarketingExpenses": 0,
        "sellingGeneralAndAdministrativeExpenses": 18101000,
        "otherExpenses": -1333000,
        "operatingExpenses": 16768000,
        "costAndExpenses": 251230000,
        "interestIncome": 0,
        "interestExpense": 0,
        "depreciationAndAmortization": 37002000,
        "ebitda": 79484000,
        "ebitdaratio": 0.2706188375,
        "operatingIncome": 42482000,
        "operatingIncomeRatio": 0.1446382851,
        "totalOtherIncomeExpensesNet": -10353000,
        "incomeBeforeTax": 32129000,
        "incomeBeforeTaxRatio": 0.10938947,
        "incomeTaxExpense": -43406000,
        "netIncome": 75535000,
        "netIncomeRatio": 0.257173694,
        "eps": 0.68,
        "epsdiluted": 0.66,
        "weightedAverageShsOut": 111081000,
        "weightedAverageShsOutDil": 114063000,
        "link": "https://www.sec.gov/Archives/edgar/data/52827/000119312504074900/0001193125-04-074900-index.htm",
        "finalLink": "https://www.sec.gov/Archives/edgar/data/52827/000119312504074900/d10q.htm"
    },
    {
        "date": "2003-12-31",
        "symbol": "RYN",
        "reportedCurrency": "USD",
        "cik": "0000052827",
        "fillingDate": "2004-03-08",
        "acceptedDate": "2004-03-08 17:20:59",
        "calendarYear": "2003",
        "period": "Q4",
        "revenue": 271418000,
        "costOfRevenue": 249130000,
        "grossProfit": 22288000,
        "grossProfitRatio": 0.0821168824,
        "researchAndDevelopmentExpenses": 0,
        "generalAndAdministrativeExpenses": 16869000,
        "sellingAndMarketingExpenses": 0,
        "sellingGeneralAndAdministrativeExpenses": 16869000,
        "otherExpenses": -2309000,
        "operatingExpenses": 14560000,
        "costAndExpenses": 263690000,
        "interestIncome": 0,
        "interestExpense": 0,
        "depreciationAndAmortization": 38518000,
        "ebitda": 46246000,
        "ebitdaratio": 0.1703866361,
        "operatingIncome": 7728000,
        "operatingIncomeRatio": 0.0284726879,
        "totalOtherIncomeExpensesNet": -12239000,
        "incomeBeforeTax": -4511000,
        "incomeBeforeTaxRatio": -0.016620121,
        "incomeTaxExpense": -6483000,
        "netIncome": 1972000,
        "netIncomeRatio": 0.0072655461,
        "eps": 0.0178,
        "epsdiluted": 0.0178,
        "weightedAverageShsOut": 111081000,
        "weightedAverageShsOutDil": 111081000,
        "link": "https://www.sec.gov/Archives/edgar/data/52827/000119312504036458/0001193125-04-036458-index.htm",
        "finalLink": "https://www.sec.gov/Archives/edgar/data/52827/000119312504036458/d10k.htm"
    },
    {
        "date": "2003-09-30",
        "symbol": "RYN",
        "reportedCurrency": "USD",
        "cik": "0000052827",
        "fillingDate": "2003-11-10",
        "acceptedDate": "2003-11-10 09:31:11",
        "calendarYear": "2003",
        "period": "Q3",
        "revenue": 267629000,
        "costOfRevenue": 231824000,
        "grossProfit": 35805000,
        "grossProfitRatio": 0.13378595,
        "researchAndDevelopmentExpenses": 0,
        "generalAndAdministrativeExpenses": 16137000,
        "sellingAndMarketingExpenses": 0,
        "sellingGeneralAndAdministrativeExpenses": 16137000,
        "otherExpenses": -1992000,
        "operatingExpenses": 14145000,
        "costAndExpenses": 245969000,
        "interestIncome": 0,
        "interestExpense": 0,
        "depreciationAndAmortization": 38469000,
        "ebitda": 60129000,
        "ebitdaratio": 0.2246729615,
        "operatingIncome": 21660000,
        "operatingIncomeRatio": 0.0809329333,
        "totalOtherIncomeExpensesNet": -11259000,
        "incomeBeforeTax": 10401000,
        "incomeBeforeTaxRatio": 0.0388635013,
        "incomeTaxExpense": 2309000,
        "netIncome": 8092000,
        "netIncomeRatio": 0.0302358862,
        "eps": 0.0844,
        "epsdiluted": 0.0844,
        "weightedAverageShsOut": 95826000,
        "weightedAverageShsOutDil": 95826000,
        "link": "https://www.sec.gov/Archives/edgar/data/52827/000119312503075819/0001193125-03-075819-index.htm",
        "finalLink": "https://www.sec.gov/Archives/edgar/data/52827/000119312503075819/d10q.htm"
    },
    {
        "date": "2003-06-30",
        "symbol": "RYN",
        "reportedCurrency": "USD",
        "cik": "0000052827",
        "fillingDate": "2003-08-14",
        "acceptedDate": "2003-08-14 17:02:36",
        "calendarYear": "2003",
        "period": "Q2",
        "revenue": 295867000,
        "costOfRevenue": 231350000,
        "grossProfit": 64517000,
        "grossProfitRatio": 0.2180608179,
        "researchAndDevelopmentExpenses": 0,
        "generalAndAdministrativeExpenses": 12968000,
        "sellingAndMarketingExpenses": 0,
        "sellingGeneralAndAdministrativeExpenses": 12968000,
        "otherExpenses": -2400000,
        "operatingExpenses": 10568000,
        "costAndExpenses": 241918000,
        "interestIncome": 0,
        "interestExpense": 0,
        "depreciationAndAmortization": 39352000,
        "ebitda": 93301000,
        "ebitdaratio": 0.3153477745,
        "operatingIncome": 53949000,
        "operatingIncomeRatio": 0.1823420659,
        "totalOtherIncomeExpensesNet": -11969000,
        "incomeBeforeTax": 41980000,
        "incomeBeforeTaxRatio": 0.1418880781,
        "incomeTaxExpense": 10308000,
        "netIncome": 31672000,
        "netIncomeRatio": 0.1070480993,
        "eps": 0.34,
        "epsdiluted": 0.33,
        "weightedAverageShsOut": 93766000,
        "weightedAverageShsOutDil": 96300000,
        "link": "https://www.sec.gov/Archives/edgar/data/52827/000119312503038092/0001193125-03-038092-index.htm",
        "finalLink": "https://www.sec.gov/Archives/edgar/data/52827/000119312503038092/d10q.htm"
    },
    {
        "date": "2003-03-31",
        "symbol": "RYN",
        "reportedCurrency": "USD",
        "cik": "0000052827",
        "fillingDate": "2003-05-09",
        "acceptedDate": "2003-05-09 15:08:16",
        "calendarYear": "2003",
        "period": "Q1",
        "revenue": 265938000,
        "costOfRevenue": 238253000,
        "grossProfit": 27685000,
        "grossProfitRatio": 0.104103212,
        "researchAndDevelopmentExpenses": 0,
        "generalAndAdministrativeExpenses": 10043000,
        "sellingAndMarketingExpenses": 0,
        "sellingGeneralAndAdministrativeExpenses": 10043000,
        "otherExpenses": -1604000,
        "operatingExpenses": 8439000,
        "costAndExpenses": 246692000,
        "interestIncome": 0,
        "interestExpense": 0,
        "depreciationAndAmortization": 41570000,
        "ebitda": 60816000,
        "ebitdaratio": 0.2286848814,
        "operatingIncome": 19246000,
        "operatingIncomeRatio": 0.0723702517,
        "totalOtherIncomeExpensesNet": -11338000,
        "incomeBeforeTax": 7908000,
        "incomeBeforeTaxRatio": 0.0297362543,
        "incomeTaxExpense": -328000,
        "netIncome": 8236000,
        "netIncomeRatio": 0.0309696245,
        "eps": 0.0749,
        "epsdiluted": 0.0724,
        "weightedAverageShsOut": 109981485,
        "weightedAverageShsOutDil": 113773950,
        "link": "https://www.sec.gov/Archives/edgar/data/52827/000093176303001437/0000931763-03-001437-index.htm",
        "finalLink": "https://www.sec.gov/Archives/edgar/data/52827/000093176303001437/d10q.htm"
    },
    {
        "date": "2002-12-31",
        "symbol": "RYN",
        "reportedCurrency": "USD",
        "cik": "0000052827",
        "fillingDate": "2003-03-21",
        "acceptedDate": "2003-03-21 15:41:47",
        "calendarYear": "2002",
        "period": "Q4",
        "revenue": 286346000,
        "costOfRevenue": 250955000,
        "grossProfit": 35391000,
        "grossProfitRatio": 0.1235952309,
        "researchAndDevelopmentExpenses": 0,
        "generalAndAdministrativeExpenses": 12263000,
        "sellingAndMarketingExpenses": 0,
        "sellingGeneralAndAdministrativeExpenses": 12263000,
        "otherExpenses": -4124000,
        "operatingExpenses": 8139000,
        "costAndExpenses": 259094000,
        "interestIncome": 0,
        "interestExpense": 0,
        "depreciationAndAmortization": 42974000,
        "ebitda": 70226000,
        "ebitdaratio": 0.245248755,
        "operatingIncome": 27252000,
        "operatingIncomeRatio": 0.0951715756,
        "totalOtherIncomeExpensesNet": -16219000,
        "incomeBeforeTax": 11033000,
        "incomeBeforeTaxRatio": 0.0385303095,
        "incomeTaxExpense": -1836000,
        "netIncome": 12891000,
        "netIncomeRatio": 0.0450189631,
        "eps": 0.12,
        "epsdiluted": 0.12,
        "weightedAverageShsOut": 109981000,
        "weightedAverageShsOutDil": 109981000,
        "link": "https://www.sec.gov/Archives/edgar/data/52827/000114544303000407/0001145443-03-000407-index.htm",
        "finalLink": "https://www.sec.gov/Archives/edgar/data/52827/000114544303000407/d12154_10k.htm"
    },
    {
        "date": "2002-09-30",
        "symbol": "RYN",
        "reportedCurrency": "USD",
        "cik": "0000052827",
        "fillingDate": "2002-11-13",
        "acceptedDate": "2002-11-13 17:14:10",
        "calendarYear": "2002",
        "period": "Q3",
        "revenue": 293105000,
        "costOfRevenue": 247893000,
        "grossProfit": 45212000,
        "grossProfitRatio": 0.1542518893,
        "researchAndDevelopmentExpenses": 0,
        "generalAndAdministrativeExpenses": 8364000,
        "sellingAndMarketingExpenses": 0,
        "sellingGeneralAndAdministrativeExpenses": 8364000,
        "otherExpenses": 1348000,
        "operatingExpenses": 9712000,
        "costAndExpenses": 257605000,
        "interestIncome": 0,
        "interestExpense": 0,
        "depreciationAndAmortization": 38647000,
        "ebitda": 73896000,
        "ebitdaratio": 0.25211443,
        "operatingIncome": 35500000,
        "operatingIncomeRatio": 0.1211170059,
        "totalOtherIncomeExpensesNet": -13405000,
        "incomeBeforeTax": 21844000,
        "incomeBeforeTaxRatio": 0.0745261937,
        "incomeTaxExpense": 6366000,
        "netIncome": 15638000,
        "netIncomeRatio": 0.053352894,
        "eps": 0.17,
        "epsdiluted": 0.17,
        "weightedAverageShsOut": 93574000,
        "weightedAverageShsOutDil": 95084000,
        "link": "https://www.sec.gov/Archives/edgar/data/52827/000093176302003447/0000931763-02-003447-index.htm",
        "finalLink": "https://www.sec.gov/Archives/edgar/data/52827/000093176302003447/d10q.htm"
    },
    {
        "date": "2002-06-30",
        "symbol": "RYN",
        "reportedCurrency": "USD",
        "cik": "0000052827",
        "fillingDate": "2002-08-12",
        "acceptedDate": "2002-08-12 17:14:22",
        "calendarYear": "2002",
        "period": "Q2",
        "revenue": 269276000,
        "costOfRevenue": 220513000,
        "grossProfit": 48763000,
        "grossProfitRatio": 0.1810892913,
        "researchAndDevelopmentExpenses": 0,
        "generalAndAdministrativeExpenses": 10361000,
        "sellingAndMarketingExpenses": 0,
        "sellingGeneralAndAdministrativeExpenses": 10361000,
        "otherExpenses": -1363000,
        "operatingExpenses": 8998000,
        "costAndExpenses": 229511000,
        "interestIncome": 0,
        "interestExpense": 0,
        "depreciationAndAmortization": 37061000,
        "ebitda": 78316000,
        "ebitdaratio": 0.290839139,
        "operatingIncome": 39765000,
        "operatingIncomeRatio": 0.1476737622,
        "totalOtherIncomeExpensesNet": -15389000,
        "incomeBeforeTax": 24376000,
        "incomeBeforeTaxRatio": 0.0905242205,
        "incomeTaxExpense": 6783000,
        "netIncome": 16242000,
        "netIncomeRatio": 0.0603172953,
        "eps": 0.17,
        "epsdiluted": 0.17,
        "weightedAverageShsOut": 93538000,
        "weightedAverageShsOutDil": 95548000,
        "link": "https://www.sec.gov/Archives/edgar/data/52827/000093176302002725/0000931763-02-002725-index.htm",
        "finalLink": "https://www.sec.gov/Archives/edgar/data/52827/000093176302002725/d10q.htm"
    },
    {
        "date": "2002-03-31",
        "symbol": "RYN",
        "reportedCurrency": "USD",
        "cik": "0000052827",
        "fillingDate": "2002-05-10",
        "acceptedDate": "2002-05-10 16:43:18",
        "calendarYear": "2002",
        "period": "Q1",
        "revenue": 276267000,
        "costOfRevenue": 235776000,
        "grossProfit": 40491000,
        "grossProfitRatio": 0.1465647363,
        "researchAndDevelopmentExpenses": 0,
        "generalAndAdministrativeExpenses": 11455000,
        "sellingAndMarketingExpenses": 0,
        "sellingGeneralAndAdministrativeExpenses": 11455000,
        "otherExpenses": 570000,
        "operatingExpenses": 12059000,
        "costAndExpenses": 247835000,
        "interestIncome": 0,
        "interestExpense": 0,
        "depreciationAndAmortization": 43224000,
        "ebitda": 70866000,
        "ebitdaratio": 0.2565127214,
        "operatingIncome": 27642000,
        "operatingIncomeRatio": 0.1000553812,
        "totalOtherIncomeExpensesNet": -15097000,
        "incomeBeforeTax": 12545000,
        "incomeBeforeTaxRatio": 0.0454089703,
        "incomeTaxExpense": 3934000,
        "netIncome": 9401000,
        "netIncomeRatio": 0.0340286752,
        "eps": 0.1,
        "epsdiluted": 0.1,
        "weightedAverageShsOut": 92808000,
        "weightedAverageShsOutDil": 94695000,
        "link": "https://www.sec.gov/Archives/edgar/data/52827/000093176302001664/0000931763-02-001664-index.htm",
        "finalLink": "https://www.sec.gov/Archives/edgar/data/52827/000093176302001664/d10q.htm"
    },
    {
        "date": "2001-12-31",
        "symbol": "RYN",
        "reportedCurrency": "USD",
        "cik": "0000052827",
        "fillingDate": "2002-03-20",
        "acceptedDate": "2002-03-20 00:00:00",
        "calendarYear": "2001",
        "period": "Q4",
        "revenue": 267103000,
        "costOfRevenue": 229538000,
        "grossProfit": 37565000,
        "grossProfitRatio": 0.14063863,
        "researchAndDevelopmentExpenses": 0,
        "generalAndAdministrativeExpenses": 11688000,
        "sellingAndMarketingExpenses": 0,
        "sellingGeneralAndAdministrativeExpenses": 11688000,
        "otherExpenses": 568000,
        "operatingExpenses": 12256000,
        "costAndExpenses": 241794000,
        "interestIncome": 0,
        "interestExpense": 0,
        "depreciationAndAmortization": 37574000,
        "ebitda": 62883000,
        "ebitdaratio": 0.2354260342,
        "operatingIncome": 25309000,
        "operatingIncomeRatio": 0.0947537092,
        "totalOtherIncomeExpensesNet": -15555000,
        "incomeBeforeTax": 9754000,
        "incomeBeforeTaxRatio": 0.0365177478,
        "incomeTaxExpense": 1896000,
        "netIncome": 8067000,
        "netIncomeRatio": 0.0302018323,
        "eps": 0.0728,
        "epsdiluted": 0.0728,
        "weightedAverageShsOut": 110769356,
        "weightedAverageShsOutDil": 110769356,
        "link": "https://www.sec.gov/Archives/edgar/data/52827/000093176302000717/0000931763-02-000717-index.htm",
        "finalLink": "https://www.sec.gov/Archives/edgar/data/52827/000093176302000717/d10k405.txt"
    },
    {
        "date": "2001-09-30",
        "symbol": "RYN",
        "reportedCurrency": "USD",
        "cik": "0000052827",
        "fillingDate": "2001-11-13",
        "acceptedDate": "2001-11-13 00:00:00",
        "calendarYear": "2001",
        "period": "Q3",
        "revenue": 274961000,
        "costOfRevenue": 245615000,
        "grossProfit": 29346000,
        "grossProfitRatio": 0.1067278632,
        "researchAndDevelopmentExpenses": 0,
        "generalAndAdministrativeExpenses": 7417000,
        "sellingAndMarketingExpenses": 0,
        "sellingGeneralAndAdministrativeExpenses": 7417000,
        "otherExpenses": 0,
        "operatingExpenses": 7281000,
        "costAndExpenses": 252896000,
        "interestIncome": 0,
        "interestExpense": 0,
        "depreciationAndAmortization": 39730000,
        "ebitda": 60770000,
        "ebitdaratio": 0.2210131619,
        "operatingIncome": 22065000,
        "operatingIncomeRatio": 0.0802477442,
        "totalOtherIncomeExpensesNet": -15727000,
        "incomeBeforeTax": 6342000,
        "incomeBeforeTaxRatio": 0.0230650892,
        "incomeTaxExpense": 621000,
        "netIncome": 6025000,
        "netIncomeRatio": 0.0219121985,
        "eps": 0.0653,
        "epsdiluted": 0.0653,
        "weightedAverageShsOut": 91932036,
        "weightedAverageShsOutDil": 93361387,
        "link": "https://www.sec.gov/Archives/edgar/data/52827/000095012301508310/0000950123-01-508310-index.htm",
        "finalLink": "https://www.sec.gov/Archives/edgar/data/52827/000095012301508310/y54839e10-q.txt"
    },
    {
        "date": "2001-06-30",
        "symbol": "RYN",
        "reportedCurrency": "USD",
        "cik": "0000052827",
        "fillingDate": "2001-08-14",
        "acceptedDate": "2001-08-14 00:00:00",
        "calendarYear": "2001",
        "period": "Q2",
        "revenue": 346362000,
        "costOfRevenue": 272167000,
        "grossProfit": 74195000,
        "grossProfitRatio": 0.2142122981,
        "researchAndDevelopmentExpenses": 0,
        "generalAndAdministrativeExpenses": 9635000,
        "sellingAndMarketingExpenses": 0,
        "sellingGeneralAndAdministrativeExpenses": 9635000,
        "otherExpenses": 0,
        "operatingExpenses": 9673000,
        "costAndExpenses": 281840000,
        "interestIncome": 0,
        "interestExpense": 0,
        "depreciationAndAmortization": 59325000,
        "ebitda": 121784000,
        "ebitdaratio": 0.3516090102,
        "operatingIncome": 64522000,
        "operatingIncomeRatio": 0.1862848696,
        "totalOtherIncomeExpensesNet": -17106000,
        "incomeBeforeTax": 47722000,
        "incomeBeforeTaxRatio": 0.1377807034,
        "incomeTaxExpense": 16259000,
        "netIncome": 31463000,
        "netIncomeRatio": 0.0908384869,
        "eps": 0.34,
        "epsdiluted": 0.34,
        "weightedAverageShsOut": 91594000,
        "weightedAverageShsOutDil": 93004000,
        "link": "https://www.sec.gov/Archives/edgar/data/52827/000095012301505559/0000950123-01-505559-index.htm",
        "finalLink": "https://www.sec.gov/Archives/edgar/data/52827/000095012301505559/y52396e10-q.txt"
    },
    {
        "date": "2001-03-31",
        "symbol": "RYN",
        "reportedCurrency": "USD",
        "cik": "0000052827",
        "fillingDate": "2001-05-14",
        "acceptedDate": "2001-05-14 00:00:00",
        "calendarYear": "2001",
        "period": "Q1",
        "revenue": 276487000,
        "costOfRevenue": 231521000,
        "grossProfit": 44966000,
        "grossProfitRatio": 0.1626333245,
        "researchAndDevelopmentExpenses": 0,
        "generalAndAdministrativeExpenses": 7558000,
        "sellingAndMarketingExpenses": 0,
        "sellingGeneralAndAdministrativeExpenses": 7558000,
        "otherExpenses": -470000,
        "operatingExpenses": 7088000,
        "costAndExpenses": 238609000,
        "interestIncome": 0,
        "interestExpense": 0,
        "depreciationAndAmortization": 40495000,
        "ebitda": 79453000,
        "ebitdaratio": 0.2873661329,
        "operatingIncome": 37878000,
        "operatingIncomeRatio": 0.1369973995,
        "totalOtherIncomeExpensesNet": -19746000,
        "incomeBeforeTax": 18440000,
        "incomeBeforeTaxRatio": 0.0666939133,
        "incomeTaxExpense": 6188000,
        "netIncome": 12252000,
        "netIncomeRatio": 0.0443131142,
        "eps": 0.13,
        "epsdiluted": 0.13,
        "weightedAverageShsOut": 91456000,
        "weightedAverageShsOutDil": 92698000,
        "link": "https://www.sec.gov/Archives/edgar/data/52827/000095012301502361/0000950123-01-502361-index.htm",
        "finalLink": "https://www.sec.gov/Archives/edgar/data/52827/000095012301502361/y49095e10-q.txt"
    },
    {
        "date": "2000-12-31",
        "symbol": "RYN",
        "reportedCurrency": "USD",
        "cik": "0000052827",
        "fillingDate": "2001-03-22",
        "acceptedDate": "2001-03-22 00:00:00",
        "calendarYear": "2000",
        "period": "Q4",
        "revenue": 403113000,
        "costOfRevenue": 270202000,
        "grossProfit": 132911000,
        "grossProfitRatio": 0.3297115201,
        "researchAndDevelopmentExpenses": 0,
        "generalAndAdministrativeExpenses": 5016000,
        "sellingAndMarketingExpenses": 0,
        "sellingGeneralAndAdministrativeExpenses": 5016000,
        "otherExpenses": 60109000,
        "operatingExpenses": 65125000,
        "costAndExpenses": 335327000,
        "interestIncome": 0,
        "interestExpense": 0,
        "depreciationAndAmortization": 60109000,
        "ebitda": 127895000,
        "ebitdaratio": 0.317268359,
        "operatingIncome": 67786000,
        "operatingIncomeRatio": 0.1681563234,
        "totalOtherIncomeExpensesNet": -46636000,
        "incomeBeforeTax": 21150000,
        "incomeBeforeTaxRatio": 0.0524666781,
        "incomeTaxExpense": 7972000,
        "netIncome": 13178000,
        "netIncomeRatio": 0.0326905855,
        "eps": 0.12,
        "epsdiluted": 0.12,
        "weightedAverageShsOut": 109073000,
        "weightedAverageShsOutDil": 109073000,
        "link": "https://www.sec.gov/Archives/edgar/data/52827/000095012301002542/0000950123-01-002542-index.htm",
        "finalLink": "https://www.sec.gov/Archives/edgar/data/52827/000095012301002542/y46871e10-k405.txt"
    },
    {
        "date": "2000-09-30",
        "symbol": "RYN",
        "reportedCurrency": "USD",
        "cik": "0000052827",
        "fillingDate": "2000-11-13",
        "acceptedDate": "2000-11-13 00:00:00",
        "calendarYear": "2000",
        "period": "Q3",
        "revenue": 251058000,
        "costOfRevenue": 166028000,
        "grossProfit": 85030000,
        "grossProfitRatio": 0.338686678,
        "researchAndDevelopmentExpenses": 0,
        "generalAndAdministrativeExpenses": 6845000,
        "sellingAndMarketingExpenses": 0,
        "sellingGeneralAndAdministrativeExpenses": 6845000,
        "otherExpenses": 0,
        "operatingExpenses": 6845000,
        "costAndExpenses": 216289000,
        "interestIncome": 0,
        "interestExpense": 0,
        "depreciationAndAmortization": 39438000,
        "ebitda": 74207000,
        "ebitdaratio": 0.2955771176,
        "operatingIncome": 34769000,
        "operatingIncomeRatio": 0.1384899107,
        "totalOtherIncomeExpensesNet": -24168000,
        "incomeBeforeTax": 10601000,
        "incomeBeforeTaxRatio": 0.0422253025,
        "incomeTaxExpense": -1504000,
        "netIncome": 12105000,
        "netIncomeRatio": 0.0482159501,
        "eps": 0.13,
        "epsdiluted": 0.13,
        "weightedAverageShsOut": 91487000,
        "weightedAverageShsOutDil": 93174000,
        "link": "https://www.sec.gov/Archives/edgar/data/52827/000095012300010406/0000950123-00-010406-index.htm",
        "finalLink": "https://www.sec.gov/Archives/edgar/data/52827/000095012300010406/y42445e10-q.txt"
    },
    {
        "date": "2000-06-30",
        "symbol": "RYN",
        "reportedCurrency": "USD",
        "cik": "0000052827",
        "fillingDate": "2000-08-10",
        "acceptedDate": "2000-08-10 00:00:00",
        "calendarYear": "2000",
        "period": "Q2",
        "revenue": 283552000,
        "costOfRevenue": 190916000,
        "grossProfit": 92636000,
        "grossProfitRatio": 0.3266984539,
        "researchAndDevelopmentExpenses": 0,
        "generalAndAdministrativeExpenses": 9416000,
        "sellingAndMarketingExpenses": 0,
        "sellingGeneralAndAdministrativeExpenses": 9416000,
        "otherExpenses": 948000,
        "operatingExpenses": 10364000,
        "costAndExpenses": 236286000,
        "interestIncome": 0,
        "interestExpense": 0,
        "depreciationAndAmortization": 55367000,
        "ebitda": 102633000,
        "ebitdaratio": 0.3619547737,
        "operatingIncome": 47266000,
        "operatingIncomeRatio": 0.1666925291,
        "totalOtherIncomeExpensesNet": -22402000,
        "incomeBeforeTax": 24864000,
        "incomeBeforeTaxRatio": 0.0876876199,
        "incomeTaxExpense": 7433000,
        "netIncome": 17431000,
        "netIncomeRatio": 0.0614737332,
        "eps": 0.19,
        "epsdiluted": 0.19,
        "weightedAverageShsOut": 92128000,
        "weightedAverageShsOutDil": 93990000,
        "link": "https://www.sec.gov/Archives/edgar/data/52827/000095012300007378/0000950123-00-007378-index.htm",
        "finalLink": "https://www.sec.gov/Archives/edgar/data/52827/000095012300007378/e10-q.txt"
    },
    {
        "date": "2000-03-31",
        "symbol": "RYN",
        "reportedCurrency": "USD",
        "cik": "0000052827",
        "fillingDate": "2000-05-15",
        "acceptedDate": "2000-05-15 00:00:00",
        "calendarYear": "2000",
        "period": "Q1",
        "revenue": 289155000,
        "costOfRevenue": 188706000,
        "grossProfit": 100449000,
        "grossProfitRatio": 0.3473880791,
        "researchAndDevelopmentExpenses": 0,
        "generalAndAdministrativeExpenses": 11509000,
        "sellingAndMarketingExpenses": 0,
        "sellingGeneralAndAdministrativeExpenses": 11509000,
        "otherExpenses": 58420000,
        "operatingExpenses": 48943000,
        "costAndExpenses": 237649000,
        "interestIncome": 0,
        "interestExpense": 0,
        "depreciationAndAmortization": 37434000,
        "ebitda": 131500000,
        "ebitdaratio": 0.4547733914,
        "operatingIncome": 74653000,
        "operatingIncomeRatio": 0.2581764106,
        "totalOtherIncomeExpensesNet": -22623000,
        "incomeBeforeTax": 52030000,
        "incomeBeforeTaxRatio": 0.1799380955,
        "incomeTaxExpense": 16557000,
        "netIncome": 35473000,
        "netIncomeRatio": 0.1226781484,
        "eps": 0.39,
        "epsdiluted": 0.38,
        "weightedAverageShsOut": 92350000,
        "weightedAverageShsOutDil": 94193000,
        "link": "https://www.sec.gov/Archives/edgar/data/52827/000095012300005028/0000950123-00-005028-index.html",
        "finalLink": "https://www.sec.gov/Archives/edgar/data/52827/000095012300005028/"
    },
    {
        "date": "1999-12-31",
        "symbol": "RYN",
        "reportedCurrency": "USD",
        "cik": "0000052827",
        "fillingDate": "2000-03-27",
        "acceptedDate": "2000-03-27 00:00:00",
        "calendarYear": "1999",
        "period": "Q4",
        "revenue": 296000000,
        "costOfRevenue": 217200000,
        "grossProfit": 78800000,
        "grossProfitRatio": 0.2662162162,
        "researchAndDevelopmentExpenses": 0,
        "generalAndAdministrativeExpenses": 13600000,
        "sellingAndMarketingExpenses": 0,
        "sellingGeneralAndAdministrativeExpenses": 13600000,
        "otherExpenses": 28100000,
        "operatingExpenses": 41700000,
        "costAndExpenses": 258900000,
        "interestIncome": 0,
        "interestExpense": 0,
        "depreciationAndAmortization": 28100000,
        "ebitda": 65200000,
        "ebitdaratio": 0.2202702703,
        "operatingIncome": 37100000,
        "operatingIncomeRatio": 0.1253378378,
        "totalOtherIncomeExpensesNet": -12100000,
        "incomeBeforeTax": 25000000,
        "incomeBeforeTaxRatio": 0.0844594595,
        "incomeTaxExpense": 5600000,
        "netIncome": 19400000,
        "netIncomeRatio": 0.0655405405,
        "eps": 0.18,
        "epsdiluted": 0.18,
        "weightedAverageShsOut": 109315000,
        "weightedAverageShsOutDil": 109315000,
        "link": "https://www.sec.gov/Archives/edgar/data/52827/000095012300002744/0000950123-00-002744-index.html",
        "finalLink": "https://www.sec.gov/Archives/edgar/data/52827/000095012300002744/"
    },
    {
        "date": "1999-09-30",
        "symbol": "RYN",
        "reportedCurrency": "USD",
        "cik": "0000052827",
        "fillingDate": "1999-11-15",
        "acceptedDate": "1999-11-15 00:00:00",
        "calendarYear": "1999",
        "period": "Q3",
        "revenue": 255400000,
        "costOfRevenue": 190800000,
        "grossProfit": 64600000,
        "grossProfitRatio": 0.2529365701,
        "researchAndDevelopmentExpenses": 0,
        "generalAndAdministrativeExpenses": 6800000,
        "sellingAndMarketingExpenses": 0,
        "sellingGeneralAndAdministrativeExpenses": 6800000,
        "otherExpenses": 27200000,
        "operatingExpenses": 34000000,
        "costAndExpenses": 224800000,
        "interestIncome": 0,
        "interestExpense": 0,
        "depreciationAndAmortization": 27200000,
        "ebitda": 57900000,
        "ebitdaratio": 0.2267032106,
        "operatingIncome": 30600000,
        "operatingIncomeRatio": 0.1198120595,
        "totalOtherIncomeExpensesNet": -5800000,
        "incomeBeforeTax": 24900000,
        "incomeBeforeTaxRatio": 0.0974941269,
        "incomeTaxExpense": 7800000,
        "netIncome": 17100000,
        "netIncomeRatio": 0.066953798,
        "eps": 0.18,
        "epsdiluted": 0.18,
        "weightedAverageShsOut": 93718000,
        "weightedAverageShsOutDil": 95434000,
        "link": "https://www.sec.gov/Archives/edgar/data/52827/000095012399010253/0000950123-99-010253-index.html",
        "finalLink": "https://www.sec.gov/Archives/edgar/data/52827/000095012399010253/"
    },
    {
        "date": "1999-06-30",
        "symbol": "RYN",
        "reportedCurrency": "USD",
        "cik": "0000052827",
        "fillingDate": "1999-08-13",
        "acceptedDate": "1999-08-13 00:00:00",
        "calendarYear": "1999",
        "period": "Q2",
        "revenue": 258000000,
        "costOfRevenue": 191800000,
        "grossProfit": 66200000,
        "grossProfitRatio": 0.2565891473,
        "researchAndDevelopmentExpenses": 0,
        "generalAndAdministrativeExpenses": 9800000,
        "sellingAndMarketingExpenses": 0,
        "sellingGeneralAndAdministrativeExpenses": 9800000,
        "otherExpenses": 23400000,
        "operatingExpenses": 33200000,
        "costAndExpenses": 225000000,
        "interestIncome": 0,
        "interestExpense": 0,
        "depreciationAndAmortization": 23400000,
        "ebitda": 56423000,
        "ebitdaratio": 0.2186937984,
        "operatingIncome": 33000000,
        "operatingIncomeRatio": 0.1279069767,
        "totalOtherIncomeExpensesNet": -7123000,
        "incomeBeforeTax": 25900000,
        "incomeBeforeTaxRatio": 0.1003875969,
        "incomeTaxExpense": 8800000,
        "netIncome": 17100000,
        "netIncomeRatio": 0.0662790698,
        "eps": 0.18,
        "epsdiluted": 0.18,
        "weightedAverageShsOut": 93755000,
        "weightedAverageShsOutDil": 95340000,
        "link": "https://www.sec.gov/Archives/edgar/data/52827/000095012399007599/0000950123-99-007599-index.html",
        "finalLink": "https://www.sec.gov/Archives/edgar/data/52827/000095012399007599/"
    },
    {
        "date": "1999-03-31",
        "symbol": "RYN",
        "reportedCurrency": "USD",
        "cik": "0000052827",
        "fillingDate": "1999-05-13",
        "acceptedDate": "1999-05-13 00:00:00",
        "calendarYear": "1999",
        "period": "Q1",
        "revenue": 226400000,
        "costOfRevenue": 162000000,
        "grossProfit": 64400000,
        "grossProfitRatio": 0.2844522968,
        "researchAndDevelopmentExpenses": 0,
        "generalAndAdministrativeExpenses": 9500000,
        "sellingAndMarketingExpenses": 0,
        "sellingGeneralAndAdministrativeExpenses": 9500000,
        "otherExpenses": 26700000,
        "operatingExpenses": 36200000,
        "costAndExpenses": 198200000,
        "interestIncome": 0,
        "interestExpense": 0,
        "depreciationAndAmortization": 26700000,
        "ebitda": 54896000,
        "ebitdaratio": 0.2424734982,
        "operatingIncome": 28200000,
        "operatingIncomeRatio": 0.1245583039,
        "totalOtherIncomeExpensesNet": -5796000,
        "incomeBeforeTax": 22400000,
        "incomeBeforeTaxRatio": 0.0989399293,
        "incomeTaxExpense": 7300000,
        "netIncome": 15100000,
        "netIncomeRatio": 0.0666961131,
        "eps": 0.16,
        "epsdiluted": 0.16,
        "weightedAverageShsOut": 93755000,
        "weightedAverageShsOutDil": 94547500,
        "link": "https://www.sec.gov/Archives/edgar/data/52827/000095012399004568/0000950123-99-004568-index.html",
        "finalLink": "https://www.sec.gov/Archives/edgar/data/52827/"
    },
    {
        "date": "1998-12-31",
        "symbol": "RYN",
        "reportedCurrency": "USD",
        "cik": "0000052827",
        "fillingDate": "1999-03-26",
        "acceptedDate": "1999-03-26 00:00:00",
        "calendarYear": "1998",
        "period": "Q4",
        "revenue": 270400000,
        "costOfRevenue": 207900000,
        "grossProfit": 62500000,
        "grossProfitRatio": 0.2311390533,
        "researchAndDevelopmentExpenses": 0,
        "generalAndAdministrativeExpenses": 9800000,
        "sellingAndMarketingExpenses": 0,
        "sellingGeneralAndAdministrativeExpenses": 9800000,
        "otherExpenses": 26500000,
        "operatingExpenses": 36300000,
        "costAndExpenses": 244200000,
        "interestIncome": 0,
        "interestExpense": 0,
        "depreciationAndAmortization": 26500000,
        "ebitda": 52700000,
        "ebitdaratio": 0.1948964497,
        "operatingIncome": 26200000,
        "operatingIncomeRatio": 0.0968934911,
        "totalOtherIncomeExpensesNet": -5300000,
        "incomeBeforeTax": 20900000,
        "incomeBeforeTaxRatio": 0.0772928994,
        "incomeTaxExpense": 6800000,
        "netIncome": 14100000,
        "netIncomeRatio": 0.0521449704,
        "eps": 0.15,
        "epsdiluted": 0.15,
        "weightedAverageShsOut": 93755000,
        "weightedAverageShsOutDil": 93755000,
        "link": "https://www.sec.gov/Archives/edgar/data/52827/000095012399002570/0000950123-99-002570-index.html",
        "finalLink": "https://www.sec.gov/Archives/edgar/data/52827/"
    },
    {
        "date": "1998-09-30",
        "symbol": "RYN",
        "reportedCurrency": "USD",
        "cik": "0000052827",
        "fillingDate": "1998-11-12",
        "acceptedDate": "1998-11-12 00:00:00",
        "calendarYear": "1998",
        "period": "Q3",
        "revenue": 258800000,
        "costOfRevenue": 196900000,
        "grossProfit": 61900000,
        "grossProfitRatio": 0.2391808346,
        "researchAndDevelopmentExpenses": 0,
        "generalAndAdministrativeExpenses": 8000000,
        "sellingAndMarketingExpenses": 0,
        "sellingGeneralAndAdministrativeExpenses": 8000000,
        "otherExpenses": 26800000,
        "operatingExpenses": 34800000,
        "costAndExpenses": 231700000,
        "interestIncome": 0,
        "interestExpense": 0,
        "depreciationAndAmortization": 26800000,
        "ebitda": 53800000,
        "ebitdaratio": 0.2078825348,
        "operatingIncome": 27100000,
        "operatingIncomeRatio": 0.1047140649,
        "totalOtherIncomeExpensesNet": -10600000,
        "incomeBeforeTax": 16400000,
        "incomeBeforeTaxRatio": 0.0633693972,
        "incomeTaxExpense": 3500000,
        "netIncome": 12900000,
        "netIncomeRatio": 0.0498454405,
        "eps": 0.14,
        "epsdiluted": 0.13,
        "weightedAverageShsOut": 95387000,
        "weightedAverageShsOutDil": 97218000,
        "link": "https://www.sec.gov/Archives/edgar/data/52827/000095012398009848/0000950123-98-009848-index.html",
        "finalLink": "https://www.sec.gov/Archives/edgar/data/52827/"
    },
    {
        "date": "1998-06-30",
        "symbol": "RYN",
        "reportedCurrency": "USD",
        "cik": "0000052827",
        "fillingDate": "1998-08-14",
        "acceptedDate": "1998-08-14 00:00:00",
        "calendarYear": "1998",
        "period": "Q2",
        "revenue": 254000000,
        "costOfRevenue": 185400000,
        "grossProfit": 68600000,
        "grossProfitRatio": 0.2700787402,
        "researchAndDevelopmentExpenses": 0,
        "generalAndAdministrativeExpenses": 9400000,
        "sellingAndMarketingExpenses": 0,
        "sellingGeneralAndAdministrativeExpenses": 9400000,
        "otherExpenses": 24900000,
        "operatingExpenses": 34300000,
        "costAndExpenses": 219700000,
        "interestIncome": 0,
        "interestExpense": 0,
        "depreciationAndAmortization": 24900000,
        "ebitda": 59200000,
        "ebitdaratio": 0.2330708661,
        "operatingIncome": 34300000,
        "operatingIncomeRatio": 0.1350393701,
        "totalOtherIncomeExpensesNet": -8000000,
        "incomeBeforeTax": 26300000,
        "incomeBeforeTaxRatio": 0.1035433071,
        "incomeTaxExpense": 7900000,
        "netIncome": 18400000,
        "netIncomeRatio": 0.0724409449,
        "eps": 0.19,
        "epsdiluted": 0.19,
        "weightedAverageShsOut": 95329000,
        "weightedAverageShsOutDil": 97248000,
        "link": "https://www.sec.gov/Archives/edgar/data/52827/000095012398007612/0000950123-98-007612-index.html",
        "finalLink": "https://www.sec.gov/Archives/edgar/data/52827/"
    },
    {
        "date": "1998-03-31",
        "symbol": "RYN",
        "reportedCurrency": "USD",
        "cik": "0000052827",
        "fillingDate": "1998-05-13",
        "acceptedDate": "1998-05-13 00:00:00",
        "calendarYear": "1998",
        "period": "Q1",
        "revenue": 225400000,
        "costOfRevenue": 160000000,
        "grossProfit": 65400000,
        "grossProfitRatio": 0.2901508429,
        "researchAndDevelopmentExpenses": 0,
        "generalAndAdministrativeExpenses": 8300000,
        "sellingAndMarketingExpenses": 0,
        "sellingGeneralAndAdministrativeExpenses": 8300000,
        "otherExpenses": 22900000,
        "operatingExpenses": 31200000,
        "costAndExpenses": 191200000,
        "interestIncome": 0,
        "interestExpense": 0,
        "depreciationAndAmortization": 22900000,
        "ebitda": 55800000,
        "ebitdaratio": 0.2475598935,
        "operatingIncome": 32900000,
        "operatingIncomeRatio": 0.1459627329,
        "totalOtherIncomeExpensesNet": -6400000,
        "incomeBeforeTax": 26500000,
        "incomeBeforeTaxRatio": 0.1175687666,
        "incomeTaxExpense": 8300000,
        "netIncome": 18200000,
        "netIncomeRatio": 0.0807453416,
        "eps": 0.19,
        "epsdiluted": 0.19,
        "weightedAverageShsOut": 96236000,
        "weightedAverageShsOutDil": 98176500,
        "link": "https://www.sec.gov/Archives/edgar/data/52827/000095012398004929/0000950123-98-004929-index.html",
        "finalLink": "https://www.sec.gov/Archives/edgar/data/52827/"
    },
    {
        "date": "1997-12-31",
        "symbol": "RYN",
        "reportedCurrency": "USD",
        "cik": "0000052827",
        "fillingDate": "1998-03-26",
        "acceptedDate": "1998-03-26 00:00:00",
        "calendarYear": "1997",
        "period": "Q4",
        "revenue": 287100000,
        "costOfRevenue": 207800000,
        "grossProfit": 79300000,
        "grossProfitRatio": 0.2762103797,
        "researchAndDevelopmentExpenses": 0,
        "generalAndAdministrativeExpenses": 11800000,
        "sellingAndMarketingExpenses": 0,
        "sellingGeneralAndAdministrativeExpenses": 11800000,
        "otherExpenses": 28100000,
        "operatingExpenses": 39900000,
        "costAndExpenses": 247700000,
        "interestIncome": 0,
        "interestExpense": 0,
        "depreciationAndAmortization": 28100000,
        "ebitda": 67500000,
        "ebitdaratio": 0.2351097179,
        "operatingIncome": 39400000,
        "operatingIncomeRatio": 0.1372344131,
        "totalOtherIncomeExpensesNet": -5300000,
        "incomeBeforeTax": 34100000,
        "incomeBeforeTaxRatio": 0.1187739464,
        "incomeTaxExpense": 8200000,
        "netIncome": 25900000,
        "netIncomeRatio": 0.0902124695,
        "eps": 0.27,
        "epsdiluted": 0.27,
        "weightedAverageShsOut": 95454000,
        "weightedAverageShsOutDil": 95454000,
        "link": "https://www.sec.gov/Archives/edgar/data/52827/000095012398002941/0000950123-98-002941-index.html",
        "finalLink": "https://www.sec.gov/Archives/edgar/data/52827/"
    },
    {
        "date": "1997-09-30",
        "symbol": "RYN",
        "reportedCurrency": "USD",
        "cik": "0000052827",
        "fillingDate": "1997-11-13",
        "acceptedDate": "1997-11-13 00:00:00",
        "calendarYear": "1997",
        "period": "Q3",
        "revenue": 266900000,
        "costOfRevenue": 193100000,
        "grossProfit": 73800000,
        "grossProfitRatio": 0.2765080555,
        "researchAndDevelopmentExpenses": 0,
        "generalAndAdministrativeExpenses": 10400000,
        "sellingAndMarketingExpenses": 0,
        "sellingGeneralAndAdministrativeExpenses": 10400000,
        "otherExpenses": 23600000,
        "operatingExpenses": 34000000,
        "costAndExpenses": 227100000,
        "interestIncome": 0,
        "interestExpense": 0,
        "depreciationAndAmortization": 23600000,
        "ebitda": 63400000,
        "ebitdaratio": 0.2375421506,
        "operatingIncome": 39800000,
        "operatingIncomeRatio": 0.1491195204,
        "totalOtherIncomeExpensesNet": -9600000,
        "incomeBeforeTax": 30200000,
        "incomeBeforeTaxRatio": 0.1131509929,
        "incomeTaxExpense": 7000000,
        "netIncome": 23200000,
        "netIncomeRatio": 0.0869239416,
        "eps": 0.23,
        "epsdiluted": 0.23,
        "weightedAverageShsOut": 99116000,
        "weightedAverageShsOutDil": 99116000,
        "link": "https://www.sec.gov/Archives/edgar/data/52827/000095012397009433/0000950123-97-009433-index.html",
        "finalLink": "https://www.sec.gov/Archives/edgar/data/52827/"
    },
    {
        "date": "1997-06-30",
        "symbol": "RYN",
        "reportedCurrency": "USD",
        "cik": "0000052827",
        "fillingDate": "1997-08-13",
        "acceptedDate": "1997-08-13 00:00:00",
        "calendarYear": "1997",
        "period": "Q2",
        "revenue": 290100000,
        "costOfRevenue": 217600000,
        "grossProfit": 72500000,
        "grossProfitRatio": 0.2499138228,
        "researchAndDevelopmentExpenses": 0,
        "generalAndAdministrativeExpenses": 9700000,
        "sellingAndMarketingExpenses": 0,
        "sellingGeneralAndAdministrativeExpenses": 9700000,
        "otherExpenses": 22800000,
        "operatingExpenses": 32500000,
        "costAndExpenses": 250100000,
        "interestIncome": 0,
        "interestExpense": 0,
        "depreciationAndAmortization": 22800000,
        "ebitda": 62800000,
        "ebitdaratio": 0.2164770769,
        "operatingIncome": 40000000,
        "operatingIncomeRatio": 0.1378834885,
        "totalOtherIncomeExpensesNet": -10600000,
        "incomeBeforeTax": 29400000,
        "incomeBeforeTaxRatio": 0.101344364,
        "incomeTaxExpense": 9600000,
        "netIncome": 19800000,
        "netIncomeRatio": 0.0682523268,
        "eps": 0.2,
        "epsdiluted": 0.2,
        "weightedAverageShsOut": 99578000,
        "weightedAverageShsOutDil": 99578000,
        "link": "https://www.sec.gov/Archives/edgar/data/52827/000095012397006735/0000950123-97-006735-index.html",
        "finalLink": "https://www.sec.gov/Archives/edgar/data/52827/"
    },
    {
        "date": "1997-03-31",
        "symbol": "RYN",
        "reportedCurrency": "USD",
        "cik": "0000052827",
        "fillingDate": "1997-05-15",
        "acceptedDate": "1997-05-15 00:00:00",
        "calendarYear": "1997",
        "period": "Q1",
        "revenue": 260100000,
        "costOfRevenue": 185000000,
        "grossProfit": 75100000,
        "grossProfitRatio": 0.2887351019,
        "researchAndDevelopmentExpenses": 0,
        "generalAndAdministrativeExpenses": 10500000,
        "sellingAndMarketingExpenses": 0,
        "sellingGeneralAndAdministrativeExpenses": 10500000,
        "otherExpenses": 24800000,
        "operatingExpenses": 35300000,
        "costAndExpenses": 220300000,
        "interestIncome": 0,
        "interestExpense": 0,
        "depreciationAndAmortization": 24800000,
        "ebitda": 64600000,
        "ebitdaratio": 0.2483660131,
        "operatingIncome": 39800000,
        "operatingIncomeRatio": 0.15301807,
        "totalOtherIncomeExpensesNet": -12900000,
        "incomeBeforeTax": 26900000,
        "incomeBeforeTaxRatio": 0.1034217609,
        "incomeTaxExpense": 8500000,
        "netIncome": 18400000,
        "netIncomeRatio": 0.0707420223,
        "eps": 0.19,
        "epsdiluted": 0.18,
        "weightedAverageShsOut": 100208000,
        "weightedAverageShsOutDil": 100208000,
        "link": "https://www.sec.gov/Archives/edgar/data/52827/000095012397004315/0000950123-97-004315-index.html",
        "finalLink": "https://www.sec.gov/Archives/edgar/data/52827/"
    },
    {
        "date": "1996-12-31",
        "symbol": "RYN",
        "reportedCurrency": "USD",
        "cik": "0000052827",
        "fillingDate": "1997-03-28",
        "acceptedDate": "1997-03-28 00:00:00",
        "calendarYear": "1996",
        "period": "Q4",
        "revenue": 302200000,
        "costOfRevenue": 229900000,
        "grossProfit": 72300000,
        "grossProfitRatio": 0.2392455328,
        "researchAndDevelopmentExpenses": 0,
        "generalAndAdministrativeExpenses": 136100000,
        "sellingAndMarketingExpenses": 0,
        "sellingGeneralAndAdministrativeExpenses": 136100000,
        "otherExpenses": 25300000,
        "operatingExpenses": 161400000,
        "costAndExpenses": 391300000,
        "interestIncome": 0,
        "interestExpense": 0,
        "depreciationAndAmortization": 25300000,
        "ebitda": -63800000,
        "ebitdaratio": -0.2111184646,
        "operatingIncome": -89100000,
        "operatingIncomeRatio": -0.2948378557,
        "totalOtherIncomeExpensesNet": -11700000,
        "incomeBeforeTax": -100800000,
        "incomeBeforeTaxRatio": -0.3335539378,
        "incomeTaxExpense": -38200000,
        "netIncome": -160800000,
        "netIncomeRatio": -0.5320979484,
        "eps": -1.6,
        "epsdiluted": -1.6,
        "weightedAverageShsOut": 100208000,
        "weightedAverageShsOutDil": 100208000,
        "link": "https://www.sec.gov/Archives/edgar/data/52827/000095012397002685/0000950123-97-002685-index.html",
        "finalLink": "https://www.sec.gov/Archives/edgar/data/52827/"
    },
    {
        "date": "1996-09-30",
        "symbol": "RYN",
        "reportedCurrency": "USD",
        "cik": "0000052827",
        "fillingDate": "1996-11-13",
        "acceptedDate": "1996-11-13 00:00:00",
        "calendarYear": "1996",
        "period": "Q3",
        "revenue": 285100000,
        "costOfRevenue": 220800000,
        "grossProfit": 64300000,
        "grossProfitRatio": 0.2255349,
        "researchAndDevelopmentExpenses": 0,
        "generalAndAdministrativeExpenses": 9800000,
        "sellingAndMarketingExpenses": 0,
        "sellingGeneralAndAdministrativeExpenses": 9800000,
        "otherExpenses": 24900000,
        "operatingExpenses": 34700000,
        "costAndExpenses": 255500000,
        "interestIncome": 0,
        "interestExpense": 0,
        "depreciationAndAmortization": 24900000,
        "ebitda": 54500000,
        "ebitdaratio": 0.1911609961,
        "operatingIncome": 29600000,
        "operatingIncomeRatio": 0.1038232199,
        "totalOtherIncomeExpensesNet": -7200000,
        "incomeBeforeTax": 22400000,
        "incomeBeforeTaxRatio": 0.0785689232,
        "incomeTaxExpense": 6800000,
        "netIncome": 15600000,
        "netIncomeRatio": 0.0547176429,
        "eps": 0.16,
        "epsdiluted": 0.15,
        "weightedAverageShsOut": 101078000,
        "weightedAverageShsOutDil": 101078000,
        "link": "https://www.sec.gov/Archives/edgar/data/52827/000095012396006519/0000950123-96-006519-index.html",
        "finalLink": "https://www.sec.gov/Archives/edgar/data/52827/"
    },
    {
        "date": "1996-06-30",
        "symbol": "RYN",
        "reportedCurrency": "USD",
        "cik": "0000052827",
        "fillingDate": "1996-08-13",
        "acceptedDate": "1996-08-13 00:00:00",
        "calendarYear": "1996",
        "period": "Q2",
        "revenue": 296700000,
        "costOfRevenue": 232200000,
        "grossProfit": 64500000,
        "grossProfitRatio": 0.2173913043,
        "researchAndDevelopmentExpenses": 0,
        "generalAndAdministrativeExpenses": 9400000,
        "sellingAndMarketingExpenses": 0,
        "sellingGeneralAndAdministrativeExpenses": 9400000,
        "otherExpenses": 22600000,
        "operatingExpenses": 32000000,
        "costAndExpenses": 264200000,
        "interestIncome": 0,
        "interestExpense": 0,
        "depreciationAndAmortization": 22600000,
        "ebitda": 55100000,
        "ebitdaratio": 0.1857094708,
        "operatingIncome": 32500000,
        "operatingIncomeRatio": 0.1095382541,
        "totalOtherIncomeExpensesNet": -12700000,
        "incomeBeforeTax": 19800000,
        "incomeBeforeTaxRatio": 0.0667340748,
        "incomeTaxExpense": 4400000,
        "netIncome": 15400000,
        "netIncomeRatio": 0.0519042804,
        "eps": 0.15,
        "epsdiluted": 0.15,
        "weightedAverageShsOut": 101250000,
        "weightedAverageShsOutDil": 101250000,
        "link": "https://www.sec.gov/Archives/edgar/data/52827/000095012396004388/0000950123-96-004388-index.html",
        "finalLink": "https://www.sec.gov/Archives/edgar/data/52827/"
    },
    {
        "date": "1996-03-31",
        "symbol": "RYN",
        "reportedCurrency": "USD",
        "cik": "0000052827",
        "fillingDate": "1996-05-10",
        "acceptedDate": "1996-05-10 00:00:00",
        "calendarYear": "1996",
        "period": "Q1",
        "revenue": 294000000,
        "costOfRevenue": 201600000,
        "grossProfit": 92400000,
        "grossProfitRatio": 0.3142857143,
        "researchAndDevelopmentExpenses": 0,
        "generalAndAdministrativeExpenses": 8800000,
        "sellingAndMarketingExpenses": 0,
        "sellingGeneralAndAdministrativeExpenses": 8800000,
        "otherExpenses": 24100000,
        "operatingExpenses": 32900000,
        "costAndExpenses": 234500000,
        "interestIncome": 0,
        "interestExpense": 0,
        "depreciationAndAmortization": 24100000,
        "ebitda": 83600000,
        "ebitdaratio": 0.2843537415,
        "operatingIncome": 59500000,
        "operatingIncomeRatio": 0.2023809524,
        "totalOtherIncomeExpensesNet": -14200000,
        "incomeBeforeTax": 45300000,
        "incomeBeforeTaxRatio": 0.1540816327,
        "incomeTaxExpense": 13800000,
        "netIncome": 31500000,
        "netIncomeRatio": 0.1071428571,
        "eps": 0.31,
        "epsdiluted": 0.31,
        "weightedAverageShsOut": 101449000,
        "weightedAverageShsOutDil": 101449000,
        "link": "https://www.sec.gov/Archives/edgar/data/52827/000005282796000001/0000052827-96-000001-index.html",
        "finalLink": "https://www.sec.gov/Archives/edgar/data/52827/"
    },
    {
        "date": "1995-12-31",
        "symbol": "RYN",
        "reportedCurrency": "USD",
        "cik": "0000052827",
        "fillingDate": "1996-03-28",
        "acceptedDate": "1996-03-28 00:00:00",
        "calendarYear": "1995",
        "period": "Q4",
        "revenue": 327200000,
        "costOfRevenue": 230400000,
        "grossProfit": 96800000,
        "grossProfitRatio": 0.2958435208,
        "researchAndDevelopmentExpenses": 0,
        "generalAndAdministrativeExpenses": 10100000,
        "sellingAndMarketingExpenses": 0,
        "sellingGeneralAndAdministrativeExpenses": 10100000,
        "otherExpenses": 23800000,
        "operatingExpenses": 33900000,
        "costAndExpenses": 264300000,
        "interestIncome": 0,
        "interestExpense": 0,
        "depreciationAndAmortization": 23800000,
        "ebitda": 86700000,
        "ebitdaratio": 0.2649755501,
        "operatingIncome": 62900000,
        "operatingIncomeRatio": 0.1922371638,
        "totalOtherIncomeExpensesNet": -14800000,
        "incomeBeforeTax": 48100000,
        "incomeBeforeTaxRatio": 0.14700489,
        "incomeTaxExpense": 14300000,
        "netIncome": 33800000,
        "netIncomeRatio": 0.1033007335,
        "eps": 0.33,
        "epsdiluted": 0.33,
        "weightedAverageShsOut": 101449000,
        "weightedAverageShsOutDil": 101449000,
        "link": "https://www.sec.gov/Archives/edgar/data/52827/000095012396001360/0000950123-96-001360-index.html",
        "finalLink": "https://www.sec.gov/Archives/edgar/data/52827/"
    },
    {
        "date": "1995-09-30",
        "symbol": "RYN",
        "reportedCurrency": "USD",
        "cik": "0000052827",
        "fillingDate": "1995-11-13",
        "acceptedDate": "1995-11-13 00:00:00",
        "calendarYear": "1995",
        "period": "Q3",
        "revenue": 333900000,
        "costOfRevenue": 240500000,
        "grossProfit": 93400000,
        "grossProfitRatio": 0.2797244684,
        "researchAndDevelopmentExpenses": 0,
        "generalAndAdministrativeExpenses": 9100000,
        "sellingAndMarketingExpenses": 0,
        "sellingGeneralAndAdministrativeExpenses": 9100000,
        "otherExpenses": 24100000,
        "operatingExpenses": 33200000,
        "costAndExpenses": 273700000,
        "interestIncome": 0,
        "interestExpense": 0,
        "depreciationAndAmortization": 25000000,
        "ebitda": 85200000,
        "ebitdaratio": 0.2551662174,
        "operatingIncome": 60200000,
        "operatingIncomeRatio": 0.180293501,
        "totalOtherIncomeExpensesNet": 23300000,
        "incomeBeforeTax": 83500000,
        "incomeBeforeTaxRatio": 0.2500748727,
        "incomeTaxExpense": 26500000,
        "netIncome": 57000000,
        "netIncomeRatio": 0.1707097934,
        "eps": 0.56,
        "epsdiluted": 0.56,
        "weightedAverageShsOut": 266893000,
        "weightedAverageShsOutDil": 266893000,
        "link": "https://www.sec.gov/Archives/edgar/data/52827/000095012395003257/0000950123-95-003257-index.html",
        "finalLink": "https://www.sec.gov/Archives/edgar/data/52827/"
    },
    {
        "date": "1995-06-30",
        "symbol": "RYN",
        "reportedCurrency": "USD",
        "cik": "0000052827",
        "fillingDate": "1995-08-14",
        "acceptedDate": "1995-08-14 00:00:00",
        "calendarYear": "1995",
        "period": "Q2",
        "revenue": 313600000,
        "costOfRevenue": 228600000,
        "grossProfit": 85000000,
        "grossProfitRatio": 0.2710459184,
        "researchAndDevelopmentExpenses": 0,
        "generalAndAdministrativeExpenses": 9400000,
        "sellingAndMarketingExpenses": 0,
        "sellingGeneralAndAdministrativeExpenses": 9400000,
        "otherExpenses": 23600000,
        "operatingExpenses": 33000000,
        "costAndExpenses": 261600000,
        "interestIncome": 0,
        "interestExpense": 0,
        "depreciationAndAmortization": 22700000,
        "ebitda": 75600000,
        "ebitdaratio": 0.2410714286,
        "operatingIncome": 52000000,
        "operatingIncomeRatio": 0.1658163265,
        "totalOtherIncomeExpensesNet": -13400000,
        "incomeBeforeTax": 38600000,
        "incomeBeforeTaxRatio": 0.1230867347,
        "incomeTaxExpense": 12300000,
        "netIncome": 26300000,
        "netIncomeRatio": 0.0838647959,
        "eps": 0.26,
        "epsdiluted": 0.26,
        "weightedAverageShsOut": 266739000,
        "weightedAverageShsOutDil": 266739000,
        "link": "https://www.sec.gov/Archives/edgar/data/52827/000095012395002333/0000950123-95-002333-index.html",
        "finalLink": "https://www.sec.gov/Archives/edgar/data/52827/"
    },
    {
        "date": "1995-03-31",
        "symbol": "RYN",
        "reportedCurrency": "USD",
        "cik": "0000052827",
        "fillingDate": "1995-05-15",
        "acceptedDate": "1995-05-15 00:00:00",
        "calendarYear": "1995",
        "period": "Q1",
        "revenue": 285800000,
        "costOfRevenue": 199500000,
        "grossProfit": 86300000,
        "grossProfitRatio": 0.3019594122,
        "researchAndDevelopmentExpenses": 0,
        "generalAndAdministrativeExpenses": 8400000,
        "sellingAndMarketingExpenses": 0,
        "sellingGeneralAndAdministrativeExpenses": 8400000,
        "otherExpenses": 24500000,
        "operatingExpenses": 32900000,
        "costAndExpenses": 232400000,
        "interestIncome": 0,
        "interestExpense": 0,
        "depreciationAndAmortization": 24500000,
        "ebitda": 77900000,
        "ebitdaratio": 0.2725682295,
        "operatingIncome": 53400000,
        "operatingIncomeRatio": 0.1868439468,
        "totalOtherIncomeExpensesNet": -15800000,
        "incomeBeforeTax": 37600000,
        "incomeBeforeTaxRatio": 0.1315605318,
        "incomeTaxExpense": 12500000,
        "netIncome": 25100000,
        "netIncomeRatio": 0.0878236529,
        "eps": 0.25,
        "epsdiluted": 0.25,
        "weightedAverageShsOut": 266685000,
        "weightedAverageShsOutDil": 266685000,
        "link": "https://www.sec.gov/Archives/edgar/data/52827/000095012395001424/0000950123-95-001424-index.html",
        "finalLink": "https://www.sec.gov/Archives/edgar/data/52827/"
    },
    {
        "date": "1994-12-31",
        "symbol": "RYN",
        "reportedCurrency": "USD",
        "cik": "0000052827",
        "fillingDate": "1995-03-23",
        "acceptedDate": "1995-03-23 00:00:00",
        "calendarYear": "1994",
        "period": "Q4",
        "revenue": 275000000,
        "costOfRevenue": 207800000,
        "grossProfit": 67200000,
        "grossProfitRatio": 0.2443636364,
        "researchAndDevelopmentExpenses": 0,
        "generalAndAdministrativeExpenses": 5800000,
        "sellingAndMarketingExpenses": 0,
        "sellingGeneralAndAdministrativeExpenses": 5800000,
        "otherExpenses": 20600000,
        "operatingExpenses": 26400000,
        "costAndExpenses": 234200000,
        "interestIncome": 0,
        "interestExpense": 0,
        "depreciationAndAmortization": 20600000,
        "ebitda": 61400000,
        "ebitdaratio": 0.2232727273,
        "operatingIncome": 40800000,
        "operatingIncomeRatio": 0.1483636364,
        "totalOtherIncomeExpensesNet": -13200000,
        "incomeBeforeTax": 27600000,
        "incomeBeforeTaxRatio": 0.1003636364,
        "incomeTaxExpense": 9800000,
        "netIncome": 17800000,
        "netIncomeRatio": 0.0647272727,
        "eps": 0.0667,
        "epsdiluted": 0.0667,
        "weightedAverageShsOut": 266685000,
        "weightedAverageShsOutDil": 266685000,
        "link": "https://www.sec.gov/Archives/edgar/data/52827/000095012395000642/0000950123-95-000642-index.html",
        "finalLink": "https://www.sec.gov/Archives/edgar/data/52827/"
    },
    {
        "date": "1994-09-30",
        "symbol": "RYN",
        "reportedCurrency": "USD",
        "cik": "0000052827",
        "fillingDate": "1994-11-14",
        "acceptedDate": "1994-11-14 00:00:00",
        "calendarYear": "1994",
        "period": "Q3",
        "revenue": 286000000,
        "costOfRevenue": 216500000,
        "grossProfit": 69500000,
        "grossProfitRatio": 0.243006993,
        "researchAndDevelopmentExpenses": 0,
        "generalAndAdministrativeExpenses": 7700000,
        "sellingAndMarketingExpenses": 0,
        "sellingGeneralAndAdministrativeExpenses": 7700000,
        "otherExpenses": 23200000,
        "operatingExpenses": 30900000,
        "costAndExpenses": 247400000,
        "interestIncome": 0,
        "interestExpense": 0,
        "depreciationAndAmortization": 24200000,
        "ebitda": 62800000,
        "ebitdaratio": 0.2195804196,
        "operatingIncome": 38600000,
        "operatingIncomeRatio": 0.134965035,
        "totalOtherIncomeExpensesNet": -13900000,
        "incomeBeforeTax": 24700000,
        "incomeBeforeTaxRatio": 0.0863636364,
        "incomeTaxExpense": 8300000,
        "netIncome": 16400000,
        "netIncomeRatio": 0.0573426573,
        "eps": 0.16,
        "epsdiluted": 0.16,
        "weightedAverageShsOut": 100536000,
        "weightedAverageShsOutDil": 100536000,
        "link": "https://www.sec.gov/Archives/edgar/data/52827/000095012394001856/0000950123-94-001856-index.html",
        "finalLink": "https://www.sec.gov/Archives/edgar/data/52827/"
    },
    {
        "date": "1994-06-30",
        "symbol": "RYN",
        "reportedCurrency": "USD",
        "cik": "0000052827",
        "fillingDate": "1994-08-11",
        "acceptedDate": "1994-08-11 00:00:00",
        "calendarYear": "1994",
        "period": "Q2",
        "revenue": 250800000,
        "costOfRevenue": 187500000,
        "grossProfit": 63300000,
        "grossProfitRatio": 0.2523923445,
        "researchAndDevelopmentExpenses": 0,
        "generalAndAdministrativeExpenses": 7500000,
        "sellingAndMarketingExpenses": 0,
        "sellingGeneralAndAdministrativeExpenses": 7500000,
        "otherExpenses": 22700000,
        "operatingExpenses": 30200000,
        "costAndExpenses": 217700000,
        "interestIncome": 0,
        "interestExpense": 0,
        "depreciationAndAmortization": 21400000,
        "ebitda": 55800000,
        "ebitdaratio": 0.2224880383,
        "operatingIncome": 33100000,
        "operatingIncomeRatio": 0.1319776715,
        "totalOtherIncomeExpensesNet": -11300000,
        "incomeBeforeTax": 21800000,
        "incomeBeforeTaxRatio": 0.0869218501,
        "incomeTaxExpense": 7700000,
        "netIncome": 14100000,
        "netIncomeRatio": 0.0562200957,
        "eps": 0.14,
        "epsdiluted": 0.14,
        "weightedAverageShsOut": 99041000,
        "weightedAverageShsOutDil": 99041000,
        "link": "https://www.sec.gov/Archives/edgar/data/52827/000005282794000003/0000052827-94-000003-index.html",
        "finalLink": "https://www.sec.gov/Archives/edgar/data/52827/"
    },
    {
        "date": "1994-03-31",
        "symbol": "RYN",
        "reportedCurrency": "USD",
        "cik": "0000052827",
        "fillingDate": "1994-05-16",
        "acceptedDate": "1994-05-16 00:00:00",
        "calendarYear": "1994",
        "period": "Q1",
        "revenue": 257700000,
        "costOfRevenue": 175100000,
        "grossProfit": 82600000,
        "grossProfitRatio": 0.3205277454,
        "researchAndDevelopmentExpenses": 0,
        "generalAndAdministrativeExpenses": 6700000,
        "sellingAndMarketingExpenses": 0,
        "sellingGeneralAndAdministrativeExpenses": 6700000,
        "otherExpenses": 24000000,
        "operatingExpenses": 30700000,
        "costAndExpenses": 205800000,
        "interestIncome": 0,
        "interestExpense": 0,
        "depreciationAndAmortization": 24000000,
        "ebitda": 75900000,
        "ebitdaratio": 0.2945285215,
        "operatingIncome": 51900000,
        "operatingIncomeRatio": 0.2013969732,
        "totalOtherIncomeExpensesNet": -18000000,
        "incomeBeforeTax": 33900000,
        "incomeBeforeTaxRatio": 0.131548312,
        "incomeTaxExpense": 12200000,
        "netIncome": 21700000,
        "netIncomeRatio": 0.0842064416,
        "eps": 0.22,
        "epsdiluted": 0.22,
        "weightedAverageShsOut": 100225000,
        "weightedAverageShsOutDil": 100225000,
        "link": "https://www.sec.gov/Archives/edgar/data/52827/000095012394000930/0000950123-94-000930-index.html",
        "finalLink": "https://www.sec.gov/Archives/edgar/data/52827/"
    },
    {
        "date": "1993-12-31",
        "symbol": "RYN",
        "reportedCurrency": "USD",
        "cik": "0000052827",
        "fillingDate": "1994-03-25",
        "acceptedDate": "1994-03-25 00:00:00",
        "calendarYear": "1993",
        "period": "Q4",
        "revenue": 237000000,
        "costOfRevenue": 188800000,
        "grossProfit": 48200000,
        "grossProfitRatio": 0.2033755274,
        "researchAndDevelopmentExpenses": 0,
        "generalAndAdministrativeExpenses": 0,
        "sellingAndMarketingExpenses": 0,
        "sellingGeneralAndAdministrativeExpenses": 7500000,
        "otherExpenses": 21100000,
        "operatingExpenses": 28600000,
        "costAndExpenses": 217400000,
        "interestIncome": 0,
        "interestExpense": 0,
        "depreciationAndAmortization": 21100000,
        "ebitda": 40700000,
        "ebitdaratio": 0.1717299578,
        "operatingIncome": 19600000,
        "operatingIncomeRatio": 0.0827004219,
        "totalOtherIncomeExpensesNet": -15000000,
        "incomeBeforeTax": 4600000,
        "incomeBeforeTaxRatio": 0.0194092827,
        "incomeTaxExpense": 1400000,
        "netIncome": 3200000,
        "netIncomeRatio": 0.0135021097,
        "eps": 0.0542,
        "epsdiluted": 0.0542,
        "weightedAverageShsOut": 59003530,
        "weightedAverageShsOutDil": 59003530,
        "link": "https://www.sec.gov/Archives/edgar/data/52827/000095012394000596/0000950123-94-000596-index.html",
        "finalLink": "https://www.sec.gov/Archives/edgar/data/52827/"
    },
    {
        "date": "1993-09-30",
        "symbol": "RYN",
        "reportedCurrency": "USD",
        "cik": "0000052827",
        "fillingDate": "1993-09-30",
        "acceptedDate": "1993-09-30 00:00:00",
        "calendarYear": "1993",
        "period": "Q3",
        "revenue": 226400000,
        "costOfRevenue": 177000000,
        "grossProfit": 49400000,
        "grossProfitRatio": 0.2181978799,
        "researchAndDevelopmentExpenses": 0,
        "generalAndAdministrativeExpenses": 0,
        "sellingAndMarketingExpenses": 0,
        "sellingGeneralAndAdministrativeExpenses": 7100000,
        "otherExpenses": 19000000,
        "operatingExpenses": 26100000,
        "costAndExpenses": 203100000,
        "interestIncome": 0,
        "interestExpense": 0,
        "depreciationAndAmortization": 18800000,
        "ebitda": 42300000,
        "ebitdaratio": 0.1868374558,
        "operatingIncome": 23300000,
        "operatingIncomeRatio": 0.1029151943,
        "totalOtherIncomeExpensesNet": -7500000,
        "incomeBeforeTax": 15800000,
        "incomeBeforeTaxRatio": 0.0697879859,
        "incomeTaxExpense": 8100000,
        "netIncome": 7700000,
        "netIncomeRatio": 0.0340106007,
        "eps": 0.13,
        "epsdiluted": 0.13,
        "weightedAverageShsOut": 59004000,
        "weightedAverageShsOutDil": 59004000,
        "link": null,
        "finalLink": null
    },
    {
        "date": "1993-06-30",
        "symbol": "RYN",
        "reportedCurrency": "USD",
        "cik": "0000052827",
        "fillingDate": "1993-06-30",
        "acceptedDate": "1993-06-30 00:00:00",
        "calendarYear": "1993",
        "period": "Q2",
        "revenue": 256600000,
        "costOfRevenue": 182400000,
        "grossProfit": 74200000,
        "grossProfitRatio": 0.2891660171,
        "researchAndDevelopmentExpenses": 0,
        "generalAndAdministrativeExpenses": 0,
        "sellingAndMarketingExpenses": 0,
        "sellingGeneralAndAdministrativeExpenses": 7000000,
        "otherExpenses": 19200000,
        "operatingExpenses": 26200000,
        "costAndExpenses": 208600000,
        "interestIncome": 0,
        "interestExpense": 0,
        "depreciationAndAmortization": 19400000,
        "ebitda": 67400000,
        "ebitdaratio": 0.2626656274,
        "operatingIncome": 48000000,
        "operatingIncomeRatio": 0.1870615744,
        "totalOtherIncomeExpensesNet": -10900000,
        "incomeBeforeTax": 37100000,
        "incomeBeforeTaxRatio": 0.1445830086,
        "incomeTaxExpense": 12300000,
        "netIncome": 24800000,
        "netIncomeRatio": 0.0966484801,
        "eps": 0.13,
        "epsdiluted": 0.13,
        "weightedAverageShsOut": 190037000,
        "weightedAverageShsOutDil": 190037000,
        "link": null,
        "finalLink": null
    },
    {
        "date": "1993-03-31",
        "symbol": "RYN",
        "reportedCurrency": "USD",
        "cik": "0000052827",
        "fillingDate": "1993-03-31",
        "acceptedDate": "1993-03-31 00:00:00",
        "calendarYear": "1993",
        "period": "Q1",
        "revenue": 216300000,
        "costOfRevenue": 154300000,
        "grossProfit": 62000000,
        "grossProfitRatio": 0.2866389274,
        "researchAndDevelopmentExpenses": 0,
        "generalAndAdministrativeExpenses": 0,
        "sellingAndMarketingExpenses": 0,
        "sellingGeneralAndAdministrativeExpenses": 6700000,
        "otherExpenses": 19000000,
        "operatingExpenses": 25700000,
        "costAndExpenses": 180000000,
        "interestIncome": 0,
        "interestExpense": 0,
        "depreciationAndAmortization": 19000000,
        "ebitda": 55300000,
        "ebitdaratio": 0.2556634304,
        "operatingIncome": 36300000,
        "operatingIncomeRatio": 0.1678224688,
        "totalOtherIncomeExpensesNet": -10900000,
        "incomeBeforeTax": 25400000,
        "incomeBeforeTaxRatio": 0.1174294961,
        "incomeTaxExpense": 8600000,
        "netIncome": 16800000,
        "netIncomeRatio": 0.0776699029,
        "eps": 0.13,
        "epsdiluted": 0.13,
        "weightedAverageShsOut": 128735000,
        "weightedAverageShsOutDil": 128735000,
        "link": null,
        "finalLink": null
    }
]