[
    {
        "date": "2025-06-28",
        "symbol": "SANM",
        "reportedCurrency": "USD",
        "cik": "0000897723",
        "fillingDate": "2025-07-28",
        "acceptedDate": "2025-07-28 17:05:12",
        "calendarYear": "2025",
        "period": "Q3",
        "revenue": 2041562000,
        "costOfRevenue": 1860512000,
        "grossProfit": 181050000,
        "grossProfitRatio": 0.0886820973,
        "researchAndDevelopmentExpenses": 8078000,
        "generalAndAdministrativeExpenses": 0,
        "sellingAndMarketingExpenses": 0,
        "sellingGeneralAndAdministrativeExpenses": 69542000,
        "otherExpenses": 7553000,
        "operatingExpenses": 85173000,
        "costAndExpenses": 1945685000,
        "interestIncome": 4200000,
        "interestExpense": 4981000,
        "depreciationAndAmortization": 29760000,
        "ebitda": 126151000,
        "ebitdaratio": 0.0617914127,
        "operatingIncome": 95877000,
        "operatingIncomeRatio": 0.0469625708,
        "totalOtherIncomeExpensesNet": -4467000,
        "incomeBeforeTax": 91410000,
        "incomeBeforeTaxRatio": 0.0447745403,
        "incomeTaxExpense": 18522000,
        "netIncome": 68616000,
        "netIncomeRatio": 0.0336095597,
        "eps": 1.28,
        "epsdiluted": 1.26,
        "weightedAverageShsOut": 53614000,
        "weightedAverageShsOutDil": 54493000,
        "link": "https://www.sec.gov/Archives/edgar/data/897723/000089772325000031/0000897723-25-000031-index.htm",
        "finalLink": "https://www.sec.gov/Archives/edgar/data/897723/000089772325000031/sanm-20250628.htm"
    },
    {
        "date": "2025-03-29",
        "symbol": "SANM",
        "reportedCurrency": "USD",
        "cik": "0000897723",
        "fillingDate": "2025-04-28",
        "acceptedDate": "2025-04-28 17:26:04",
        "calendarYear": "2025",
        "period": "Q2",
        "revenue": 1984080000,
        "costOfRevenue": 1807845000,
        "grossProfit": 176235000,
        "grossProfitRatio": 0.0888245434,
        "researchAndDevelopmentExpenses": 7316000,
        "generalAndAdministrativeExpenses": 0,
        "sellingAndMarketingExpenses": 0,
        "sellingGeneralAndAdministrativeExpenses": 76313000,
        "otherExpenses": 990000,
        "operatingExpenses": 84619000,
        "costAndExpenses": 1892464000,
        "interestIncome": 3723000,
        "interestExpense": 4979000,
        "depreciationAndAmortization": 28208000,
        "ebitda": 121592000,
        "ebitdaratio": 0.0612838192,
        "operatingIncome": 91616000,
        "operatingIncomeRatio": 0.0461755574,
        "totalOtherIncomeExpensesNet": -3211000,
        "incomeBeforeTax": 88405000,
        "incomeBeforeTaxRatio": 0.0445571751,
        "incomeTaxExpense": 17890000,
        "netIncome": 64208000,
        "netIncomeRatio": 0.0323615983,
        "eps": 1.18,
        "epsdiluted": 1.16,
        "weightedAverageShsOut": 54405000,
        "weightedAverageShsOutDil": 55511000,
        "link": "https://www.sec.gov/Archives/edgar/data/897723/000089772325000016/0000897723-25-000016-index.htm",
        "finalLink": "https://www.sec.gov/Archives/edgar/data/897723/000089772325000016/sanm-20250329.htm"
    },
    {
        "date": "2024-12-28",
        "symbol": "SANM",
        "reportedCurrency": "USD",
        "cik": "0000897723",
        "fillingDate": "2025-01-28",
        "acceptedDate": "2025-01-28 14:16:18",
        "calendarYear": "2025",
        "period": "Q1",
        "revenue": 2006348000,
        "costOfRevenue": 1838433000,
        "grossProfit": 167915000,
        "grossProfitRatio": 0.083691862,
        "researchAndDevelopmentExpenses": 7024000,
        "generalAndAdministrativeExpenses": 0,
        "sellingAndMarketingExpenses": 0,
        "sellingGeneralAndAdministrativeExpenses": 70845000,
        "otherExpenses": 1436000,
        "operatingExpenses": 79305000,
        "costAndExpenses": 1917738000,
        "interestIncome": 3396000,
        "interestExpense": 5001000,
        "depreciationAndAmortization": 31845000,
        "ebitda": 123122000,
        "ebitdaratio": 0.0613662236,
        "operatingIncome": 88610000,
        "operatingIncomeRatio": 0.0441648209,
        "totalOtherIncomeExpensesNet": -2334000,
        "incomeBeforeTax": 86276000,
        "incomeBeforeTaxRatio": 0.0430015132,
        "incomeTaxExpense": 15392000,
        "netIncome": 65003000,
        "netIncomeRatio": 0.0323986666,
        "eps": 1.2,
        "epsdiluted": 1.16,
        "weightedAverageShsOut": 54206000,
        "weightedAverageShsOutDil": 55853000,
        "link": "https://www.sec.gov/Archives/edgar/data/897723/000089772325000007/0000897723-25-000007-index.htm",
        "finalLink": "https://www.sec.gov/Archives/edgar/data/897723/000089772325000007/sanm-20241228.htm"
    },
    {
        "date": "2024-09-30",
        "symbol": "SANM",
        "reportedCurrency": "USD",
        "cik": "0000897723",
        "fillingDate": "2024-11-27",
        "acceptedDate": "2024-11-27 14:21:11",
        "calendarYear": "2024",
        "period": "Q4",
        "revenue": 2017505000,
        "costOfRevenue": 1846212000,
        "grossProfit": 171293000,
        "grossProfitRatio": 0.0849033831,
        "researchAndDevelopmentExpenses": 8243000,
        "generalAndAdministrativeExpenses": 0,
        "sellingAndMarketingExpenses": 0,
        "sellingGeneralAndAdministrativeExpenses": 70490000,
        "otherExpenses": 2970000,
        "operatingExpenses": 81703000,
        "costAndExpenses": 1927915000,
        "interestIncome": 2799000,
        "interestExpense": 5047000,
        "depreciationAndAmortization": 31654000,
        "ebitda": 123479000,
        "ebitdaratio": 0.0612038136,
        "operatingIncome": 89590000,
        "operatingIncomeRatio": 0.0444063336,
        "totalOtherIncomeExpensesNet": -2812000,
        "incomeBeforeTax": 86778000,
        "incomeBeforeTaxRatio": 0.0430125328,
        "incomeTaxExpense": 19438000,
        "netIncome": 61381000,
        "netIncomeRatio": 0.0304242121,
        "eps": 1.12,
        "epsdiluted": 1.09,
        "weightedAverageShsOut": 55592000,
        "weightedAverageShsOutDil": 56970000,
        "link": "https://www.sec.gov/Archives/edgar/data/897723/000089772324000056/0000897723-24-000056-index.htm",
        "finalLink": "https://www.sec.gov/Archives/edgar/data/897723/000089772324000056/sanm-20240928.htm"
    },
    {
        "date": "2024-06-29",
        "symbol": "SANM",
        "reportedCurrency": "USD",
        "cik": "0000897723",
        "fillingDate": "2024-07-31",
        "acceptedDate": "2024-07-31 16:29:01",
        "calendarYear": "2024",
        "period": "Q3",
        "revenue": 1841430000,
        "costOfRevenue": 1687891000,
        "grossProfit": 153539000,
        "grossProfitRatio": 0.0833803077,
        "researchAndDevelopmentExpenses": 7659000,
        "generalAndAdministrativeExpenses": 0,
        "sellingAndMarketingExpenses": 0,
        "sellingGeneralAndAdministrativeExpenses": 61720000,
        "otherExpenses": 0,
        "operatingExpenses": 69379000,
        "costAndExpenses": 1757270000,
        "interestIncome": 2572000,
        "interestExpense": 7506000,
        "depreciationAndAmortization": 29764000,
        "ebitda": 113924000,
        "ebitdaratio": 0.0618671359,
        "operatingIncome": 82367000,
        "operatingIncomeRatio": 0.044729911,
        "totalOtherIncomeExpensesNet": -7729000,
        "incomeBeforeTax": 74638000,
        "incomeBeforeTaxRatio": 0.0405326295,
        "incomeTaxExpense": 19900000,
        "netIncome": 51602000,
        "netIncomeRatio": 0.0280227866,
        "eps": 0.93,
        "epsdiluted": 0.91,
        "weightedAverageShsOut": 55466000,
        "weightedAverageShsOutDil": 56711000,
        "link": "https://www.sec.gov/Archives/edgar/data/897723/000089772324000046/0000897723-24-000046-index.htm",
        "finalLink": "https://www.sec.gov/Archives/edgar/data/897723/000089772324000046/sanm-20240629.htm"
    },
    {
        "date": "2024-03-30",
        "symbol": "SANM",
        "reportedCurrency": "USD",
        "cik": "0000897723",
        "fillingDate": "2024-05-01",
        "acceptedDate": "2024-05-01 14:12:59",
        "calendarYear": "2024",
        "period": "Q2",
        "revenue": 1834595000,
        "costOfRevenue": 1679838000,
        "grossProfit": 154757000,
        "grossProfitRatio": 0.0843548576,
        "researchAndDevelopmentExpenses": 6323000,
        "generalAndAdministrativeExpenses": 0,
        "sellingAndMarketingExpenses": 0,
        "sellingGeneralAndAdministrativeExpenses": 69199000,
        "otherExpenses": 0,
        "operatingExpenses": 75522000,
        "costAndExpenses": 1755360000,
        "interestIncome": 3412000,
        "interestExpense": 8218000,
        "depreciationAndAmortization": 30274000,
        "ebitda": 109509000,
        "ebitdaratio": 0.0596911035,
        "operatingIncome": 75961000,
        "operatingIncomeRatio": 0.0414047787,
        "totalOtherIncomeExpensesNet": -1530000,
        "incomeBeforeTax": 74431000,
        "incomeBeforeTaxRatio": 0.0405708072,
        "incomeTaxExpense": 19122000,
        "netIncome": 52485000,
        "netIncomeRatio": 0.028608494,
        "eps": 0.94,
        "epsdiluted": 0.93,
        "weightedAverageShsOut": 55585000,
        "weightedAverageShsOutDil": 56699000,
        "link": "https://www.sec.gov/Archives/edgar/data/897723/000089772324000031/0000897723-24-000031-index.htm",
        "finalLink": "https://www.sec.gov/Archives/edgar/data/897723/000089772324000031/sanm-20240330.htm"
    },
    {
        "date": "2023-12-30",
        "symbol": "SANM",
        "reportedCurrency": "USD",
        "cik": "0000897723",
        "fillingDate": "2024-01-31",
        "acceptedDate": "2024-01-31 14:02:07",
        "calendarYear": "2024",
        "period": "Q1",
        "revenue": 1874798000,
        "costOfRevenue": 1713958000,
        "grossProfit": 160840000,
        "grossProfitRatio": 0.0857905758,
        "researchAndDevelopmentExpenses": 6289000,
        "generalAndAdministrativeExpenses": 0,
        "sellingAndMarketingExpenses": 0,
        "sellingGeneralAndAdministrativeExpenses": 64785000,
        "otherExpenses": 2190000,
        "operatingExpenses": 73264000,
        "costAndExpenses": 1785032000,
        "interestIncome": 3657000,
        "interestExpense": 8412000,
        "depreciationAndAmortization": 30726000,
        "ebitda": 120492000,
        "ebitdaratio": 0.0642693239,
        "operatingIncome": 87576000,
        "operatingIncomeRatio": 0.0467122325,
        "totalOtherIncomeExpensesNet": -5888000,
        "incomeBeforeTax": 81688000,
        "incomeBeforeTaxRatio": 0.0435716274,
        "incomeTaxExpense": 21324000,
        "netIncome": 57068000,
        "netIncomeRatio": 0.030439546,
        "eps": 1.01,
        "epsdiluted": 0.98,
        "weightedAverageShsOut": 56538000,
        "weightedAverageShsOutDil": 58240000,
        "link": "https://www.sec.gov/Archives/edgar/data/897723/000089772324000009/0000897723-24-000009-index.htm",
        "finalLink": "https://www.sec.gov/Archives/edgar/data/897723/000089772324000009/sanm-20231230.htm"
    },
    {
        "date": "2023-09-30",
        "symbol": "SANM",
        "reportedCurrency": "USD",
        "cik": "0000897723",
        "fillingDate": "2023-11-16",
        "acceptedDate": "2023-11-16 14:50:00",
        "calendarYear": "2023",
        "period": "Q4",
        "revenue": 2052019000,
        "costOfRevenue": 1878591000,
        "grossProfit": 173428000,
        "grossProfitRatio": 0.0845157866,
        "researchAndDevelopmentExpenses": 7715000,
        "generalAndAdministrativeExpenses": 0,
        "sellingAndMarketingExpenses": 0,
        "sellingGeneralAndAdministrativeExpenses": 62124000,
        "otherExpenses": 4323000,
        "operatingExpenses": 74162000,
        "costAndExpenses": 1948430000,
        "interestIncome": 3910000,
        "interestExpense": 8257000,
        "depreciationAndAmortization": 30521000,
        "ebitda": 134110000,
        "ebitdaratio": 0.0653551453,
        "operatingIncome": 99266000,
        "operatingIncomeRatio": 0.0483747957,
        "totalOtherIncomeExpensesNet": -12515000,
        "incomeBeforeTax": 86751000,
        "incomeBeforeTaxRatio": 0.0422759243,
        "incomeTaxExpense": 21396000,
        "netIncome": 61841000,
        "netIncomeRatio": 0.0301366605,
        "eps": 1.08,
        "epsdiluted": 1.04,
        "weightedAverageShsOut": 57406000,
        "weightedAverageShsOutDil": 59178000,
        "link": "https://www.sec.gov/Archives/edgar/data/897723/000089772323000028/0000897723-23-000028-index.htm",
        "finalLink": "https://www.sec.gov/Archives/edgar/data/897723/000089772323000028/sanm-20230930.htm"
    },
    {
        "date": "2023-07-01",
        "symbol": "SANM",
        "reportedCurrency": "USD",
        "cik": "0000897723",
        "fillingDate": "2023-08-02",
        "acceptedDate": "2023-08-02 15:49:18",
        "calendarYear": "2023",
        "period": "Q3",
        "revenue": 2207118000,
        "costOfRevenue": 2023910000,
        "grossProfit": 183208000,
        "grossProfitRatio": 0.0830077957,
        "researchAndDevelopmentExpenses": 6719000,
        "generalAndAdministrativeExpenses": 0,
        "sellingAndMarketingExpenses": 0,
        "sellingGeneralAndAdministrativeExpenses": 68828000,
        "otherExpenses": 0,
        "operatingExpenses": 75547000,
        "costAndExpenses": 2099457000,
        "interestIncome": 4213000,
        "interestExpense": 10066000,
        "depreciationAndAmortization": 29898000,
        "ebitda": 137559000,
        "ebitdaratio": 0.0623251679,
        "operatingIncome": 107365000,
        "operatingIncomeRatio": 0.0486448844,
        "totalOtherIncomeExpensesNet": -8361000,
        "incomeBeforeTax": 99004000,
        "incomeBeforeTaxRatio": 0.0448566864,
        "incomeTaxExpense": 17267000,
        "netIncome": 76494000,
        "netIncomeRatio": 0.034657866,
        "eps": 1.32,
        "epsdiluted": 1.28,
        "weightedAverageShsOut": 57987000,
        "weightedAverageShsOutDil": 59592000,
        "link": "https://www.sec.gov/Archives/edgar/data/897723/000089772323000016/0000897723-23-000016-index.htm",
        "finalLink": "https://www.sec.gov/Archives/edgar/data/897723/000089772323000016/sanm-20230701.htm"
    },
    {
        "date": "2023-04-01",
        "symbol": "SANM",
        "reportedCurrency": "USD",
        "cik": "0000897723",
        "fillingDate": "2023-05-22",
        "acceptedDate": "2023-05-19 21:33:28",
        "calendarYear": "2023",
        "period": "Q2",
        "revenue": 2320103000,
        "costOfRevenue": 2128914000,
        "grossProfit": 191189000,
        "grossProfitRatio": 0.0824053932,
        "researchAndDevelopmentExpenses": 6394000,
        "generalAndAdministrativeExpenses": 0,
        "sellingAndMarketingExpenses": 0,
        "sellingGeneralAndAdministrativeExpenses": 63390000,
        "otherExpenses": 0,
        "operatingExpenses": 69784000,
        "costAndExpenses": 2198698000,
        "interestIncome": 2539000,
        "interestExpense": 9286000,
        "depreciationAndAmortization": 29282000,
        "ebitda": 150687000,
        "ebitdaratio": 0.0649484096,
        "operatingIncome": 120601000,
        "operatingIncomeRatio": 0.0519808819,
        "totalOtherIncomeExpensesNet": -9515000,
        "incomeBeforeTax": 111086000,
        "incomeBeforeTaxRatio": 0.0478797709,
        "incomeTaxExpense": 25779000,
        "netIncome": 79621000,
        "netIncomeRatio": 0.034317873,
        "eps": 1.37,
        "epsdiluted": 1.33,
        "weightedAverageShsOut": 58269000,
        "weightedAverageShsOutDil": 59819000,
        "link": "https://www.sec.gov/Archives/edgar/data/897723/000110465923062830/0001104659-23-062830-index.htm",
        "finalLink": "https://www.sec.gov/Archives/edgar/data/897723/000110465923062830/sanm-20230401x10q.htm"
    },
    {
        "date": "2022-12-31",
        "symbol": "SANM",
        "reportedCurrency": "USD",
        "cik": "0000897723",
        "fillingDate": "2023-05-22",
        "acceptedDate": "2023-05-19 21:31:29",
        "calendarYear": "2023",
        "period": "Q1",
        "revenue": 2361361000,
        "costOfRevenue": 2170654000,
        "grossProfit": 190707000,
        "grossProfitRatio": 0.0807614761,
        "researchAndDevelopmentExpenses": 5599000,
        "generalAndAdministrativeExpenses": 0,
        "sellingAndMarketingExpenses": 0,
        "sellingGeneralAndAdministrativeExpenses": 60730000,
        "otherExpenses": 0,
        "operatingExpenses": 66329000,
        "costAndExpenses": 2236983000,
        "interestIncome": 2933000,
        "interestExpense": 8681000,
        "depreciationAndAmortization": 28536000,
        "ebitda": 153183000,
        "ebitdaratio": 0.0648706403,
        "operatingIncome": 123747000,
        "operatingIncomeRatio": 0.0524049478,
        "totalOtherIncomeExpensesNet": -7781000,
        "incomeBeforeTax": 111287000,
        "incomeBeforeTaxRatio": 0.0471283298,
        "incomeTaxExpense": 19788000,
        "netIncome": 92014000,
        "netIncomeRatio": 0.0389665113,
        "eps": 1.59,
        "epsdiluted": 1.54,
        "weightedAverageShsOut": 57727000,
        "weightedAverageShsOutDil": 59867000,
        "link": "https://www.sec.gov/Archives/edgar/data/897723/000110465923062829/0001104659-23-062829-index.htm",
        "finalLink": "https://www.sec.gov/Archives/edgar/data/897723/000110465923062829/sanm-20221231x10qa.htm"
    },
    {
        "date": "2022-09-30",
        "symbol": "SANM",
        "reportedCurrency": "USD",
        "cik": "0000897723",
        "fillingDate": "2023-05-22",
        "acceptedDate": "2023-05-19 21:27:41",
        "calendarYear": "2022",
        "period": "Q4",
        "revenue": 2202561000,
        "costOfRevenue": 2024172000,
        "grossProfit": 178389000,
        "grossProfitRatio": 0.0809916275,
        "researchAndDevelopmentExpenses": 6023000,
        "generalAndAdministrativeExpenses": 0,
        "sellingAndMarketingExpenses": 0,
        "sellingGeneralAndAdministrativeExpenses": 59771000,
        "otherExpenses": 0,
        "operatingExpenses": 65794000,
        "costAndExpenses": 2089966000,
        "interestIncome": 430000,
        "interestExpense": 7111000,
        "depreciationAndAmortization": 26686000,
        "ebitda": 131121000,
        "ebitdaratio": 0.0595311549,
        "operatingIncome": 109510000,
        "operatingIncomeRatio": 0.0497193948,
        "totalOtherIncomeExpensesNet": -25885000,
        "incomeBeforeTax": 83625000,
        "incomeBeforeTaxRatio": 0.0379671664,
        "incomeTaxExpense": 18901000,
        "netIncome": 64724000,
        "netIncomeRatio": 0.0293857923,
        "eps": 1.12,
        "epsdiluted": 1.08,
        "weightedAverageShsOut": 58023000,
        "weightedAverageShsOutDil": 59844000,
        "link": "https://www.sec.gov/Archives/edgar/data/897723/000110465923062827/0001104659-23-062827-index.htm",
        "finalLink": "https://www.sec.gov/Archives/edgar/data/897723/000110465923062827/sanm-20221001x10ka.htm"
    },
    {
        "date": "2022-07-02",
        "symbol": "SANM",
        "reportedCurrency": "USD",
        "cik": "0000897723",
        "fillingDate": "2022-08-03",
        "acceptedDate": "2022-08-03 15:15:47",
        "calendarYear": "2022",
        "period": "Q3",
        "revenue": 2019059000,
        "costOfRevenue": 1853870000,
        "grossProfit": 165189000,
        "grossProfitRatio": 0.0818148454,
        "researchAndDevelopmentExpenses": 5071000,
        "generalAndAdministrativeExpenses": 0,
        "sellingAndMarketingExpenses": 0,
        "sellingGeneralAndAdministrativeExpenses": 61506000,
        "otherExpenses": 0,
        "operatingExpenses": 66577000,
        "costAndExpenses": 1920447000,
        "interestIncome": 540000,
        "interestExpense": 5615000,
        "depreciationAndAmortization": 27065000,
        "ebitda": 125677000,
        "ebitdaratio": 0.0622453331,
        "operatingIncome": 98612000,
        "operatingIncomeRatio": 0.0488405738,
        "totalOtherIncomeExpensesNet": -12849000,
        "incomeBeforeTax": 81769000,
        "incomeBeforeTaxRatio": 0.0404985689,
        "incomeTaxExpense": 2226000,
        "netIncome": 79543000,
        "netIncomeRatio": 0.0393960751,
        "eps": 1.33,
        "epsdiluted": 1.29,
        "weightedAverageShsOut": 59970000,
        "weightedAverageShsOutDil": 61702000,
        "link": "https://www.sec.gov/Archives/edgar/data/897723/000089772322000025/0000897723-22-000025-index.htm",
        "finalLink": "https://www.sec.gov/Archives/edgar/data/897723/000089772322000025/sanm-20220702.htm"
    },
    {
        "date": "2022-04-02",
        "symbol": "SANM",
        "reportedCurrency": "USD",
        "cik": "0000897723",
        "fillingDate": "2022-05-04",
        "acceptedDate": "2022-05-04 13:43:14",
        "calendarYear": "2022",
        "period": "Q2",
        "revenue": 1911530000,
        "costOfRevenue": 1759083000,
        "grossProfit": 152447000,
        "grossProfitRatio": 0.0797512987,
        "researchAndDevelopmentExpenses": 5472000,
        "generalAndAdministrativeExpenses": 0,
        "sellingAndMarketingExpenses": 0,
        "sellingGeneralAndAdministrativeExpenses": 61817000,
        "otherExpenses": 0,
        "operatingExpenses": 67289000,
        "costAndExpenses": 1826372000,
        "interestIncome": 349000,
        "interestExpense": 4870000,
        "depreciationAndAmortization": 27567000,
        "ebitda": 106773000,
        "ebitdaratio": 0.0558573499,
        "operatingIncome": 82226000,
        "operatingIncomeRatio": 0.0430158041,
        "totalOtherIncomeExpensesNet": -5929000,
        "incomeBeforeTax": 76297000,
        "incomeBeforeTaxRatio": 0.0399141002,
        "incomeTaxExpense": 23077000,
        "netIncome": 53220000,
        "netIncomeRatio": 0.0278415719,
        "eps": 0.85,
        "epsdiluted": 0.83,
        "weightedAverageShsOut": 62845000,
        "weightedAverageShsOutDil": 64271000,
        "link": "https://www.sec.gov/Archives/edgar/data/897723/000089772322000016/0000897723-22-000016-index.htm",
        "finalLink": "https://www.sec.gov/Archives/edgar/data/897723/000089772322000016/sanm-20220402.htm"
    },
    {
        "date": "2022-01-01",
        "symbol": "SANM",
        "reportedCurrency": "USD",
        "cik": "0000897723",
        "fillingDate": "2022-02-02",
        "acceptedDate": "2022-02-02 12:34:38",
        "calendarYear": "2022",
        "period": "Q1",
        "revenue": 1757325000,
        "costOfRevenue": 1612836000,
        "grossProfit": 144489000,
        "grossProfitRatio": 0.0822209893,
        "researchAndDevelopmentExpenses": 4777000,
        "generalAndAdministrativeExpenses": 0,
        "sellingAndMarketingExpenses": 0,
        "sellingGeneralAndAdministrativeExpenses": 61475000,
        "otherExpenses": 0,
        "operatingExpenses": 66252000,
        "costAndExpenses": 1679088000,
        "interestIncome": 309000,
        "interestExpense": 4877000,
        "depreciationAndAmortization": 27465000,
        "ebitda": 102510000,
        "ebitdaratio": 0.0583329777,
        "operatingIncome": 81433000,
        "operatingIncomeRatio": 0.0463391803,
        "totalOtherIncomeExpensesNet": 696000,
        "incomeBeforeTax": 78937000,
        "incomeBeforeTaxRatio": 0.0449188397,
        "incomeTaxExpense": 20303000,
        "netIncome": 58634000,
        "netIncomeRatio": 0.0333654845,
        "eps": 0.87,
        "epsdiluted": 0.85,
        "weightedAverageShsOut": 64399000,
        "weightedAverageShsOutDil": 66233000,
        "link": "https://www.sec.gov/Archives/edgar/data/897723/000089772322000007/0000897723-22-000007-index.htm",
        "finalLink": "https://www.sec.gov/Archives/edgar/data/897723/000089772322000007/sanm-20220101.htm"
    },
    {
        "date": "2021-09-30",
        "symbol": "SANM",
        "reportedCurrency": "USD",
        "cik": "0000897723",
        "fillingDate": "2021-11-12",
        "acceptedDate": "2021-11-12 14:46:32",
        "calendarYear": "2021",
        "period": "Q4",
        "revenue": 1643976000,
        "costOfRevenue": 1513094000,
        "grossProfit": 130882000,
        "grossProfitRatio": 0.0796130844,
        "researchAndDevelopmentExpenses": 5484000,
        "generalAndAdministrativeExpenses": 0,
        "sellingAndMarketingExpenses": 0,
        "sellingGeneralAndAdministrativeExpenses": 56990000,
        "otherExpenses": 0,
        "operatingExpenses": 62474000,
        "costAndExpenses": 1575568000,
        "interestIncome": 234000,
        "interestExpense": 4894000,
        "depreciationAndAmortization": 27452000,
        "ebitda": 70496000,
        "ebitdaratio": 0.0428814046,
        "operatingIncome": 66753000,
        "operatingIncomeRatio": 0.0406046074,
        "totalOtherIncomeExpensesNet": 2403000,
        "incomeBeforeTax": 69156000,
        "incomeBeforeTaxRatio": 0.0420663075,
        "incomeTaxExpense": 12591000,
        "netIncome": 56565000,
        "netIncomeRatio": 0.0344074366,
        "eps": 0.87,
        "epsdiluted": 0.84,
        "weightedAverageShsOut": 65352000,
        "weightedAverageShsOutDil": 67146000,
        "link": "https://www.sec.gov/Archives/edgar/data/897723/000089772321000028/0000897723-21-000028-index.htm",
        "finalLink": "https://www.sec.gov/Archives/edgar/data/897723/000089772321000028/sanm-20211002.htm"
    },
    {
        "date": "2021-07-03",
        "symbol": "SANM",
        "reportedCurrency": "USD",
        "cik": "0000897723",
        "fillingDate": "2021-08-04",
        "acceptedDate": "2021-08-04 13:38:27",
        "calendarYear": "2021",
        "period": "Q3",
        "revenue": 1657741000,
        "costOfRevenue": 1521151000,
        "grossProfit": 136590000,
        "grossProfitRatio": 0.0823952596,
        "researchAndDevelopmentExpenses": 5269000,
        "generalAndAdministrativeExpenses": 0,
        "sellingAndMarketingExpenses": 0,
        "sellingGeneralAndAdministrativeExpenses": 57438000,
        "otherExpenses": 0,
        "operatingExpenses": 62707000,
        "costAndExpenses": 1583858000,
        "interestIncome": 217000,
        "interestExpense": 4823000,
        "depreciationAndAmortization": 27373000,
        "ebitda": 101256000,
        "ebitdaratio": 0.0610807116,
        "operatingIncome": 74265000,
        "operatingIncomeRatio": 0.0447989161,
        "totalOtherIncomeExpensesNet": 24652000,
        "incomeBeforeTax": 98917000,
        "incomeBeforeTaxRatio": 0.0596697554,
        "incomeTaxExpense": -18458000,
        "netIncome": 117375000,
        "netIncomeRatio": 0.0708041847,
        "eps": 1.79,
        "epsdiluted": 1.74,
        "weightedAverageShsOut": 65427000,
        "weightedAverageShsOutDil": 67352000,
        "link": "https://www.sec.gov/Archives/edgar/data/897723/000089772321000021/0000897723-21-000021-index.htm",
        "finalLink": "https://www.sec.gov/Archives/edgar/data/897723/000089772321000021/sanm-20210703.htm"
    },
    {
        "date": "2021-04-03",
        "symbol": "SANM",
        "reportedCurrency": "USD",
        "cik": "0000897723",
        "fillingDate": "2021-05-05",
        "acceptedDate": "2021-05-05 14:42:54",
        "calendarYear": "2021",
        "period": "Q2",
        "revenue": 1699677000,
        "costOfRevenue": 1556579000,
        "grossProfit": 143098000,
        "grossProfitRatio": 0.0841912905,
        "researchAndDevelopmentExpenses": 5353000,
        "generalAndAdministrativeExpenses": 0,
        "sellingAndMarketingExpenses": 0,
        "sellingGeneralAndAdministrativeExpenses": 61142000,
        "otherExpenses": 0,
        "operatingExpenses": 66495000,
        "costAndExpenses": 1623074000,
        "interestIncome": 244000,
        "interestExpense": 4880000,
        "depreciationAndAmortization": 27196000,
        "ebitda": 103799000,
        "ebitdaratio": 0.0610698386,
        "operatingIncome": 64723000,
        "operatingIncomeRatio": 0.0380795881,
        "totalOtherIncomeExpensesNet": 1507000,
        "incomeBeforeTax": 66230000,
        "incomeBeforeTaxRatio": 0.0389662271,
        "incomeTaxExpense": 19193000,
        "netIncome": 47037000,
        "netIncomeRatio": 0.0276740816,
        "eps": 0.72,
        "epsdiluted": 0.7,
        "weightedAverageShsOut": 65249000,
        "weightedAverageShsOutDil": 66957000,
        "link": "https://www.sec.gov/Archives/edgar/data/897723/000089772321000013/0000897723-21-000013-index.htm",
        "finalLink": "https://www.sec.gov/Archives/edgar/data/897723/000089772321000013/sanm-20210403.htm"
    },
    {
        "date": "2021-01-02",
        "symbol": "SANM",
        "reportedCurrency": "USD",
        "cik": "0000897723",
        "fillingDate": "2021-02-04",
        "acceptedDate": "2021-02-04 14:19:07",
        "calendarYear": "2021",
        "period": "Q1",
        "revenue": 1755249000,
        "costOfRevenue": 1614014000,
        "grossProfit": 141235000,
        "grossProfitRatio": 0.0804643672,
        "researchAndDevelopmentExpenses": 4805000,
        "generalAndAdministrativeExpenses": 0,
        "sellingAndMarketingExpenses": 0,
        "sellingGeneralAndAdministrativeExpenses": 58967000,
        "otherExpenses": 0,
        "operatingExpenses": 63772000,
        "costAndExpenses": 1677786000,
        "interestIncome": 230000,
        "interestExpense": 4954000,
        "depreciationAndAmortization": 27635000,
        "ebitda": 105098000,
        "ebitdaratio": 0.059876405,
        "operatingIncome": 75559000,
        "operatingIncomeRatio": 0.0430474537,
        "totalOtherIncomeExpensesNet": -2857000,
        "incomeBeforeTax": 72702000,
        "incomeBeforeTaxRatio": 0.0414197644,
        "incomeTaxExpense": 24681000,
        "netIncome": 48021000,
        "netIncomeRatio": 0.0273585115,
        "eps": 0.74,
        "epsdiluted": 0.72,
        "weightedAverageShsOut": 65243000,
        "weightedAverageShsOutDil": 66818000,
        "link": "https://www.sec.gov/Archives/edgar/data/897723/000089772321000008/0000897723-21-000008-index.htm",
        "finalLink": "https://www.sec.gov/Archives/edgar/data/897723/000089772321000008/sanm-20210102.htm"
    },
    {
        "date": "2020-09-30",
        "symbol": "SANM",
        "reportedCurrency": "USD",
        "cik": "0000897723",
        "fillingDate": "2020-11-13",
        "acceptedDate": "2020-11-13 14:48:44",
        "calendarYear": "2020",
        "period": "Q4",
        "revenue": 1874958000,
        "costOfRevenue": 1723027000,
        "grossProfit": 151931000,
        "grossProfitRatio": 0.0810316818,
        "researchAndDevelopmentExpenses": 6416000,
        "generalAndAdministrativeExpenses": 0,
        "sellingAndMarketingExpenses": 0,
        "sellingGeneralAndAdministrativeExpenses": 56209000,
        "otherExpenses": 0,
        "operatingExpenses": 62625000,
        "costAndExpenses": 1785652000,
        "interestIncome": 830000,
        "interestExpense": 8526000,
        "depreciationAndAmortization": 28555000,
        "ebitda": 116653000,
        "ebitdaratio": 0.062216327,
        "operatingIncome": 82034000,
        "operatingIncomeRatio": 0.0437524467,
        "totalOtherIncomeExpensesNet": -4902000,
        "incomeBeforeTax": 77132000,
        "incomeBeforeTaxRatio": 0.0411379882,
        "incomeTaxExpense": 25526000,
        "netIncome": 51606000,
        "netIncomeRatio": 0.0275238165,
        "eps": 0.77,
        "epsdiluted": 0.75,
        "weightedAverageShsOut": 67329000,
        "weightedAverageShsOutDil": 68799000,
        "link": "https://www.sec.gov/Archives/edgar/data/897723/000089772320000034/0000897723-20-000034-index.htm",
        "finalLink": "https://www.sec.gov/Archives/edgar/data/897723/000089772320000034/sanm-20201003.htm"
    },
    {
        "date": "2020-06-27",
        "symbol": "SANM",
        "reportedCurrency": "USD",
        "cik": "0000897723",
        "fillingDate": "2020-07-31",
        "acceptedDate": "2020-07-31 13:38:03",
        "calendarYear": "2020",
        "period": "Q3",
        "revenue": 1654691000,
        "costOfRevenue": 1523218000,
        "grossProfit": 131473000,
        "grossProfitRatio": 0.0794547139,
        "researchAndDevelopmentExpenses": 5181000,
        "generalAndAdministrativeExpenses": 0,
        "sellingAndMarketingExpenses": 0,
        "sellingGeneralAndAdministrativeExpenses": 59314000,
        "otherExpenses": 0,
        "operatingExpenses": 64495000,
        "costAndExpenses": 1587713000,
        "interestIncome": 764000,
        "interestExpense": 8460000,
        "depreciationAndAmortization": 28886000,
        "ebitda": 95802000,
        "ebitdaratio": 0.0578972146,
        "operatingIncome": 64103000,
        "operatingIncomeRatio": 0.0387401636,
        "totalOtherIncomeExpensesNet": -4496000,
        "incomeBeforeTax": 59607000,
        "incomeBeforeTaxRatio": 0.03602304,
        "incomeTaxExpense": 14727000,
        "netIncome": 44880000,
        "netIncomeRatio": 0.0271228888,
        "eps": 0.66,
        "epsdiluted": 0.64,
        "weightedAverageShsOut": 68216000,
        "weightedAverageShsOutDil": 69645000,
        "link": "https://www.sec.gov/Archives/edgar/data/897723/000089772320000028/0000897723-20-000028-index.htm",
        "finalLink": "https://www.sec.gov/Archives/edgar/data/897723/000089772320000028/sanm-20200627.htm"
    },
    {
        "date": "2020-03-28",
        "symbol": "SANM",
        "reportedCurrency": "USD",
        "cik": "0000897723",
        "fillingDate": "2020-04-29",
        "acceptedDate": "2020-04-29 12:59:25",
        "calendarYear": "2020",
        "period": "Q2",
        "revenue": 1590550000,
        "costOfRevenue": 1483129000,
        "grossProfit": 107421000,
        "grossProfitRatio": 0.0675370155,
        "researchAndDevelopmentExpenses": 5767000,
        "generalAndAdministrativeExpenses": 0,
        "sellingAndMarketingExpenses": 0,
        "sellingGeneralAndAdministrativeExpenses": 62257000,
        "otherExpenses": 0,
        "operatingExpenses": 68024000,
        "costAndExpenses": 1551153000,
        "interestIncome": 418000,
        "interestExpense": 6040000,
        "depreciationAndAmortization": 28042000,
        "ebitda": 69767000,
        "ebitdaratio": 0.0438634435,
        "operatingIncome": 24369000,
        "operatingIncomeRatio": 0.0153211153,
        "totalOtherIncomeExpensesNet": -13282000,
        "incomeBeforeTax": 11087000,
        "incomeBeforeTaxRatio": 0.0069705448,
        "incomeTaxExpense": 6205000,
        "netIncome": 4882000,
        "netIncomeRatio": 0.0030693785,
        "eps": 0.07,
        "epsdiluted": 0.07,
        "weightedAverageShsOut": 70584000,
        "weightedAverageShsOutDil": 72245000,
        "link": "https://www.sec.gov/Archives/edgar/data/897723/000089772320000014/0000897723-20-000014-index.htm",
        "finalLink": "https://www.sec.gov/Archives/edgar/data/897723/000089772320000014/sanminamar28202010-q.htm"
    },
    {
        "date": "2019-12-28",
        "symbol": "SANM",
        "reportedCurrency": "USD",
        "cik": "0000897723",
        "fillingDate": "2020-01-30",
        "acceptedDate": "2020-01-30 12:45:34",
        "calendarYear": "2020",
        "period": "Q1",
        "revenue": 1840171000,
        "costOfRevenue": 1705289000,
        "grossProfit": 134882000,
        "grossProfitRatio": 0.0732986228,
        "researchAndDevelopmentExpenses": 5200000,
        "generalAndAdministrativeExpenses": 0,
        "sellingAndMarketingExpenses": 0,
        "sellingGeneralAndAdministrativeExpenses": 63151000,
        "otherExpenses": 0,
        "operatingExpenses": 68351000,
        "costAndExpenses": 1773640000,
        "interestIncome": 310000,
        "interestExpense": 5877000,
        "depreciationAndAmortization": 28735000,
        "ebitda": 87544000,
        "ebitdaratio": 0.0475738396,
        "operatingIncome": 57181000,
        "operatingIncomeRatio": 0.0310737426,
        "totalOtherIncomeExpensesNet": -4249000,
        "incomeBeforeTax": 52932000,
        "incomeBeforeTaxRatio": 0.0287647181,
        "incomeTaxExpense": 14587000,
        "netIncome": 38345000,
        "netIncomeRatio": 0.0208377374,
        "eps": 0.55,
        "epsdiluted": 0.53,
        "weightedAverageShsOut": 70178000,
        "weightedAverageShsOutDil": 72598000,
        "link": "https://www.sec.gov/Archives/edgar/data/897723/000089772320000006/0000897723-20-000006-index.htm",
        "finalLink": "https://www.sec.gov/Archives/edgar/data/897723/000089772320000006/sanminadec28201910-q.htm"
    },
    {
        "date": "2019-09-30",
        "symbol": "SANM",
        "reportedCurrency": "USD",
        "cik": "0000897723",
        "fillingDate": "2019-11-08",
        "acceptedDate": "2019-11-08 13:30:48",
        "calendarYear": "2019",
        "period": "Q4",
        "revenue": 1892207000,
        "costOfRevenue": 1750503000,
        "grossProfit": 141704000,
        "grossProfitRatio": 0.0748882125,
        "researchAndDevelopmentExpenses": 6244000,
        "generalAndAdministrativeExpenses": 0,
        "sellingAndMarketingExpenses": 0,
        "sellingGeneralAndAdministrativeExpenses": 66050000,
        "otherExpenses": 0,
        "operatingExpenses": 72294000,
        "costAndExpenses": 1822797000,
        "interestIncome": 223000,
        "interestExpense": 6421000,
        "depreciationAndAmortization": 28508000,
        "ebitda": 92209000,
        "ebitdaratio": 0.0487309264,
        "operatingIncome": 63085000,
        "operatingIncomeRatio": 0.0333393757,
        "totalOtherIncomeExpensesNet": -8679000,
        "incomeBeforeTax": 54406000,
        "incomeBeforeTaxRatio": 0.0287526682,
        "incomeTaxExpense": 34649000,
        "netIncome": 19757000,
        "netIncomeRatio": 0.0104412467,
        "eps": 0.28,
        "epsdiluted": 0.27,
        "weightedAverageShsOut": 69898000,
        "weightedAverageShsOutDil": 72294000,
        "link": "https://www.sec.gov/Archives/edgar/data/897723/000089772319000034/0000897723-19-000034-index.htm",
        "finalLink": "https://www.sec.gov/Archives/edgar/data/897723/000089772319000034/sanmina10-ksep282019.htm"
    },
    {
        "date": "2019-06-29",
        "symbol": "SANM",
        "reportedCurrency": "USD",
        "cik": "0000897723",
        "fillingDate": "2019-08-01",
        "acceptedDate": "2019-08-01 14:27:54",
        "calendarYear": "2019",
        "period": "Q3",
        "revenue": 2026995000,
        "costOfRevenue": 1879200000,
        "grossProfit": 147795000,
        "grossProfitRatio": 0.072913352,
        "researchAndDevelopmentExpenses": 7272000,
        "generalAndAdministrativeExpenses": 0,
        "sellingAndMarketingExpenses": 0,
        "sellingGeneralAndAdministrativeExpenses": 66768000,
        "otherExpenses": 0,
        "operatingExpenses": 74040000,
        "costAndExpenses": 1953240000,
        "interestIncome": 330000,
        "interestExpense": 7599000,
        "depreciationAndAmortization": 29561000,
        "ebitda": 104921000,
        "ebitdaratio": 0.0517618445,
        "operatingIncome": 67374000,
        "operatingIncomeRatio": 0.0332383652,
        "totalOtherIncomeExpensesNet": -8749000,
        "incomeBeforeTax": 58625000,
        "incomeBeforeTaxRatio": 0.0289221236,
        "incomeTaxExpense": 15704000,
        "netIncome": 42921000,
        "netIncomeRatio": 0.0211746946,
        "eps": 0.62,
        "epsdiluted": 0.6,
        "weightedAverageShsOut": 69499000,
        "weightedAverageShsOutDil": 72007000,
        "link": "https://www.sec.gov/Archives/edgar/data/897723/000089772319000028/0000897723-19-000028-index.htm",
        "finalLink": "https://www.sec.gov/Archives/edgar/data/897723/000089772319000028/sanminajun29201910q.htm"
    },
    {
        "date": "2019-03-30",
        "symbol": "SANM",
        "reportedCurrency": "USD",
        "cik": "0000897723",
        "fillingDate": "2019-05-02",
        "acceptedDate": "2019-05-02 13:20:05",
        "calendarYear": "2019",
        "period": "Q2",
        "revenue": 2126639000,
        "costOfRevenue": 1973537000,
        "grossProfit": 153102000,
        "grossProfitRatio": 0.0719924726,
        "researchAndDevelopmentExpenses": 7599000,
        "generalAndAdministrativeExpenses": 0,
        "sellingAndMarketingExpenses": 0,
        "sellingGeneralAndAdministrativeExpenses": 64186000,
        "otherExpenses": 0,
        "operatingExpenses": 71785000,
        "costAndExpenses": 2045322000,
        "interestIncome": 364000,
        "interestExpense": 8472000,
        "depreciationAndAmortization": 29088000,
        "ebitda": 110215000,
        "ebitdaratio": 0.0518259093,
        "operatingIncome": 78115000,
        "operatingIncomeRatio": 0.0367316691,
        "totalOtherIncomeExpensesNet": -8999000,
        "incomeBeforeTax": 69116000,
        "incomeBeforeTaxRatio": 0.0325001093,
        "incomeTaxExpense": 28231000,
        "netIncome": 40885000,
        "netIncomeRatio": 0.0192251717,
        "eps": 0.59,
        "epsdiluted": 0.57,
        "weightedAverageShsOut": 68821000,
        "weightedAverageShsOutDil": 71446000,
        "link": "https://www.sec.gov/Archives/edgar/data/897723/000089772319000022/0000897723-19-000022-index.htm",
        "finalLink": "https://www.sec.gov/Archives/edgar/data/897723/000089772319000022/sanmina_mar302019x10q.htm"
    },
    {
        "date": "2018-12-29",
        "symbol": "SANM",
        "reportedCurrency": "USD",
        "cik": "0000897723",
        "fillingDate": "2019-02-07",
        "acceptedDate": "2019-02-07 14:05:56",
        "calendarYear": "2019",
        "period": "Q1",
        "revenue": 2188018000,
        "costOfRevenue": 2038681000,
        "grossProfit": 149337000,
        "grossProfitRatio": 0.0682521807,
        "researchAndDevelopmentExpenses": 6437000,
        "generalAndAdministrativeExpenses": 0,
        "sellingAndMarketingExpenses": 0,
        "sellingGeneralAndAdministrativeExpenses": 63028000,
        "otherExpenses": 0,
        "operatingExpenses": 69465000,
        "costAndExpenses": 2108146000,
        "interestIncome": 194000,
        "interestExpense": 8271000,
        "depreciationAndAmortization": 29792000,
        "ebitda": 109474000,
        "ebitdaratio": 0.0500334092,
        "operatingIncome": 77543000,
        "operatingIncomeRatio": 0.0354398364,
        "totalOtherIncomeExpensesNet": -14071000,
        "incomeBeforeTax": 63472000,
        "incomeBeforeTaxRatio": 0.0290089021,
        "incomeTaxExpense": 25520000,
        "netIncome": 37952000,
        "netIncomeRatio": 0.0173453783,
        "eps": 0.56,
        "epsdiluted": 0.54,
        "weightedAverageShsOut": 68303000,
        "weightedAverageShsOutDil": 70901000,
        "link": "https://www.sec.gov/Archives/edgar/data/897723/000089772319000013/0000897723-19-000013-index.htm",
        "finalLink": "https://www.sec.gov/Archives/edgar/data/897723/000089772319000013/sanmina_dec292018x10q.htm"
    },
    {
        "date": "2018-09-30",
        "symbol": "SANM",
        "reportedCurrency": "USD",
        "cik": "0000897723",
        "fillingDate": "2018-11-15",
        "acceptedDate": "2018-11-15 16:48:19",
        "calendarYear": "2018",
        "period": "Q4",
        "revenue": 1876335000,
        "costOfRevenue": 1755252000,
        "grossProfit": 121083000,
        "grossProfitRatio": 0.0645316535,
        "researchAndDevelopmentExpenses": 6774000,
        "generalAndAdministrativeExpenses": 0,
        "sellingAndMarketingExpenses": 0,
        "sellingGeneralAndAdministrativeExpenses": 60516000,
        "otherExpenses": 817000,
        "operatingExpenses": 67480000,
        "costAndExpenses": 1822732000,
        "interestIncome": 204000,
        "interestExpense": 7410000,
        "depreciationAndAmortization": 190000,
        "ebitda": 78489000,
        "ebitdaratio": 0.0418310163,
        "operatingIncome": 9819000,
        "operatingIncomeRatio": 0.0052330741,
        "totalOtherIncomeExpensesNet": -6389000,
        "incomeBeforeTax": 3430000,
        "incomeBeforeTaxRatio": 0.0018280318,
        "incomeTaxExpense": 2648000,
        "netIncome": 782000,
        "netIncomeRatio": 0.0004167699,
        "eps": 0.01,
        "epsdiluted": 0.01,
        "weightedAverageShsOut": 68236000,
        "weightedAverageShsOutDil": 71500000,
        "link": "https://www.sec.gov/Archives/edgar/data/897723/000089772318000031/0000897723-18-000031-index.htm",
        "finalLink": "https://www.sec.gov/Archives/edgar/data/897723/000089772318000031/sanmina10-k_sep292018.htm"
    },
    {
        "date": "2018-06-30",
        "symbol": "SANM",
        "reportedCurrency": "USD",
        "cik": "0000897723",
        "fillingDate": "2018-08-03",
        "acceptedDate": "2018-08-03 13:24:38",
        "calendarYear": "2018",
        "period": "Q3",
        "revenue": 1813366000,
        "costOfRevenue": 1694830000,
        "grossProfit": 118536000,
        "grossProfitRatio": 0.0653679401,
        "researchAndDevelopmentExpenses": 8144000,
        "generalAndAdministrativeExpenses": 0,
        "sellingAndMarketingExpenses": 0,
        "sellingGeneralAndAdministrativeExpenses": 61421000,
        "otherExpenses": 1000000,
        "operatingExpenses": 70455000,
        "costAndExpenses": 1765285000,
        "interestIncome": 492000,
        "interestExpense": 7284000,
        "depreciationAndAmortization": 890000,
        "ebitda": 77713000,
        "ebitdaratio": 0.0428556618,
        "operatingIncome": 47060000,
        "operatingIncomeRatio": 0.0259517384,
        "totalOtherIncomeExpensesNet": -5792000,
        "incomeBeforeTax": 41268000,
        "incomeBeforeTaxRatio": 0.0227576783,
        "incomeTaxExpense": 7305000,
        "netIncome": 33963000,
        "netIncomeRatio": 0.0187292582,
        "eps": 0.49,
        "epsdiluted": 0.47,
        "weightedAverageShsOut": 68907000,
        "weightedAverageShsOutDil": 72053000,
        "link": "https://www.sec.gov/Archives/edgar/data/897723/000089772318000022/0000897723-18-000022-index.htm",
        "finalLink": "https://www.sec.gov/Archives/edgar/data/897723/000089772318000022/sanmina_june302018x10q.htm"
    },
    {
        "date": "2018-03-31",
        "symbol": "SANM",
        "reportedCurrency": "USD",
        "cik": "0000897723",
        "fillingDate": "2018-05-02",
        "acceptedDate": "2018-05-02 14:31:37",
        "calendarYear": "2018",
        "period": "Q2",
        "revenue": 1675629000,
        "costOfRevenue": 1560931000,
        "grossProfit": 114698000,
        "grossProfitRatio": 0.0684507131,
        "researchAndDevelopmentExpenses": 8221000,
        "generalAndAdministrativeExpenses": 0,
        "sellingAndMarketingExpenses": 0,
        "sellingGeneralAndAdministrativeExpenses": 65384000,
        "otherExpenses": -483000,
        "operatingExpenses": 74515000,
        "costAndExpenses": 1635446000,
        "interestIncome": 287000,
        "interestExpense": 6826000,
        "depreciationAndAmortization": 910000,
        "ebitda": 70062000,
        "ebitdaratio": 0.0418123582,
        "operatingIncome": 48774000,
        "operatingIncomeRatio": 0.0291078753,
        "totalOtherIncomeExpensesNet": -7022000,
        "incomeBeforeTax": 41752000,
        "incomeBeforeTaxRatio": 0.0249172102,
        "incomeTaxExpense": 17120000,
        "netIncome": 24632000,
        "netIncomeRatio": 0.0147001514,
        "eps": 0.35,
        "epsdiluted": 0.33,
        "weightedAverageShsOut": 70441000,
        "weightedAverageShsOutDil": 73582000,
        "link": "https://www.sec.gov/Archives/edgar/data/897723/000089772318000012/0000897723-18-000012-index.htm",
        "finalLink": "https://www.sec.gov/Archives/edgar/data/897723/000089772318000012/sanmina_march312018x10q.htm"
    },
    {
        "date": "2017-12-30",
        "symbol": "SANM",
        "reportedCurrency": "USD",
        "cik": "0000897723",
        "fillingDate": "2018-02-02",
        "acceptedDate": "2018-02-02 13:22:07",
        "calendarYear": "2018",
        "period": "Q1",
        "revenue": 1744800000,
        "costOfRevenue": 1635334000,
        "grossProfit": 109466000,
        "grossProfitRatio": 0.0627384227,
        "researchAndDevelopmentExpenses": 7615000,
        "generalAndAdministrativeExpenses": 0,
        "sellingAndMarketingExpenses": 0,
        "sellingGeneralAndAdministrativeExpenses": 63603000,
        "otherExpenses": 3230000,
        "operatingExpenses": 72136000,
        "costAndExpenses": 1707470000,
        "interestIncome": 285000,
        "interestExpense": 6214000,
        "depreciationAndAmortization": 918000,
        "ebitda": 66953000,
        "ebitdaratio": 0.0383728794,
        "operatingIncome": 13788000,
        "operatingIncomeRatio": 0.0079023384,
        "totalOtherIncomeExpensesNet": -2699000,
        "incomeBeforeTax": 11089000,
        "incomeBeforeTaxRatio": 0.0063554562,
        "incomeTaxExpense": 165999000,
        "netIncome": -154910000,
        "netIncomeRatio": -0.0887838148,
        "eps": -2.16,
        "epsdiluted": -2.16,
        "weightedAverageShsOut": 71605000,
        "weightedAverageShsOutDil": 71605000,
        "link": "https://www.sec.gov/Archives/edgar/data/897723/000089772318000005/0000897723-18-000005-index.htm",
        "finalLink": "https://www.sec.gov/Archives/edgar/data/897723/000089772318000005/sanmina_december302017x10q.htm"
    },
    {
        "date": "2017-09-30",
        "symbol": "SANM",
        "reportedCurrency": "USD",
        "cik": "0000897723",
        "fillingDate": "2017-11-13",
        "acceptedDate": "2017-11-13 15:26:38",
        "calendarYear": "2017",
        "period": "Q4",
        "revenue": 1755003000,
        "costOfRevenue": 1631152000,
        "grossProfit": 123851000,
        "grossProfitRatio": 0.0705702497,
        "researchAndDevelopmentExpenses": 8714000,
        "generalAndAdministrativeExpenses": 0,
        "sellingAndMarketingExpenses": 0,
        "sellingGeneralAndAdministrativeExpenses": 65332000,
        "otherExpenses": 1661000,
        "operatingExpenses": 74964000,
        "costAndExpenses": 1706116000,
        "interestIncome": 607000,
        "interestExpense": 5678000,
        "depreciationAndAmortization": 918000,
        "ebitda": 78667000,
        "ebitdaratio": 0.0448244248,
        "operatingIncome": 43069000,
        "operatingIncomeRatio": 0.0245406988,
        "totalOtherIncomeExpensesNet": -3410000,
        "incomeBeforeTax": 39659000,
        "incomeBeforeTaxRatio": 0.0225976822,
        "incomeTaxExpense": 13811000,
        "netIncome": 25848000,
        "netIncomeRatio": 0.01472818,
        "eps": 0.35,
        "epsdiluted": 0.33,
        "weightedAverageShsOut": 74281000,
        "weightedAverageShsOutDil": 77575000,
        "link": "https://www.sec.gov/Archives/edgar/data/897723/000089772317000029/0000897723-17-000029-index.htm",
        "finalLink": "https://www.sec.gov/Archives/edgar/data/897723/000089772317000029/sanmina10-k_sep302017.htm"
    },
    {
        "date": "2017-07-01",
        "symbol": "SANM",
        "reportedCurrency": "USD",
        "cik": "0000897723",
        "fillingDate": "2017-07-28",
        "acceptedDate": "2017-07-28 12:38:23",
        "calendarYear": "2017",
        "period": "Q3",
        "revenue": 1711377000,
        "costOfRevenue": 1580689000,
        "grossProfit": 130688000,
        "grossProfitRatio": 0.0763642377,
        "researchAndDevelopmentExpenses": 8394000,
        "generalAndAdministrativeExpenses": 0,
        "sellingAndMarketingExpenses": 0,
        "sellingGeneralAndAdministrativeExpenses": 58708000,
        "otherExpenses": 952000,
        "operatingExpenses": 68020000,
        "costAndExpenses": 1648709000,
        "interestIncome": 219000,
        "interestExpense": 5503000,
        "depreciationAndAmortization": 918000,
        "ebitda": 91939000,
        "ebitdaratio": 0.0537222365,
        "operatingIncome": 66576000,
        "operatingIncomeRatio": 0.038902007,
        "totalOtherIncomeExpensesNet": -4332000,
        "incomeBeforeTax": 62244000,
        "incomeBeforeTaxRatio": 0.036370712,
        "incomeTaxExpense": 25840000,
        "netIncome": 36404000,
        "netIncomeRatio": 0.0212717595,
        "eps": 0.48,
        "epsdiluted": 0.47,
        "weightedAverageShsOut": 75332000,
        "weightedAverageShsOutDil": 78241000,
        "link": "https://www.sec.gov/Archives/edgar/data/897723/000089772317000022/0000897723-17-000022-index.htm",
        "finalLink": "https://www.sec.gov/Archives/edgar/data/897723/000089772317000022/sanmina_july12017x10q.htm"
    },
    {
        "date": "2017-04-01",
        "symbol": "SANM",
        "reportedCurrency": "USD",
        "cik": "0000897723",
        "fillingDate": "2017-04-28",
        "acceptedDate": "2017-04-28 12:41:14",
        "calendarYear": "2017",
        "period": "Q2",
        "revenue": 1682262000,
        "costOfRevenue": 1549052000,
        "grossProfit": 133210000,
        "grossProfitRatio": 0.0791850497,
        "researchAndDevelopmentExpenses": 8437000,
        "generalAndAdministrativeExpenses": 0,
        "sellingAndMarketingExpenses": 0,
        "sellingGeneralAndAdministrativeExpenses": 62388000,
        "otherExpenses": 3812000,
        "operatingExpenses": 71743000,
        "costAndExpenses": 1620795000,
        "interestIncome": 238000,
        "interestExpense": 5486000,
        "depreciationAndAmortization": 918000,
        "ebitda": 90744000,
        "ebitdaratio": 0.0539416571,
        "operatingIncome": 58166000,
        "operatingIncomeRatio": 0.0345760648,
        "totalOtherIncomeExpensesNet": -1436000,
        "incomeBeforeTax": 56730000,
        "incomeBeforeTaxRatio": 0.0337224523,
        "incomeTaxExpense": 25013000,
        "netIncome": 31717000,
        "netIncomeRatio": 0.0188537814,
        "eps": 0.42,
        "epsdiluted": 0.41,
        "weightedAverageShsOut": 74761000,
        "weightedAverageShsOutDil": 77864000,
        "link": "https://www.sec.gov/Archives/edgar/data/897723/000089772317000018/0000897723-17-000018-index.htm",
        "finalLink": "https://www.sec.gov/Archives/edgar/data/897723/000089772317000018/sanmina_april12017x10q.htm"
    },
    {
        "date": "2016-12-31",
        "symbol": "SANM",
        "reportedCurrency": "USD",
        "cik": "0000897723",
        "fillingDate": "2017-02-03",
        "acceptedDate": "2017-02-03 14:32:33",
        "calendarYear": "2017",
        "period": "Q1",
        "revenue": 1719977000,
        "costOfRevenue": 1587815000,
        "grossProfit": 132162000,
        "grossProfitRatio": 0.0768393996,
        "researchAndDevelopmentExpenses": 8171000,
        "generalAndAdministrativeExpenses": 0,
        "sellingAndMarketingExpenses": 0,
        "sellingGeneralAndAdministrativeExpenses": 65140000,
        "otherExpenses": 1257000,
        "operatingExpenses": 74229000,
        "costAndExpenses": 1662044000,
        "interestIncome": 201000,
        "interestExpense": 5267000,
        "depreciationAndAmortization": 918000,
        "ebitda": 88356000,
        "ebitdaratio": 0.0513704544,
        "operatingIncome": 58656000,
        "operatingIncomeRatio": 0.0341027816,
        "totalOtherIncomeExpensesNet": -3809000,
        "incomeBeforeTax": 54847000,
        "incomeBeforeTaxRatio": 0.0318882171,
        "incomeTaxExpense": 9983000,
        "netIncome": 44864000,
        "netIncomeRatio": 0.0260840697,
        "eps": 0.61,
        "epsdiluted": 0.58,
        "weightedAverageShsOut": 73554000,
        "weightedAverageShsOutDil": 77175000,
        "link": "https://www.sec.gov/Archives/edgar/data/897723/000089772317000007/0000897723-17-000007-index.htm",
        "finalLink": "https://www.sec.gov/Archives/edgar/data/897723/000089772317000007/sanmina_december312016x10q.htm"
    },
    {
        "date": "2016-09-30",
        "symbol": "SANM",
        "reportedCurrency": "USD",
        "cik": "0000897723",
        "fillingDate": "2016-11-18",
        "acceptedDate": "2016-11-18 15:27:28",
        "calendarYear": "2016",
        "period": "Q4",
        "revenue": 1665819000,
        "costOfRevenue": 1538548000,
        "grossProfit": 127271000,
        "grossProfitRatio": 0.0764014578,
        "researchAndDevelopmentExpenses": 8658000,
        "generalAndAdministrativeExpenses": 0,
        "sellingAndMarketingExpenses": 0,
        "sellingGeneralAndAdministrativeExpenses": 61435000,
        "otherExpenses": 2654000,
        "operatingExpenses": 71011000,
        "costAndExpenses": 1609559000,
        "interestIncome": 196000,
        "interestExpense": 6270000,
        "depreciationAndAmortization": 918000,
        "ebitda": 88433000,
        "ebitdaratio": 0.0530867999,
        "operatingIncome": 55050000,
        "operatingIncomeRatio": 0.0330468076,
        "totalOtherIncomeExpensesNet": -3420000,
        "incomeBeforeTax": 51630000,
        "incomeBeforeTaxRatio": 0.0309937634,
        "incomeTaxExpense": -49175000,
        "netIncome": 100805000,
        "netIncomeRatio": 0.0605137773,
        "eps": 1.37,
        "epsdiluted": 1.3,
        "weightedAverageShsOut": 73549000,
        "weightedAverageShsOutDil": 77371000,
        "link": "https://www.sec.gov/Archives/edgar/data/897723/000089772316000049/0000897723-16-000049-index.htm",
        "finalLink": "https://www.sec.gov/Archives/edgar/data/897723/000089772316000049/sanmina10-k_oct12016.htm"
    },
    {
        "date": "2016-07-02",
        "symbol": "SANM",
        "reportedCurrency": "USD",
        "cik": "0000897723",
        "fillingDate": "2016-07-29",
        "acceptedDate": "2016-07-29 12:20:44",
        "calendarYear": "2016",
        "period": "Q3",
        "revenue": 1669474000,
        "costOfRevenue": 1542813000,
        "grossProfit": 126661000,
        "grossProfitRatio": 0.0758688066,
        "researchAndDevelopmentExpenses": 9444000,
        "generalAndAdministrativeExpenses": 0,
        "sellingAndMarketingExpenses": 0,
        "sellingGeneralAndAdministrativeExpenses": 61982000,
        "otherExpenses": 1138000,
        "operatingExpenses": 72344000,
        "costAndExpenses": 1615157000,
        "interestIncome": 177000,
        "interestExpense": 6410000,
        "depreciationAndAmortization": 918000,
        "ebitda": 83368000,
        "ebitdaratio": 0.0499366866,
        "operatingIncome": 54583000,
        "operatingIncomeRatio": 0.032694729,
        "totalOtherIncomeExpensesNet": -5095000,
        "incomeBeforeTax": 49488000,
        "incomeBeforeTaxRatio": 0.0296428696,
        "incomeTaxExpense": 19954000,
        "netIncome": 29534000,
        "netIncomeRatio": 0.017690602,
        "eps": 0.4,
        "epsdiluted": 0.38,
        "weightedAverageShsOut": 73620000,
        "weightedAverageShsOutDil": 76992000,
        "link": "https://www.sec.gov/Archives/edgar/data/897723/000089772316000043/0000897723-16-000043-index.htm",
        "finalLink": "https://www.sec.gov/Archives/edgar/data/897723/000089772316000043/sanmina_july22016x10q.htm"
    },
    {
        "date": "2016-04-02",
        "symbol": "SANM",
        "reportedCurrency": "USD",
        "cik": "0000897723",
        "fillingDate": "2016-04-29",
        "acceptedDate": "2016-04-29 12:31:07",
        "calendarYear": "2016",
        "period": "Q2",
        "revenue": 1611174000,
        "costOfRevenue": 1474462000,
        "grossProfit": 136712000,
        "grossProfitRatio": 0.084852412,
        "researchAndDevelopmentExpenses": 9997000,
        "generalAndAdministrativeExpenses": 0,
        "sellingAndMarketingExpenses": 0,
        "sellingGeneralAndAdministrativeExpenses": 63494000,
        "otherExpenses": 489000,
        "operatingExpenses": 74409000,
        "costAndExpenses": 1548871000,
        "interestIncome": 159000,
        "interestExpense": 6353000,
        "depreciationAndAmortization": 918000,
        "ebitda": 81191000,
        "ebitdaratio": 0.0503924468,
        "operatingIncome": 61099000,
        "operatingIncomeRatio": 0.037922037,
        "totalOtherIncomeExpensesNet": -5705000,
        "incomeBeforeTax": 55394000,
        "incomeBeforeTaxRatio": 0.0343811407,
        "incomeTaxExpense": 25033000,
        "netIncome": 30361000,
        "netIncomeRatio": 0.0188440231,
        "eps": 0.4,
        "epsdiluted": 0.39,
        "weightedAverageShsOut": 75477000,
        "weightedAverageShsOutDil": 78525000,
        "link": "https://www.sec.gov/Archives/edgar/data/897723/000089772316000038/0000897723-16-000038-index.htm",
        "finalLink": "https://www.sec.gov/Archives/edgar/data/897723/000089772316000038/sanmina_april22016x10q.htm"
    },
    {
        "date": "2016-01-02",
        "symbol": "SANM",
        "reportedCurrency": "USD",
        "cik": "0000897723",
        "fillingDate": "2016-01-29",
        "acceptedDate": "2016-01-29 13:09:13",
        "calendarYear": "2016",
        "period": "Q1",
        "revenue": 1534714000,
        "costOfRevenue": 1411076000,
        "grossProfit": 123638000,
        "grossProfitRatio": 0.0805609384,
        "researchAndDevelopmentExpenses": 9647000,
        "generalAndAdministrativeExpenses": 0,
        "sellingAndMarketingExpenses": 0,
        "sellingGeneralAndAdministrativeExpenses": 57693000,
        "otherExpenses": -218000,
        "operatingExpenses": 68032000,
        "costAndExpenses": 1479108000,
        "interestIncome": 148000,
        "interestExpense": 5878000,
        "depreciationAndAmortization": 692000,
        "ebitda": 79804000,
        "ebitdaratio": 0.051999265,
        "operatingIncome": 54053000,
        "operatingIncomeRatio": 0.035220243,
        "totalOtherIncomeExpensesNet": -5948000,
        "incomeBeforeTax": 48105000,
        "incomeBeforeTaxRatio": 0.0313446023,
        "incomeTaxExpense": 20967000,
        "netIncome": 27138000,
        "netIncomeRatio": 0.0176827735,
        "eps": 0.35,
        "epsdiluted": 0.33,
        "weightedAverageShsOut": 77921000,
        "weightedAverageShsOutDil": 81205000,
        "link": "https://www.sec.gov/Archives/edgar/data/897723/000089772316000032/0000897723-16-000032-index.htm",
        "finalLink": "https://www.sec.gov/Archives/edgar/data/897723/000089772316000032/sanmina_january22016x10q.htm"
    },
    {
        "date": "2015-09-30",
        "symbol": "SANM",
        "reportedCurrency": "USD",
        "cik": "0000897723",
        "fillingDate": "2015-11-19",
        "acceptedDate": "2015-11-19 14:23:58",
        "calendarYear": "2015",
        "period": "Q4",
        "revenue": 1636578000,
        "costOfRevenue": 1514893000,
        "grossProfit": 121685000,
        "grossProfitRatio": 0.0743533153,
        "researchAndDevelopmentExpenses": 9116000,
        "generalAndAdministrativeExpenses": 0,
        "sellingAndMarketingExpenses": 0,
        "sellingGeneralAndAdministrativeExpenses": 63111000,
        "otherExpenses": 148000,
        "operatingExpenses": 73117000,
        "costAndExpenses": 1588010000,
        "interestIncome": 269000,
        "interestExpense": 6360000,
        "depreciationAndAmortization": 890000,
        "ebitda": 74946000,
        "ebitdaratio": 0.0457943343,
        "operatingIncome": 52686000,
        "operatingIncomeRatio": 0.0321927827,
        "totalOtherIncomeExpensesNet": -5943000,
        "incomeBeforeTax": 46743000,
        "incomeBeforeTaxRatio": 0.0285614251,
        "incomeTaxExpense": -268639000,
        "netIncome": 315382000,
        "netIncomeRatio": 0.1927081997,
        "eps": 3.95,
        "epsdiluted": 3.78,
        "weightedAverageShsOut": 79853000,
        "weightedAverageShsOutDil": 83352000,
        "link": "https://www.sec.gov/Archives/edgar/data/897723/000089772315000026/0000897723-15-000026-index.htm",
        "finalLink": "https://www.sec.gov/Archives/edgar/data/897723/000089772315000026/sanmina10-k_oct32015.htm"
    },
    {
        "date": "2015-06-27",
        "symbol": "SANM",
        "reportedCurrency": "USD",
        "cik": "0000897723",
        "fillingDate": "2015-07-24",
        "acceptedDate": "2015-07-24 14:45:19",
        "calendarYear": "2015",
        "period": "Q3",
        "revenue": 1539271000,
        "costOfRevenue": 1418709000,
        "grossProfit": 120562000,
        "grossProfitRatio": 0.0783240898,
        "researchAndDevelopmentExpenses": 8339000,
        "generalAndAdministrativeExpenses": 0,
        "sellingAndMarketingExpenses": 0,
        "sellingGeneralAndAdministrativeExpenses": 59736000,
        "otherExpenses": 0,
        "operatingExpenses": 68389000,
        "costAndExpenses": 1487098000,
        "interestIncome": 273000,
        "interestExpense": 6017000,
        "depreciationAndAmortization": 314000,
        "ebitda": 76831000,
        "ebitdaratio": 0.0499138878,
        "operatingIncome": 47283000,
        "operatingIncomeRatio": 0.0307177878,
        "totalOtherIncomeExpensesNet": -6992000,
        "incomeBeforeTax": 40291000,
        "incomeBeforeTaxRatio": 0.0261753778,
        "incomeTaxExpense": 15816000,
        "netIncome": 24475000,
        "netIncomeRatio": 0.015900384,
        "eps": 0.3,
        "epsdiluted": 0.29,
        "weightedAverageShsOut": 81700000,
        "weightedAverageShsOutDil": 85493000,
        "link": "https://www.sec.gov/Archives/edgar/data/897723/000089772315000017/0000897723-15-000017-index.htm",
        "finalLink": "https://www.sec.gov/Archives/edgar/data/897723/000089772315000017/sanmina_june272015x10q.htm"
    },
    {
        "date": "2015-03-28",
        "symbol": "SANM",
        "reportedCurrency": "USD",
        "cik": "0000897723",
        "fillingDate": "2015-04-24",
        "acceptedDate": "2015-04-24 15:58:05",
        "calendarYear": "2015",
        "period": "Q2",
        "revenue": 1527530000,
        "costOfRevenue": 1412267000,
        "grossProfit": 115263000,
        "grossProfitRatio": 0.0754571105,
        "researchAndDevelopmentExpenses": 7559000,
        "generalAndAdministrativeExpenses": 0,
        "sellingAndMarketingExpenses": 0,
        "sellingGeneralAndAdministrativeExpenses": 57023000,
        "otherExpenses": 0,
        "operatingExpenses": 65007000,
        "costAndExpenses": 1477274000,
        "interestIncome": 265000,
        "interestExpense": 6197000,
        "depreciationAndAmortization": 425000,
        "ebitda": 75131000,
        "ebitdaratio": 0.0491846314,
        "operatingIncome": 49652000,
        "operatingIncomeRatio": 0.0325047626,
        "totalOtherIncomeExpensesNet": -6297000,
        "incomeBeforeTax": 43355000,
        "incomeBeforeTaxRatio": 0.0283824213,
        "incomeTaxExpense": 28607000,
        "netIncome": 14748000,
        "netIncomeRatio": 0.0096548022,
        "eps": 0.18,
        "epsdiluted": 0.17,
        "weightedAverageShsOut": 82977000,
        "weightedAverageShsOutDil": 86897000,
        "link": "https://www.sec.gov/Archives/edgar/data/897723/000089772315000011/0000897723-15-000011-index.htm",
        "finalLink": "https://www.sec.gov/Archives/edgar/data/897723/000089772315000011/sanmina_mar282015x10q.htm"
    },
    {
        "date": "2014-12-27",
        "symbol": "SANM",
        "reportedCurrency": "USD",
        "cik": "0000897723",
        "fillingDate": "2015-01-30",
        "acceptedDate": "2015-01-30 13:08:54",
        "calendarYear": "2015",
        "period": "Q1",
        "revenue": 1671162000,
        "costOfRevenue": 1544816000,
        "grossProfit": 126346000,
        "grossProfitRatio": 0.0756036817,
        "researchAndDevelopmentExpenses": 8069000,
        "generalAndAdministrativeExpenses": 0,
        "sellingAndMarketingExpenses": 0,
        "sellingGeneralAndAdministrativeExpenses": 59418000,
        "otherExpenses": 0,
        "operatingExpenses": 67912000,
        "costAndExpenses": 1612728000,
        "interestIncome": 289000,
        "interestExpense": 6437000,
        "depreciationAndAmortization": 425000,
        "ebitda": 83090000,
        "ebitdaratio": 0.0497198955,
        "operatingIncome": 53480000,
        "operatingIncomeRatio": 0.0320016851,
        "totalOtherIncomeExpensesNet": -7676000,
        "incomeBeforeTax": 45804000,
        "incomeBeforeTaxRatio": 0.0274084739,
        "incomeTaxExpense": 23148000,
        "netIncome": 22656000,
        "netIncomeRatio": 0.013557034,
        "eps": 0.27,
        "epsdiluted": 0.26,
        "weightedAverageShsOut": 82548000,
        "weightedAverageShsOutDil": 86682000,
        "link": "https://www.sec.gov/Archives/edgar/data/897723/000089772315000005/0000897723-15-000005-index.htm",
        "finalLink": "https://www.sec.gov/Archives/edgar/data/897723/000089772315000005/sanmina_dec27x2014x10q.htm"
    },
    {
        "date": "2014-09-30",
        "symbol": "SANM",
        "reportedCurrency": "USD",
        "cik": "0000897723",
        "fillingDate": "2014-11-13",
        "acceptedDate": "2014-11-13 13:50:01",
        "calendarYear": "2014",
        "period": "Q4",
        "revenue": 1686169000,
        "costOfRevenue": 1554551000,
        "grossProfit": 131618000,
        "grossProfitRatio": 0.0780574189,
        "researchAndDevelopmentExpenses": 7932000,
        "generalAndAdministrativeExpenses": 0,
        "sellingAndMarketingExpenses": 0,
        "sellingGeneralAndAdministrativeExpenses": 57745000,
        "otherExpenses": 0,
        "operatingExpenses": 66102000,
        "costAndExpenses": 1620653000,
        "interestIncome": 343000,
        "interestExpense": 7410000,
        "depreciationAndAmortization": 425000,
        "ebitda": 90133000,
        "ebitdaratio": 0.0534543097,
        "operatingIncome": 61537000,
        "operatingIncomeRatio": 0.0364951556,
        "totalOtherIncomeExpensesNet": -11142000,
        "incomeBeforeTax": 50395000,
        "incomeBeforeTaxRatio": 0.029887277,
        "incomeTaxExpense": -82108000,
        "netIncome": 132503000,
        "netIncomeRatio": 0.0785822773,
        "eps": 1.61,
        "epsdiluted": 1.52,
        "weightedAverageShsOut": 82528000,
        "weightedAverageShsOutDil": 86997000,
        "link": "https://www.sec.gov/Archives/edgar/data/897723/000089772314000022/0000897723-14-000022-index.htm",
        "finalLink": "https://www.sec.gov/Archives/edgar/data/897723/000089772314000022/sanmina10-k_sept272014.htm"
    },
    {
        "date": "2014-06-28",
        "symbol": "SANM",
        "reportedCurrency": "USD",
        "cik": "0000897723",
        "fillingDate": "2014-07-25",
        "acceptedDate": "2014-07-25 14:54:23",
        "calendarYear": "2014",
        "period": "Q3",
        "revenue": 1604727000,
        "costOfRevenue": 1477814000,
        "grossProfit": 126913000,
        "grossProfitRatio": 0.0790869724,
        "researchAndDevelopmentExpenses": 7829000,
        "generalAndAdministrativeExpenses": 0,
        "sellingAndMarketingExpenses": 0,
        "sellingGeneralAndAdministrativeExpenses": 63029000,
        "otherExpenses": 0,
        "operatingExpenses": 71283000,
        "costAndExpenses": 1549097000,
        "interestIncome": 210000,
        "interestExpense": 8439000,
        "depreciationAndAmortization": 425000,
        "ebitda": 80171000,
        "ebitdaratio": 0.0499592766,
        "operatingIncome": 53328000,
        "operatingIncomeRatio": 0.0332318207,
        "totalOtherIncomeExpensesNet": -14330000,
        "incomeBeforeTax": 38998000,
        "incomeBeforeTaxRatio": 0.0243019529,
        "incomeTaxExpense": 18277000,
        "netIncome": 20721000,
        "netIncomeRatio": 0.0129124767,
        "eps": 0.25,
        "epsdiluted": 0.24,
        "weightedAverageShsOut": 82467000,
        "weightedAverageShsOutDil": 86235000,
        "link": "https://www.sec.gov/Archives/edgar/data/897723/000089772314000016/0000897723-14-000016-index.htm",
        "finalLink": "https://www.sec.gov/Archives/edgar/data/897723/000089772314000016/sanmina_june28x2014x10q.htm"
    },
    {
        "date": "2014-03-29",
        "symbol": "SANM",
        "reportedCurrency": "USD",
        "cik": "0000897723",
        "fillingDate": "2014-04-28",
        "acceptedDate": "2014-04-25 20:04:29",
        "calendarYear": "2014",
        "period": "Q2",
        "revenue": 1476712000,
        "costOfRevenue": 1357745000,
        "grossProfit": 118967000,
        "grossProfitRatio": 0.0805620866,
        "researchAndDevelopmentExpenses": 8829000,
        "generalAndAdministrativeExpenses": 0,
        "sellingAndMarketingExpenses": 0,
        "sellingGeneralAndAdministrativeExpenses": 62332000,
        "otherExpenses": 626000,
        "operatingExpenses": 71635000,
        "costAndExpenses": 1429380000,
        "interestIncome": 174000,
        "interestExpense": 7482000,
        "depreciationAndAmortization": 474000,
        "ebitda": 72491000,
        "ebitdaratio": 0.0490894636,
        "operatingIncome": 45297000,
        "operatingIncomeRatio": 0.0306742276,
        "totalOtherIncomeExpensesNet": -6682000,
        "incomeBeforeTax": 38615000,
        "incomeBeforeTaxRatio": 0.0261493101,
        "incomeTaxExpense": 17775000,
        "netIncome": 20840000,
        "netIncomeRatio": 0.0141124336,
        "eps": 0.25,
        "epsdiluted": 0.24,
        "weightedAverageShsOut": 82728000,
        "weightedAverageShsOutDil": 86144000,
        "link": "https://www.sec.gov/Archives/edgar/data/897723/000089772314000011/0000897723-14-000011-index.htm",
        "finalLink": "https://www.sec.gov/Archives/edgar/data/897723/000089772314000011/sanmina_mar292014x10-q.htm"
    },
    {
        "date": "2013-12-28",
        "symbol": "SANM",
        "reportedCurrency": "USD",
        "cik": "0000897723",
        "fillingDate": "2014-01-31",
        "acceptedDate": "2014-01-31 14:34:12",
        "calendarYear": "2014",
        "period": "Q1",
        "revenue": 1447498000,
        "costOfRevenue": 1336713000,
        "grossProfit": 110785000,
        "grossProfitRatio": 0.0765355116,
        "researchAndDevelopmentExpenses": 7905000,
        "generalAndAdministrativeExpenses": 0,
        "sellingAndMarketingExpenses": 0,
        "sellingGeneralAndAdministrativeExpenses": 59182000,
        "otherExpenses": 878000,
        "operatingExpenses": 67561000,
        "costAndExpenses": 1404274000,
        "interestIncome": 806000,
        "interestExpense": 7473000,
        "depreciationAndAmortization": 474000,
        "ebitda": 66584000,
        "ebitdaratio": 0.0459993727,
        "operatingIncome": 39520000,
        "operatingIncomeRatio": 0.027302283,
        "totalOtherIncomeExpensesNet": -5789000,
        "incomeBeforeTax": 33731000,
        "incomeBeforeTaxRatio": 0.0233029683,
        "incomeTaxExpense": 10630000,
        "netIncome": 23101000,
        "netIncomeRatio": 0.0159592621,
        "eps": 0.28,
        "epsdiluted": 0.26,
        "weightedAverageShsOut": 83766000,
        "weightedAverageShsOutDil": 87259000,
        "link": "https://www.sec.gov/Archives/edgar/data/897723/000089772314000004/0000897723-14-000004-index.htm",
        "finalLink": "https://www.sec.gov/Archives/edgar/data/897723/000089772314000004/sanmina_dec282013x10-q.htm"
    },
    {
        "date": "2013-09-30",
        "symbol": "SANM",
        "reportedCurrency": "USD",
        "cik": "0000897723",
        "fillingDate": "2013-11-27",
        "acceptedDate": "2013-11-27 17:19:31",
        "calendarYear": "2013",
        "period": "Q4",
        "revenue": 1505323000,
        "costOfRevenue": 1389989000,
        "grossProfit": 115334000,
        "grossProfitRatio": 0.0766174436,
        "researchAndDevelopmentExpenses": 7395000,
        "generalAndAdministrativeExpenses": 0,
        "sellingAndMarketingExpenses": 0,
        "sellingGeneralAndAdministrativeExpenses": 57130000,
        "otherExpenses": 0,
        "operatingExpenses": 64999000,
        "costAndExpenses": 1454988000,
        "interestIncome": 179000,
        "interestExpense": 8560000,
        "depreciationAndAmortization": 474000,
        "ebitda": 73763000,
        "ebitdaratio": 0.0490014435,
        "operatingIncome": 44688000,
        "operatingIncomeRatio": 0.029686652,
        "totalOtherIncomeExpensesNet": -6177000,
        "incomeBeforeTax": 38511000,
        "incomeBeforeTaxRatio": 0.0255832137,
        "incomeTaxExpense": -290000,
        "netIncome": 38801000,
        "netIncomeRatio": 0.0257758634,
        "eps": 0.46,
        "epsdiluted": 0.44,
        "weightedAverageShsOut": 83790000,
        "weightedAverageShsOutDil": 87201000,
        "link": "https://www.sec.gov/Archives/edgar/data/897723/000089772313000023/0000897723-13-000023-index.htm",
        "finalLink": "https://www.sec.gov/Archives/edgar/data/897723/000089772313000023/sanmina10-k.htm"
    },
    {
        "date": "2013-06-29",
        "symbol": "SANM",
        "reportedCurrency": "USD",
        "cik": "0000897723",
        "fillingDate": "2013-07-30",
        "acceptedDate": "2013-07-30 16:59:20",
        "calendarYear": "2013",
        "period": "Q3",
        "revenue": 1489214000,
        "costOfRevenue": 1374963000,
        "grossProfit": 114251000,
        "grossProfitRatio": 0.076718994,
        "researchAndDevelopmentExpenses": 6761000,
        "generalAndAdministrativeExpenses": 0,
        "sellingAndMarketingExpenses": 0,
        "sellingGeneralAndAdministrativeExpenses": 62120000,
        "otherExpenses": -38000,
        "operatingExpenses": 69355000,
        "costAndExpenses": 1444318000,
        "interestIncome": 391000,
        "interestExpense": 8944000,
        "depreciationAndAmortization": 474000,
        "ebitda": 59666000,
        "ebitdaratio": 0.0400654305,
        "operatingIncome": 35681000,
        "operatingIncomeRatio": 0.023959619,
        "totalOtherIncomeExpensesNet": -8591000,
        "incomeBeforeTax": 27090000,
        "incomeBeforeTaxRatio": 0.018190804,
        "incomeTaxExpense": 8352000,
        "netIncome": 18738000,
        "netIncomeRatio": 0.0125824764,
        "eps": 0.23,
        "epsdiluted": 0.22,
        "weightedAverageShsOut": 83082000,
        "weightedAverageShsOutDil": 85602000,
        "link": "https://www.sec.gov/Archives/edgar/data/897723/000089772313000015/0000897723-13-000015-index.htm",
        "finalLink": "https://www.sec.gov/Archives/edgar/data/897723/000089772313000015/sanmina_june292013x10-q.htm"
    },
    {
        "date": "2013-03-30",
        "symbol": "SANM",
        "reportedCurrency": "USD",
        "cik": "0000897723",
        "fillingDate": "2013-04-30",
        "acceptedDate": "2013-04-29 18:51:24",
        "calendarYear": "2013",
        "period": "Q2",
        "revenue": 1427642000,
        "costOfRevenue": 1327338000,
        "grossProfit": 100304000,
        "grossProfitRatio": 0.0702585102,
        "researchAndDevelopmentExpenses": 6020000,
        "generalAndAdministrativeExpenses": 0,
        "sellingAndMarketingExpenses": 0,
        "sellingGeneralAndAdministrativeExpenses": 58954000,
        "otherExpenses": 0,
        "operatingExpenses": 65448000,
        "costAndExpenses": 1392786000,
        "interestIncome": 246000,
        "interestExpense": 10416000,
        "depreciationAndAmortization": 474000,
        "ebitda": 68698000,
        "ebitdaratio": 0.0481199068,
        "operatingIncome": 45798000,
        "operatingIncomeRatio": 0.0320794709,
        "totalOtherIncomeExpensesNet": -11647000,
        "incomeBeforeTax": 34151000,
        "incomeBeforeTaxRatio": 0.0239212632,
        "incomeTaxExpense": 12960000,
        "netIncome": 21191000,
        "netIncomeRatio": 0.0148433571,
        "eps": 0.26,
        "epsdiluted": 0.25,
        "weightedAverageShsOut": 82543000,
        "weightedAverageShsOutDil": 84683000,
        "link": "https://www.sec.gov/Archives/edgar/data/897723/000089772313000008/0000897723-13-000008-index.htm",
        "finalLink": "https://www.sec.gov/Archives/edgar/data/897723/000089772313000008/sanmina_mar302013x10-q.htm"
    },
    {
        "date": "2012-12-29",
        "symbol": "SANM",
        "reportedCurrency": "USD",
        "cik": "0000897723",
        "fillingDate": "2013-02-04",
        "acceptedDate": "2013-02-04 15:37:15",
        "calendarYear": "2013",
        "period": "Q1",
        "revenue": 1494945000,
        "costOfRevenue": 1398017000,
        "grossProfit": 96928000,
        "grossProfitRatio": 0.0648371679,
        "researchAndDevelopmentExpenses": 5395000,
        "generalAndAdministrativeExpenses": 0,
        "sellingAndMarketingExpenses": 0,
        "sellingGeneralAndAdministrativeExpenses": 59868000,
        "otherExpenses": 0,
        "operatingExpenses": 65737000,
        "costAndExpenses": 1463754000,
        "interestIncome": 198000,
        "interestExpense": 13084000,
        "depreciationAndAmortization": 474000,
        "ebitda": 41568000,
        "ebitdaratio": 0.0278057052,
        "operatingIncome": 31462000,
        "operatingIncomeRatio": 0.0210455903,
        "totalOtherIncomeExpensesNet": -27808000,
        "incomeBeforeTax": 3654000,
        "incomeBeforeTaxRatio": 0.0024442371,
        "incomeTaxExpense": 3033000,
        "netIncome": 621000,
        "netIncomeRatio": 0.0004153999,
        "eps": 0.01,
        "epsdiluted": 0.01,
        "weightedAverageShsOut": 81920000,
        "weightedAverageShsOutDil": 84011000,
        "link": "https://www.sec.gov/Archives/edgar/data/897723/000089772313000004/0000897723-13-000004-index.htm",
        "finalLink": "https://www.sec.gov/Archives/edgar/data/897723/000089772313000004/sanmina_dec292012x10-q.htm"
    },
    {
        "date": "2012-09-30",
        "symbol": "SANM",
        "reportedCurrency": "USD",
        "cik": "0000897723",
        "fillingDate": "2012-11-21",
        "acceptedDate": "2012-11-20 20:53:26",
        "calendarYear": "2012",
        "period": "Q4",
        "revenue": 1578584000,
        "costOfRevenue": 1463427000,
        "grossProfit": 115157000,
        "grossProfitRatio": 0.0729495548,
        "researchAndDevelopmentExpenses": 6256000,
        "generalAndAdministrativeExpenses": 0,
        "sellingAndMarketingExpenses": 0,
        "sellingGeneralAndAdministrativeExpenses": 57817000,
        "otherExpenses": -4034000,
        "operatingExpenses": 64745000,
        "costAndExpenses": 1528172000,
        "interestIncome": 330000,
        "interestExpense": 13383000,
        "depreciationAndAmortization": 672000,
        "ebitda": 52899000,
        "ebitdaratio": 0.0335104119,
        "operatingIncome": 32200000,
        "operatingIncomeRatio": 0.0203980276,
        "totalOtherIncomeExpensesNet": -17087000,
        "incomeBeforeTax": 15113000,
        "incomeBeforeTaxRatio": 0.0095737699,
        "incomeTaxExpense": -149037000,
        "netIncome": 164150000,
        "netIncomeRatio": 0.1039855972,
        "eps": 2.01,
        "epsdiluted": 1.96,
        "weightedAverageShsOut": 81578000,
        "weightedAverageShsOutDil": 83556000,
        "link": "https://www.sec.gov/Archives/edgar/data/897723/000089772312000027/0000897723-12-000027-index.htm",
        "finalLink": "https://www.sec.gov/Archives/edgar/data/897723/000089772312000027/sanmina10-k_sept292012.htm"
    },
    {
        "date": "2012-06-30",
        "symbol": "SANM",
        "reportedCurrency": "USD",
        "cik": "0000897723",
        "fillingDate": "2012-07-31",
        "acceptedDate": "2012-07-30 20:10:21",
        "calendarYear": "2012",
        "period": "Q3",
        "revenue": 1549302000,
        "costOfRevenue": 1444050000,
        "grossProfit": 105252000,
        "grossProfitRatio": 0.0679351088,
        "researchAndDevelopmentExpenses": 5587000,
        "generalAndAdministrativeExpenses": 0,
        "sellingAndMarketingExpenses": 0,
        "sellingGeneralAndAdministrativeExpenses": 60965000,
        "otherExpenses": -626000,
        "operatingExpenses": 67224000,
        "costAndExpenses": 1511274000,
        "interestIncome": 369000,
        "interestExpense": 16131000,
        "depreciationAndAmortization": 672000,
        "ebitda": 53491000,
        "ebitdaratio": 0.0345258704,
        "operatingIncome": 35394000,
        "operatingIncomeRatio": 0.0228451264,
        "totalOtherIncomeExpensesNet": -22597000,
        "incomeBeforeTax": 12797000,
        "incomeBeforeTaxRatio": 0.0082598486,
        "incomeTaxExpense": 3849000,
        "netIncome": 8948000,
        "netIncomeRatio": 0.0057755041,
        "eps": 0.11,
        "epsdiluted": 0.11,
        "weightedAverageShsOut": 81519000,
        "weightedAverageShsOutDil": 83566000,
        "link": "https://www.sec.gov/Archives/edgar/data/897723/000089772312000023/0000897723-12-000023-index.htm",
        "finalLink": "https://www.sec.gov/Archives/edgar/data/897723/000089772312000023/sanmina-sci_june302012x10xq.htm"
    },
    {
        "date": "2012-03-31",
        "symbol": "SANM",
        "reportedCurrency": "USD",
        "cik": "0000897723",
        "fillingDate": "2012-05-01",
        "acceptedDate": "2012-04-30 19:00:14",
        "calendarYear": "2012",
        "period": "Q2",
        "revenue": 1463082000,
        "costOfRevenue": 1356734000,
        "grossProfit": 106348000,
        "grossProfitRatio": 0.0726876552,
        "researchAndDevelopmentExpenses": 5923000,
        "generalAndAdministrativeExpenses": 0,
        "sellingAndMarketingExpenses": 0,
        "sellingGeneralAndAdministrativeExpenses": 62940000,
        "otherExpenses": 767000,
        "operatingExpenses": 69630000,
        "costAndExpenses": 1426364000,
        "interestIncome": 442000,
        "interestExpense": 20367000,
        "depreciationAndAmortization": 767000,
        "ebitda": 50826000,
        "ebitdaratio": 0.0347389962,
        "operatingIncome": 30208000,
        "operatingIncomeRatio": 0.0206468264,
        "totalOtherIncomeExpensesNet": -24766000,
        "incomeBeforeTax": 5442000,
        "incomeBeforeTaxRatio": 0.0037195455,
        "incomeTaxExpense": 6881000,
        "netIncome": -1439000,
        "netIncomeRatio": -0.0009835402,
        "eps": -0.0177,
        "epsdiluted": -0.0177,
        "weightedAverageShsOut": 81225000,
        "weightedAverageShsOutDil": 81225000,
        "link": "https://www.sec.gov/Archives/edgar/data/897723/000089772312000020/0000897723-12-000020-index.htm",
        "finalLink": "https://www.sec.gov/Archives/edgar/data/897723/000089772312000020/sanminascimarch31201210q.htm"
    },
    {
        "date": "2011-12-31",
        "symbol": "SANM",
        "reportedCurrency": "USD",
        "cik": "0000897723",
        "fillingDate": "2012-01-26",
        "acceptedDate": "2012-01-25 19:11:17",
        "calendarYear": "2012",
        "period": "Q1",
        "revenue": 1502366000,
        "costOfRevenue": 1393341000,
        "grossProfit": 109025000,
        "grossProfitRatio": 0.072568868,
        "researchAndDevelopmentExpenses": 4133000,
        "generalAndAdministrativeExpenses": 0,
        "sellingAndMarketingExpenses": 0,
        "sellingGeneralAndAdministrativeExpenses": 59141000,
        "otherExpenses": 956000,
        "operatingExpenses": 64230000,
        "costAndExpenses": 1457571000,
        "interestIncome": 284000,
        "interestExpense": 21863000,
        "depreciationAndAmortization": 956000,
        "ebitda": 63948000,
        "ebitdaratio": 0.042564861,
        "operatingIncome": 39688000,
        "operatingIncomeRatio": 0.0264169983,
        "totalOtherIncomeExpensesNet": -23097000,
        "incomeBeforeTax": 16591000,
        "incomeBeforeTaxRatio": 0.0110432478,
        "incomeTaxExpense": 8016000,
        "netIncome": 8575000,
        "netIncomeRatio": 0.0057076638,
        "eps": 0.11,
        "epsdiluted": 0.1,
        "weightedAverageShsOut": 80833000,
        "weightedAverageShsOutDil": 82668000,
        "link": "https://www.sec.gov/Archives/edgar/data/897723/000089772312000010/0000897723-12-000010-index.htm",
        "finalLink": "https://www.sec.gov/Archives/edgar/data/897723/000089772312000010/form10q.htm"
    },
    {
        "date": "2011-09-30",
        "symbol": "SANM",
        "reportedCurrency": "USD",
        "cik": "0000897723",
        "fillingDate": "2011-11-22",
        "acceptedDate": "2011-11-21 18:24:12",
        "calendarYear": "2011",
        "period": "Q4",
        "revenue": 1696702000,
        "costOfRevenue": 1562830000,
        "grossProfit": 133872000,
        "grossProfitRatio": 0.0789013038,
        "researchAndDevelopmentExpenses": 5925000,
        "generalAndAdministrativeExpenses": 0,
        "sellingAndMarketingExpenses": 0,
        "sellingGeneralAndAdministrativeExpenses": 59401000,
        "otherExpenses": 956000,
        "operatingExpenses": 66282000,
        "costAndExpenses": 1629112000,
        "interestIncome": 371000,
        "interestExpense": 21341000,
        "depreciationAndAmortization": 29203000,
        "ebitda": 79358000,
        "ebitdaratio": 0.046771914,
        "operatingIncome": 53501000,
        "operatingIncomeRatio": 0.0315323492,
        "totalOtherIncomeExpensesNet": -24687000,
        "incomeBeforeTax": 28814000,
        "incomeBeforeTaxRatio": 0.0169823575,
        "incomeTaxExpense": 10726000,
        "netIncome": 18088000,
        "netIncomeRatio": 0.0106606817,
        "eps": 0.22,
        "epsdiluted": 0.22,
        "weightedAverageShsOut": 80711000,
        "weightedAverageShsOutDil": 82700000,
        "link": "https://www.sec.gov/Archives/edgar/data/897723/000089772311000023/0000897723-11-000023-index.htm",
        "finalLink": "https://www.sec.gov/Archives/edgar/data/897723/000089772311000023/sanminasci10k.htm"
    },
    {
        "date": "2011-07-02",
        "symbol": "SANM",
        "reportedCurrency": "USD",
        "cik": "0000897723",
        "fillingDate": "2011-08-01",
        "acceptedDate": "2011-08-01 16:59:22",
        "calendarYear": "2011",
        "period": "Q3",
        "revenue": 1674200000,
        "costOfRevenue": 1542599000,
        "grossProfit": 131601000,
        "grossProfitRatio": 0.078605304,
        "researchAndDevelopmentExpenses": 5797000,
        "generalAndAdministrativeExpenses": 0,
        "sellingAndMarketingExpenses": 0,
        "sellingGeneralAndAdministrativeExpenses": 67043000,
        "otherExpenses": 958000,
        "operatingExpenses": 73798000,
        "costAndExpenses": 1616397000,
        "interestIncome": 356000,
        "interestExpense": 24843000,
        "depreciationAndAmortization": 958000,
        "ebitda": 63867000,
        "ebitdaratio": 0.0381477721,
        "operatingIncome": 52907000,
        "operatingIncomeRatio": 0.0316013618,
        "totalOtherIncomeExpensesNet": -39254000,
        "incomeBeforeTax": 11407000,
        "incomeBeforeTaxRatio": 0.0068134034,
        "incomeTaxExpense": 4248000,
        "netIncome": 7159000,
        "netIncomeRatio": 0.0042760722,
        "eps": 0.12,
        "epsdiluted": 0.11,
        "weightedAverageShsOut": 80579000,
        "weightedAverageShsOutDil": 83141000,
        "link": "https://www.sec.gov/Archives/edgar/data/897723/000089772311000016/0000897723-11-000016-index.htm",
        "finalLink": "https://www.sec.gov/Archives/edgar/data/897723/000089772311000016/sanmina-sci_july2201110q.htm"
    },
    {
        "date": "2011-04-02",
        "symbol": "SANM",
        "reportedCurrency": "USD",
        "cik": "0000897723",
        "fillingDate": "2011-04-26",
        "acceptedDate": "2011-04-25 20:40:48",
        "calendarYear": "2011",
        "period": "Q2",
        "revenue": 1569058000,
        "costOfRevenue": 1452227000,
        "grossProfit": 116831000,
        "grossProfitRatio": 0.0744593253,
        "researchAndDevelopmentExpenses": 4914000,
        "generalAndAdministrativeExpenses": 0,
        "sellingAndMarketingExpenses": 0,
        "sellingGeneralAndAdministrativeExpenses": 62212000,
        "otherExpenses": 959000,
        "operatingExpenses": 67687000,
        "costAndExpenses": 1519914000,
        "interestIncome": 562000,
        "interestExpense": 26269000,
        "depreciationAndAmortization": 959000,
        "ebitda": 50665000,
        "ebitdaratio": 0.0322900747,
        "operatingIncome": 44634000,
        "operatingIncomeRatio": 0.0284463672,
        "totalOtherIncomeExpensesNet": -23646000,
        "incomeBeforeTax": 20988000,
        "incomeBeforeTaxRatio": 0.0133761786,
        "incomeTaxExpense": 7923000,
        "netIncome": 13065000,
        "netIncomeRatio": 0.008326652,
        "eps": 0.16,
        "epsdiluted": 0.16,
        "weightedAverageShsOut": 80242000,
        "weightedAverageShsOutDil": 83940000,
        "link": "https://www.sec.gov/Archives/edgar/data/897723/000089772311000011/0000897723-11-000011-index.htm",
        "finalLink": "https://www.sec.gov/Archives/edgar/data/897723/000089772311000011/sanminasci2011040210q.htm"
    },
    {
        "date": "2011-01-01",
        "symbol": "SANM",
        "reportedCurrency": "USD",
        "cik": "0000897723",
        "fillingDate": "2011-02-08",
        "acceptedDate": "2011-02-08 14:48:38",
        "calendarYear": "2011",
        "period": "Q1",
        "revenue": 1662451000,
        "costOfRevenue": 1534404000,
        "grossProfit": 128047000,
        "grossProfitRatio": 0.077023022,
        "researchAndDevelopmentExpenses": 4166000,
        "generalAndAdministrativeExpenses": 0,
        "sellingAndMarketingExpenses": 0,
        "sellingGeneralAndAdministrativeExpenses": 58471000,
        "otherExpenses": -669000,
        "operatingExpenses": 61968000,
        "costAndExpenses": 1596372000,
        "interestIncome": 572000,
        "interestExpense": 26661000,
        "depreciationAndAmortization": 958000,
        "ebitda": 67609000,
        "ebitdaratio": 0.0406682663,
        "operatingIncome": 60955000,
        "operatingIncomeRatio": 0.0366657423,
        "totalOtherIncomeExpensesNet": -24872000,
        "incomeBeforeTax": 36083000,
        "incomeBeforeTaxRatio": 0.0217046999,
        "incomeTaxExpense": 7724000,
        "netIncome": 28359000,
        "netIncomeRatio": 0.0170585479,
        "eps": 0.36,
        "epsdiluted": 0.34,
        "weightedAverageShsOut": 79846000,
        "weightedAverageShsOutDil": 82825000,
        "link": "https://www.sec.gov/Archives/edgar/data/897723/000089772311000005/0000897723-11-000005-index.htm",
        "finalLink": "https://www.sec.gov/Archives/edgar/data/897723/000089772311000005/sanminasci2011010110q.htm"
    },
    {
        "date": "2010-09-30",
        "symbol": "SANM",
        "reportedCurrency": "USD",
        "cik": "0000897723",
        "fillingDate": "2010-11-24",
        "acceptedDate": "2010-11-24 17:11:37",
        "calendarYear": "2010",
        "period": "Q4",
        "revenue": 1687768000,
        "costOfRevenue": 1556057000,
        "grossProfit": 131711000,
        "grossProfitRatio": 0.0780385693,
        "researchAndDevelopmentExpenses": 3597000,
        "generalAndAdministrativeExpenses": 0,
        "sellingAndMarketingExpenses": 0,
        "sellingGeneralAndAdministrativeExpenses": 61170000,
        "otherExpenses": 364000,
        "operatingExpenses": 65131000,
        "costAndExpenses": 1621188000,
        "interestIncome": 710000,
        "interestExpense": 27668000,
        "depreciationAndAmortization": 25008000,
        "ebitda": 86493000,
        "ebitdaratio": 0.0512469723,
        "operatingIncome": 58163000,
        "operatingIncomeRatio": 0.03446149,
        "totalOtherIncomeExpensesNet": -24346000,
        "incomeBeforeTax": 33817000,
        "incomeBeforeTaxRatio": 0.0200365216,
        "incomeTaxExpense": 2418000,
        "netIncome": 31399000,
        "netIncomeRatio": 0.0186038602,
        "eps": 0.38,
        "epsdiluted": 0.38,
        "weightedAverageShsOut": 79660000,
        "weightedAverageShsOutDil": 82700000,
        "link": "https://www.sec.gov/Archives/edgar/data/897723/000089772310000011/0000897723-10-000011-index.htm",
        "finalLink": "https://www.sec.gov/Archives/edgar/data/897723/000089772310000011/sanminasci10k.htm"
    },
    {
        "date": "2010-07-03",
        "symbol": "SANM",
        "reportedCurrency": "USD",
        "cik": "0000897723",
        "fillingDate": "2010-08-05",
        "acceptedDate": "2010-08-05 17:02:29",
        "calendarYear": "2010",
        "period": "Q3",
        "revenue": 1625170000,
        "costOfRevenue": 1501055000,
        "grossProfit": 124115000,
        "grossProfitRatio": 0.076370472,
        "researchAndDevelopmentExpenses": 3057000,
        "generalAndAdministrativeExpenses": 0,
        "sellingAndMarketingExpenses": 0,
        "sellingGeneralAndAdministrativeExpenses": 65392000,
        "otherExpenses": -12870000,
        "operatingExpenses": 55579000,
        "costAndExpenses": 1556634000,
        "interestIncome": 558000,
        "interestExpense": 27119000,
        "depreciationAndAmortization": 926000,
        "ebitda": 82146000,
        "ebitdaratio": 0.0505460967,
        "operatingIncome": 61740000,
        "operatingIncomeRatio": 0.0379898718,
        "totalOtherIncomeExpensesNet": -28607000,
        "incomeBeforeTax": 33133000,
        "incomeBeforeTaxRatio": 0.0203874056,
        "incomeTaxExpense": 11570000,
        "netIncome": 21563000,
        "netIncomeRatio": 0.0132681504,
        "eps": 0.27,
        "epsdiluted": 0.26,
        "weightedAverageShsOut": 79544000,
        "weightedAverageShsOutDil": 83693000,
        "link": "https://www.sec.gov/Archives/edgar/data/897723/000089772310000007/0000897723-10-000007-index.htm",
        "finalLink": "https://www.sec.gov/Archives/edgar/data/897723/000089772310000007/sanminasci2010070310q.htm"
    },
    {
        "date": "2010-04-03",
        "symbol": "SANM",
        "reportedCurrency": "USD",
        "cik": "0000897723",
        "fillingDate": "2010-04-30",
        "acceptedDate": "2010-04-30 15:53:36",
        "calendarYear": "2010",
        "period": "Q2",
        "revenue": 1527451000,
        "costOfRevenue": 1409974000,
        "grossProfit": 117477000,
        "grossProfitRatio": 0.0769104868,
        "researchAndDevelopmentExpenses": 3252000,
        "generalAndAdministrativeExpenses": 0,
        "sellingAndMarketingExpenses": 0,
        "sellingGeneralAndAdministrativeExpenses": 63557000,
        "otherExpenses": 1059000,
        "operatingExpenses": 67868000,
        "costAndExpenses": 1477842000,
        "interestIncome": 597000,
        "interestExpense": 26580000,
        "depreciationAndAmortization": 1059000,
        "ebitda": 51265000,
        "ebitdaratio": 0.0335624514,
        "operatingIncome": 45238000,
        "operatingIncomeRatio": 0.029616662,
        "totalOtherIncomeExpensesNet": -25863000,
        "incomeBeforeTax": 19375000,
        "incomeBeforeTaxRatio": 0.0126845313,
        "incomeTaxExpense": 9284000,
        "netIncome": 10091000,
        "netIncomeRatio": 0.0066064312,
        "eps": 0.13,
        "epsdiluted": 0.12,
        "weightedAverageShsOut": 79001000,
        "weightedAverageShsOutDil": 82782000,
        "link": "https://www.sec.gov/Archives/edgar/data/897723/000089772310000004/0000897723-10-000004-index.htm",
        "finalLink": "https://www.sec.gov/Archives/edgar/data/897723/000089772310000004/form10q.htm"
    },
    {
        "date": "2010-01-02",
        "symbol": "SANM",
        "reportedCurrency": "USD",
        "cik": "0000897723",
        "fillingDate": "2010-02-05",
        "acceptedDate": "2010-02-05 13:29:51",
        "calendarYear": "2010",
        "period": "Q1",
        "revenue": 1478302000,
        "costOfRevenue": 1368615000,
        "grossProfit": 109687000,
        "grossProfitRatio": 0.074197965,
        "researchAndDevelopmentExpenses": 3098000,
        "generalAndAdministrativeExpenses": 0,
        "sellingAndMarketingExpenses": 0,
        "sellingGeneralAndAdministrativeExpenses": 62415000,
        "otherExpenses": 1178000,
        "operatingExpenses": 66691000,
        "costAndExpenses": 1435306000,
        "interestIncome": 381000,
        "interestExpense": 26777000,
        "depreciationAndAmortization": 1178000,
        "ebitda": 44555000,
        "ebitdaratio": 0.0301393085,
        "operatingIncome": 39658000,
        "operatingIncomeRatio": 0.0268267242,
        "totalOtherIncomeExpensesNet": 13259000,
        "incomeBeforeTax": 52917000,
        "incomeBeforeTaxRatio": 0.0357957982,
        "incomeTaxExpense": -6465000,
        "netIncome": 59382000,
        "netIncomeRatio": 0.0401690588,
        "eps": 0.76,
        "epsdiluted": 0.74,
        "weightedAverageShsOut": 78615000,
        "weightedAverageShsOutDil": 80575000,
        "link": "https://www.sec.gov/Archives/edgar/data/897723/000089772310000002/0000897723-10-000002-index.htm",
        "finalLink": "https://www.sec.gov/Archives/edgar/data/897723/000089772310000002/form10q.htm"
    },
    {
        "date": "2009-09-30",
        "symbol": "SANM",
        "reportedCurrency": "USD",
        "cik": "0000897723",
        "fillingDate": "2009-12-01",
        "acceptedDate": "2009-12-01 17:17:53",
        "calendarYear": "2009",
        "period": "Q4",
        "revenue": 1353960000,
        "costOfRevenue": 1259630000,
        "grossProfit": 94330000,
        "grossProfitRatio": 0.0696697096,
        "researchAndDevelopmentExpenses": 3962000,
        "generalAndAdministrativeExpenses": 0,
        "sellingAndMarketingExpenses": 0,
        "sellingGeneralAndAdministrativeExpenses": 60263000,
        "otherExpenses": 1072000,
        "operatingExpenses": 65297000,
        "costAndExpenses": 1324927000,
        "interestIncome": 459000,
        "interestExpense": 30302000,
        "depreciationAndAmortization": 22881000,
        "ebitda": 25452000,
        "ebitdaratio": 0.018798192,
        "operatingIncome": 7721000,
        "operatingIncomeRatio": 0.0057025318,
        "totalOtherIncomeExpensesNet": -35452000,
        "incomeBeforeTax": -27731000,
        "incomeBeforeTaxRatio": -0.0204814027,
        "incomeTaxExpense": 4554000,
        "netIncome": -32285000,
        "netIncomeRatio": -0.0238448699,
        "eps": -0.41,
        "epsdiluted": -0.41,
        "weightedAverageShsOut": 78600000,
        "weightedAverageShsOutDil": 78600000,
        "link": "https://www.sec.gov/Archives/edgar/data/897723/000089772309000007/0000897723-09-000007-index.htm",
        "finalLink": "https://www.sec.gov/Archives/edgar/data/897723/000089772309000007/form10k.htm"
    },
    {
        "date": "2009-06-27",
        "symbol": "SANM",
        "reportedCurrency": "USD",
        "cik": "0000897723",
        "fillingDate": "2009-08-03",
        "acceptedDate": "2009-08-03 16:38:04",
        "calendarYear": "2009",
        "period": "Q3",
        "revenue": 1209150000,
        "costOfRevenue": 1133390000,
        "grossProfit": 75760000,
        "grossProfitRatio": 0.0626555845,
        "researchAndDevelopmentExpenses": 3811000,
        "generalAndAdministrativeExpenses": 0,
        "sellingAndMarketingExpenses": 0,
        "sellingGeneralAndAdministrativeExpenses": 57889000,
        "otherExpenses": 1072000,
        "operatingExpenses": 62772000,
        "costAndExpenses": 1196162000,
        "interestIncome": 761000,
        "interestExpense": 29391000,
        "depreciationAndAmortization": 22266000,
        "ebitda": 24588000,
        "ebitdaratio": 0.020334946,
        "operatingIncome": -1147000,
        "operatingIncomeRatio": -0.0009486003,
        "totalOtherIncomeExpensesNet": -25922000,
        "incomeBeforeTax": -27069000,
        "incomeBeforeTaxRatio": -0.0223868006,
        "incomeTaxExpense": 14057000,
        "netIncome": -41126000,
        "netIncomeRatio": -0.0340123227,
        "eps": -0.51,
        "epsdiluted": -0.51,
        "weightedAverageShsOut": 80051000,
        "weightedAverageShsOutDil": 80051000,
        "link": "https://www.sec.gov/Archives/edgar/data/897723/000089772309000005/0000897723-09-000005-index.htm",
        "finalLink": "https://www.sec.gov/Archives/edgar/data/897723/000089772309000005/form10q.htm"
    },
    {
        "date": "2009-03-28",
        "symbol": "SANM",
        "reportedCurrency": "USD",
        "cik": "0000897723",
        "fillingDate": "2009-05-05",
        "acceptedDate": "2009-05-04 18:42:17",
        "calendarYear": "2009",
        "period": "Q2",
        "revenue": 1195107000,
        "costOfRevenue": 1126517000,
        "grossProfit": 68590000,
        "grossProfitRatio": 0.0573923506,
        "researchAndDevelopmentExpenses": 4720000,
        "generalAndAdministrativeExpenses": 0,
        "sellingAndMarketingExpenses": 0,
        "sellingGeneralAndAdministrativeExpenses": 57055000,
        "otherExpenses": 1023000,
        "operatingExpenses": 62798000,
        "costAndExpenses": 1189315000,
        "interestIncome": 1829000,
        "interestExpense": 28112000,
        "depreciationAndAmortization": 21291000,
        "ebitda": 14877000,
        "ebitdaratio": 0.0124482578,
        "operatingIncome": -13166000,
        "operatingIncomeRatio": -0.0110165868,
        "totalOtherIncomeExpensesNet": -21360000,
        "incomeBeforeTax": -34526000,
        "incomeBeforeTaxRatio": -0.0288894635,
        "incomeTaxExpense": 3012000,
        "netIncome": -37538000,
        "netIncomeRatio": -0.0314097399,
        "eps": -0.45,
        "epsdiluted": -0.45,
        "weightedAverageShsOut": 83453000,
        "weightedAverageShsOutDil": 83453000,
        "link": "https://www.sec.gov/Archives/edgar/data/897723/000089772309000003/0000897723-09-000003-index.htm",
        "finalLink": "https://www.sec.gov/Archives/edgar/data/897723/000089772309000003/form10q.htm"
    },
    {
        "date": "2008-12-27",
        "symbol": "SANM",
        "reportedCurrency": "USD",
        "cik": "0000897723",
        "fillingDate": "2009-02-02",
        "acceptedDate": "2009-02-02 17:17:29",
        "calendarYear": "2009",
        "period": "Q1",
        "revenue": 1419264000,
        "costOfRevenue": 1335466000,
        "grossProfit": 83798000,
        "grossProfitRatio": 0.0590432788,
        "researchAndDevelopmentExpenses": 4192000,
        "generalAndAdministrativeExpenses": 0,
        "sellingAndMarketingExpenses": 0,
        "sellingGeneralAndAdministrativeExpenses": 62987000,
        "otherExpenses": 5448000,
        "operatingExpenses": 72627000,
        "costAndExpenses": 1408093000,
        "interestIncome": 3450000,
        "interestExpense": 29183000,
        "depreciationAndAmortization": 23490000,
        "ebitda": 29429000,
        "ebitdaratio": 0.0207353952,
        "operatingIncome": 1936000,
        "operatingIncomeRatio": 0.0013640873,
        "totalOtherIncomeExpensesNet": -25180000,
        "incomeBeforeTax": -23244000,
        "incomeBeforeTaxRatio": -0.0163775027,
        "incomeTaxExpense": 2029000,
        "netIncome": -25273000,
        "netIncomeRatio": -0.0178071169,
        "eps": -0.29,
        "epsdiluted": -0.29,
        "weightedAverageShsOut": 87219000,
        "weightedAverageShsOutDil": 87219000,
        "link": "https://www.sec.gov/Archives/edgar/data/897723/000110465909005688/0001104659-09-005688-index.htm",
        "finalLink": "https://www.sec.gov/Archives/edgar/data/897723/000110465909005688/a09-2481_110q.htm"
    },
    {
        "date": "2008-09-30",
        "symbol": "SANM",
        "reportedCurrency": "USD",
        "cik": "0000897723",
        "fillingDate": "2008-11-24",
        "acceptedDate": "2008-11-24 17:18:01",
        "calendarYear": "2008",
        "period": "Q4",
        "revenue": 1703579000,
        "costOfRevenue": 1572688000,
        "grossProfit": 130891000,
        "grossProfitRatio": 0.0768329499,
        "researchAndDevelopmentExpenses": 4815000,
        "generalAndAdministrativeExpenses": 0,
        "sellingAndMarketingExpenses": 0,
        "sellingGeneralAndAdministrativeExpenses": 71206000,
        "otherExpenses": 483649000,
        "operatingExpenses": 559670000,
        "costAndExpenses": 2132358000,
        "interestIncome": 0,
        "interestExpense": 0,
        "depreciationAndAmortization": 22082000,
        "ebitda": -406697000,
        "ebitdaratio": -0.2387309306,
        "operatingIncome": -442101000,
        "operatingIncomeRatio": -0.2595130604,
        "totalOtherIncomeExpensesNet": -29781000,
        "incomeBeforeTax": -471882000,
        "incomeBeforeTaxRatio": -0.2769944922,
        "incomeTaxExpense": 2033000,
        "netIncome": -485179000,
        "netIncomeRatio": -0.2847998244,
        "eps": -5.48,
        "epsdiluted": -5.48,
        "weightedAverageShsOut": 88541174,
        "weightedAverageShsOutDil": 88600000,
        "link": "https://www.sec.gov/Archives/edgar/data/897723/000104746908012528/0001047469-08-012528-index.htm",
        "finalLink": "https://www.sec.gov/Archives/edgar/data/897723/000104746908012528/a2189033z10-k.htm"
    },
    {
        "date": "2008-06-28",
        "symbol": "SANM",
        "reportedCurrency": "USD",
        "cik": "0000897723",
        "fillingDate": "2008-08-04",
        "acceptedDate": "2008-08-04 17:10:51",
        "calendarYear": "2008",
        "period": "Q3",
        "revenue": 1903253000,
        "costOfRevenue": 1763612000,
        "grossProfit": 139641000,
        "grossProfitRatio": 0.0733696466,
        "researchAndDevelopmentExpenses": 5872000,
        "generalAndAdministrativeExpenses": 0,
        "sellingAndMarketingExpenses": 0,
        "sellingGeneralAndAdministrativeExpenses": 77425000,
        "otherExpenses": 3350000,
        "operatingExpenses": 86647000,
        "costAndExpenses": 1850259000,
        "interestIncome": 0,
        "interestExpense": 0,
        "depreciationAndAmortization": 22693000,
        "ebitda": 75687000,
        "ebitdaratio": 0.0397671776,
        "operatingIncome": 39738000,
        "operatingIncomeRatio": 0.0208789898,
        "totalOtherIncomeExpensesNet": -20494000,
        "incomeBeforeTax": 19244000,
        "incomeBeforeTaxRatio": 0.0101111098,
        "incomeTaxExpense": 7275000,
        "netIncome": 15328000,
        "netIncomeRatio": 0.0080535798,
        "eps": 0.18,
        "epsdiluted": 0.18,
        "weightedAverageShsOut": 88533010,
        "weightedAverageShsOutDil": 88554010,
        "link": "https://www.sec.gov/Archives/edgar/data/897723/000110465908049639/0001104659-08-049639-index.htm",
        "finalLink": "https://www.sec.gov/Archives/edgar/data/897723/000110465908049639/a08-18577_110q.htm"
    },
    {
        "date": "2008-03-29",
        "symbol": "SANM",
        "reportedCurrency": "USD",
        "cik": "0000897723",
        "fillingDate": "2008-05-06",
        "acceptedDate": "2008-05-06 17:05:19",
        "calendarYear": "2008",
        "period": "Q2",
        "revenue": 1817431000,
        "costOfRevenue": 1692786000,
        "grossProfit": 124645000,
        "grossProfitRatio": 0.0685830714,
        "researchAndDevelopmentExpenses": 4253000,
        "generalAndAdministrativeExpenses": 0,
        "sellingAndMarketingExpenses": 0,
        "sellingGeneralAndAdministrativeExpenses": 79336000,
        "otherExpenses": 1650000,
        "operatingExpenses": 85239000,
        "costAndExpenses": 1778025000,
        "interestIncome": 0,
        "interestExpense": 0,
        "depreciationAndAmortization": 24338000,
        "ebitda": 63744000,
        "ebitdaratio": 0.0350736837,
        "operatingIncome": -8613000,
        "operatingIncomeRatio": -0.004739107,
        "totalOtherIncomeExpensesNet": -22110000,
        "incomeBeforeTax": -30723000,
        "incomeBeforeTaxRatio": -0.0169046308,
        "incomeTaxExpense": 9214000,
        "netIncome": -24414000,
        "netIncomeRatio": -0.0134332473,
        "eps": -0.28,
        "epsdiluted": -0.28,
        "weightedAverageShsOut": 88457833,
        "weightedAverageShsOutDil": 88457833,
        "link": "https://www.sec.gov/Archives/edgar/data/897723/000110465908030344/0001104659-08-030344-index.htm",
        "finalLink": "https://www.sec.gov/Archives/edgar/data/897723/000110465908030344/a08-10451_110q.htm"
    },
    {
        "date": "2007-12-29",
        "symbol": "SANM",
        "reportedCurrency": "USD",
        "cik": "0000897723",
        "fillingDate": "2008-01-31",
        "acceptedDate": "2008-01-31 15:13:46",
        "calendarYear": "2008",
        "period": "Q1",
        "revenue": 2532926000,
        "costOfRevenue": 2379880000,
        "grossProfit": 153046000,
        "grossProfitRatio": 0.0604226101,
        "researchAndDevelopmentExpenses": 4606000,
        "generalAndAdministrativeExpenses": 0,
        "sellingAndMarketingExpenses": 0,
        "sellingGeneralAndAdministrativeExpenses": 93200000,
        "otherExpenses": 1650000,
        "operatingExpenses": 99456000,
        "costAndExpenses": 2479336000,
        "interestIncome": 0,
        "interestExpense": 0,
        "depreciationAndAmortization": 27707000,
        "ebitda": 81297000,
        "ebitdaratio": 0.0320960818,
        "operatingIncome": 46294000,
        "operatingIncomeRatio": 0.0182768861,
        "totalOtherIncomeExpensesNet": -33786000,
        "incomeBeforeTax": 12508000,
        "incomeBeforeTaxRatio": 0.0049381624,
        "incomeTaxExpense": 4592000,
        "netIncome": 7916000,
        "netIncomeRatio": 0.0031252393,
        "eps": 0.06,
        "epsdiluted": 0.06,
        "weightedAverageShsOut": 88275509,
        "weightedAverageShsOutDil": 88327176,
        "link": "https://www.sec.gov/Archives/edgar/data/897723/000110465908006110/0001104659-08-006110-index.htm",
        "finalLink": "https://www.sec.gov/Archives/edgar/data/897723/000110465908006110/a08-3970_110q.htm"
    },
    {
        "date": "2007-09-30",
        "symbol": "SANM",
        "reportedCurrency": "USD",
        "cik": "0000897723",
        "fillingDate": "2007-11-28",
        "acceptedDate": "2007-11-28 16:25:32",
        "calendarYear": "2007",
        "period": "Q4",
        "revenue": 2505416000,
        "costOfRevenue": 2377376000,
        "grossProfit": 128040000,
        "grossProfitRatio": 0.0511052855,
        "researchAndDevelopmentExpenses": 6016000,
        "generalAndAdministrativeExpenses": 0,
        "sellingAndMarketingExpenses": 0,
        "sellingGeneralAndAdministrativeExpenses": 92086000,
        "otherExpenses": 1101300000,
        "operatingExpenses": 1199402000,
        "costAndExpenses": 3576778000,
        "interestIncome": 0,
        "interestExpense": 0,
        "depreciationAndAmortization": 28004000,
        "ebitda": -1043358000,
        "ebitdaratio": -0.4164410222,
        "operatingIncome": -1087063000,
        "operatingIncomeRatio": -0.433885231,
        "totalOtherIncomeExpensesNet": -25203000,
        "incomeBeforeTax": -1112266000,
        "incomeBeforeTaxRatio": -0.4439446383,
        "incomeTaxExpense": -3132000,
        "netIncome": -1109134000,
        "netIncomeRatio": -0.4426945465,
        "eps": -12.62,
        "epsdiluted": -12.62,
        "weightedAverageShsOut": 87861010,
        "weightedAverageShsOutDil": 87900000,
        "link": "https://www.sec.gov/Archives/edgar/data/897723/000104746907009573/0001047469-07-009573-index.htm",
        "finalLink": "https://www.sec.gov/Archives/edgar/data/897723/000104746907009573/a2181292z10-k.htm"
    },
    {
        "date": "2007-06-30",
        "symbol": "SANM",
        "reportedCurrency": "USD",
        "cik": "0000897723",
        "fillingDate": "2007-08-06",
        "acceptedDate": "2007-08-03 20:34:13",
        "calendarYear": "2007",
        "period": "Q3",
        "revenue": 2488359000,
        "costOfRevenue": 2369584000,
        "grossProfit": 118775000,
        "grossProfitRatio": 0.0477322605,
        "researchAndDevelopmentExpenses": 6136000,
        "generalAndAdministrativeExpenses": 0,
        "sellingAndMarketingExpenses": 0,
        "sellingGeneralAndAdministrativeExpenses": 92281000,
        "otherExpenses": 1721000,
        "operatingExpenses": 100138000,
        "costAndExpenses": 2469722000,
        "interestIncome": 0,
        "interestExpense": 0,
        "depreciationAndAmortization": 29477000,
        "ebitda": 11898000,
        "ebitdaratio": 0.0047814644,
        "operatingIncome": 11898000,
        "operatingIncomeRatio": 0.0047814644,
        "totalOtherIncomeExpensesNet": -52044000,
        "incomeBeforeTax": -22733000,
        "incomeBeforeTaxRatio": -0.0091357397,
        "incomeTaxExpense": 4907000,
        "netIncome": -27640000,
        "netIncomeRatio": -0.011107722,
        "eps": -0.31,
        "epsdiluted": -0.31,
        "weightedAverageShsOut": 87848675,
        "weightedAverageShsOutDil": 87848675,
        "link": "https://www.sec.gov/Archives/edgar/data/897723/000110465907058866/0001104659-07-058866-index.htm",
        "finalLink": "https://www.sec.gov/Archives/edgar/data/897723/000110465907058866/a07-19282_110q.htm"
    },
    {
        "date": "2007-03-31",
        "symbol": "SANM",
        "reportedCurrency": "USD",
        "cik": "0000897723",
        "fillingDate": "2007-05-04",
        "acceptedDate": "2007-05-03 20:28:12",
        "calendarYear": "2007",
        "period": "Q2",
        "revenue": 2611689000,
        "costOfRevenue": 2473969000,
        "grossProfit": 137720000,
        "grossProfitRatio": 0.0527321592,
        "researchAndDevelopmentExpenses": 8971000,
        "generalAndAdministrativeExpenses": 0,
        "sellingAndMarketingExpenses": 0,
        "sellingGeneralAndAdministrativeExpenses": 93496000,
        "otherExpenses": 1611000,
        "operatingExpenses": 104078000,
        "costAndExpenses": 2578047000,
        "interestIncome": 0,
        "interestExpense": 0,
        "depreciationAndAmortization": 29254000,
        "ebitda": 43105000,
        "ebitdaratio": 0.0165046451,
        "operatingIncome": 14695000,
        "operatingIncomeRatio": 0.0056266271,
        "totalOtherIncomeExpensesNet": -19339000,
        "incomeBeforeTax": -22967000,
        "incomeBeforeTaxRatio": -0.0087939261,
        "incomeTaxExpense": 3165000,
        "netIncome": -26132000,
        "netIncomeRatio": -0.0100057855,
        "eps": -0.3,
        "epsdiluted": -0.3,
        "weightedAverageShsOut": 87850342,
        "weightedAverageShsOutDil": 87850342,
        "link": "https://www.sec.gov/Archives/edgar/data/897723/000110465907035640/0001104659-07-035640-index.htm",
        "finalLink": "https://www.sec.gov/Archives/edgar/data/897723/000110465907035640/a07-12997_110q.htm"
    },
    {
        "date": "2006-12-30",
        "symbol": "SANM",
        "reportedCurrency": "USD",
        "cik": "0000897723",
        "fillingDate": "2007-02-05",
        "acceptedDate": "2007-02-02 18:22:36",
        "calendarYear": "2007",
        "period": "Q1",
        "revenue": 2778790000,
        "costOfRevenue": 2610112000,
        "grossProfit": 168678000,
        "grossProfitRatio": 0.0607019602,
        "researchAndDevelopmentExpenses": 8962000,
        "generalAndAdministrativeExpenses": 0,
        "sellingAndMarketingExpenses": 0,
        "sellingGeneralAndAdministrativeExpenses": 96318000,
        "otherExpenses": 1650000,
        "operatingExpenses": 106930000,
        "costAndExpenses": 2717042000,
        "interestIncome": 0,
        "interestExpense": 0,
        "depreciationAndAmortization": 30459000,
        "ebitda": 92207000,
        "ebitdaratio": 0.0331824283,
        "operatingIncome": 58533000,
        "operatingIncomeRatio": 0.0210642042,
        "totalOtherIncomeExpensesNet": -21470000,
        "incomeBeforeTax": 37063000,
        "incomeBeforeTaxRatio": 0.0133378197,
        "incomeTaxExpense": 8814000,
        "netIncome": 28249000,
        "netIncomeRatio": 0.0101659355,
        "eps": 0.3,
        "epsdiluted": 0.3,
        "weightedAverageShsOut": 87851842,
        "weightedAverageShsOutDil": 88049842,
        "link": "https://www.sec.gov/Archives/edgar/data/897723/000110465907006960/0001104659-07-006960-index.htm",
        "finalLink": "https://www.sec.gov/Archives/edgar/data/897723/000110465907006960/a07-3226_110q.htm"
    },
    {
        "date": "2006-09-30",
        "symbol": "SANM",
        "reportedCurrency": "USD",
        "cik": "0000897723",
        "fillingDate": "2007-01-03",
        "acceptedDate": "2007-01-03 17:25:00",
        "calendarYear": "2006",
        "period": "Q4",
        "revenue": 2717306000,
        "costOfRevenue": 2590754000,
        "grossProfit": 126552000,
        "grossProfitRatio": 0.046572598,
        "researchAndDevelopmentExpenses": 9896000,
        "generalAndAdministrativeExpenses": 0,
        "sellingAndMarketingExpenses": 0,
        "sellingGeneralAndAdministrativeExpenses": 101408000,
        "otherExpenses": 16857000,
        "operatingExpenses": 128161000,
        "costAndExpenses": 2718915000,
        "interestIncome": 0,
        "interestExpense": 0,
        "depreciationAndAmortization": 35529000,
        "ebitda": 33920000,
        "ebitdaratio": 0.0124829519,
        "operatingIncome": -7425000,
        "operatingIncomeRatio": -0.0027324858,
        "totalOtherIncomeExpensesNet": -27323000,
        "incomeBeforeTax": -34748000,
        "incomeBeforeTaxRatio": -0.0127876654,
        "incomeTaxExpense": -9526000,
        "netIncome": -28087000,
        "netIncomeRatio": -0.0103363405,
        "eps": -0.32,
        "epsdiluted": -0.32,
        "weightedAverageShsOut": 87800000,
        "weightedAverageShsOutDil": 87800000,
        "link": "https://www.sec.gov/Archives/edgar/data/897723/000110465907000416/0001104659-07-000416-index.htm",
        "finalLink": "https://www.sec.gov/Archives/edgar/data/897723/000110465907000416/a06-25805_310k.htm"
    },
    {
        "date": "2006-07-01",
        "symbol": "SANM",
        "reportedCurrency": "USD",
        "cik": "0000897723",
        "fillingDate": "2006-12-13",
        "acceptedDate": "2006-12-13 17:19:38",
        "calendarYear": "2006",
        "period": "Q3",
        "revenue": 2707900000,
        "costOfRevenue": 2545762000,
        "grossProfit": 162138000,
        "grossProfitRatio": 0.0598759186,
        "researchAndDevelopmentExpenses": 10804000,
        "generalAndAdministrativeExpenses": 0,
        "sellingAndMarketingExpenses": 0,
        "sellingGeneralAndAdministrativeExpenses": 85936000,
        "otherExpenses": 7751000,
        "operatingExpenses": 104491000,
        "costAndExpenses": 2650253000,
        "interestIncome": 0,
        "interestExpense": 0,
        "depreciationAndAmortization": 31467000,
        "ebitda": 89114000,
        "ebitdaratio": 0.0329088962,
        "operatingIncome": -15146000,
        "operatingIncomeRatio": -0.0055932642,
        "totalOtherIncomeExpensesNet": -29498000,
        "incomeBeforeTax": -44644000,
        "incomeBeforeTaxRatio": -0.0164865763,
        "incomeTaxExpense": 10158000,
        "netIncome": -54802000,
        "netIncomeRatio": -0.0202378227,
        "eps": -0.62,
        "epsdiluted": -0.62,
        "weightedAverageShsOut": 87852009,
        "weightedAverageShsOutDil": 87852009,
        "link": "https://www.sec.gov/Archives/edgar/data/897723/000110465906081297/0001104659-06-081297-index.htm",
        "finalLink": "https://www.sec.gov/Archives/edgar/data/897723/000110465906081297/a06-15838_210q.htm"
    },
    {
        "date": "2006-04-01",
        "symbol": "SANM",
        "reportedCurrency": "USD",
        "cik": "0000897723",
        "fillingDate": "2006-05-11",
        "acceptedDate": "2006-05-11 17:23:31",
        "calendarYear": "2006",
        "period": "Q2",
        "revenue": 2668418000,
        "costOfRevenue": 2503810000,
        "grossProfit": 164608000,
        "grossProfitRatio": 0.0616874867,
        "researchAndDevelopmentExpenses": 10434000,
        "generalAndAdministrativeExpenses": 0,
        "sellingAndMarketingExpenses": 0,
        "sellingGeneralAndAdministrativeExpenses": 86890000,
        "otherExpenses": 2071000,
        "operatingExpenses": 99395000,
        "costAndExpenses": 2603205000,
        "interestIncome": 0,
        "interestExpense": 0,
        "depreciationAndAmortization": 36431000,
        "ebitda": 101436000,
        "ebitdaratio": 0.0380135346,
        "operatingIncome": 44620000,
        "operatingIncomeRatio": 0.0167215181,
        "totalOtherIncomeExpensesNet": -114123000,
        "incomeBeforeTax": -96861000,
        "incomeBeforeTaxRatio": -0.0362990356,
        "incomeTaxExpense": 6559000,
        "netIncome": -103420000,
        "netIncomeRatio": -0.0387570463,
        "eps": -1.18,
        "epsdiluted": -1.18,
        "weightedAverageShsOut": 87542667,
        "weightedAverageShsOutDil": 87542667,
        "link": "https://www.sec.gov/Archives/edgar/data/897723/000110465906033909/0001104659-06-033909-index.htm",
        "finalLink": "https://www.sec.gov/Archives/edgar/data/897723/000110465906033909/a06-11644_110q.htm"
    },
    {
        "date": "2005-12-31",
        "symbol": "SANM",
        "reportedCurrency": "USD",
        "cik": "0000897723",
        "fillingDate": "2006-02-09",
        "acceptedDate": "2006-02-09 17:17:14",
        "calendarYear": "2006",
        "period": "Q1",
        "revenue": 2861797000,
        "costOfRevenue": 2692117000,
        "grossProfit": 169680000,
        "grossProfitRatio": 0.0592914172,
        "researchAndDevelopmentExpenses": 8917000,
        "generalAndAdministrativeExpenses": 0,
        "sellingAndMarketingExpenses": 0,
        "sellingGeneralAndAdministrativeExpenses": 88535000,
        "otherExpenses": 2408000,
        "operatingExpenses": 99860000,
        "costAndExpenses": 2791977000,
        "interestIncome": 0,
        "interestExpense": 0,
        "depreciationAndAmortization": 35170000,
        "ebitda": 102274000,
        "ebitdaratio": 0.0357376851,
        "operatingIncome": 34192000,
        "operatingIncomeRatio": 0.0119477377,
        "totalOtherIncomeExpensesNet": -35450000,
        "incomeBeforeTax": 6923000,
        "incomeBeforeTaxRatio": 0.0024191094,
        "incomeTaxExpense": -12957000,
        "netIncome": 24632000,
        "netIncomeRatio": 0.0086071793,
        "eps": 0.18,
        "epsdiluted": 0.18,
        "weightedAverageShsOut": 87385341,
        "weightedAverageShsOutDil": 87449174,
        "link": "https://www.sec.gov/Archives/edgar/data/897723/000110465906007465/0001104659-06-007465-index.htm",
        "finalLink": "https://www.sec.gov/Archives/edgar/data/897723/000110465906007465/a06-4555_110q.htm"
    },
    {
        "date": "2005-09-30",
        "symbol": "SANM",
        "reportedCurrency": "USD",
        "cik": "0000897723",
        "fillingDate": "2005-12-29",
        "acceptedDate": "2005-12-29 13:40:30",
        "calendarYear": "2005",
        "period": "Q4",
        "revenue": 2765302000,
        "costOfRevenue": 2612219000,
        "grossProfit": 153083000,
        "grossProfitRatio": 0.0553585106,
        "researchAndDevelopmentExpenses": 7599000,
        "generalAndAdministrativeExpenses": 0,
        "sellingAndMarketingExpenses": 0,
        "sellingGeneralAndAdministrativeExpenses": 83990000,
        "otherExpenses": 2690000,
        "operatingExpenses": 94279000,
        "costAndExpenses": 2706498000,
        "interestIncome": 0,
        "interestExpense": 0,
        "depreciationAndAmortization": 43074000,
        "ebitda": 101878000,
        "ebitdaratio": 0.0368415457,
        "operatingIncome": 39289000,
        "operatingIncomeRatio": 0.0142078514,
        "totalOtherIncomeExpensesNet": -27247000,
        "incomeBeforeTax": 12042000,
        "incomeBeforeTaxRatio": 0.0043546781,
        "incomeTaxExpense": 6700000,
        "netIncome": 5342000,
        "netIncomeRatio": 0.0019317962,
        "eps": -0.0921,
        "epsdiluted": -0.0921,
        "weightedAverageShsOut": 86299244,
        "weightedAverageShsOutDil": 86900000,
        "link": "https://www.sec.gov/Archives/edgar/data/897723/000110465905063029/0001104659-05-063029-index.htm",
        "finalLink": "https://www.sec.gov/Archives/edgar/data/897723/000110465905063029/a05-21815_410k.htm"
    },
    {
        "date": "2005-07-02",
        "symbol": "SANM",
        "reportedCurrency": "USD",
        "cik": "0000897723",
        "fillingDate": "2005-08-10",
        "acceptedDate": "2005-08-10 17:06:48",
        "calendarYear": "2005",
        "period": "Q3",
        "revenue": 2831264000,
        "costOfRevenue": 2670438000,
        "grossProfit": 160826000,
        "grossProfitRatio": 0.0568036043,
        "researchAndDevelopmentExpenses": 7364000,
        "generalAndAdministrativeExpenses": 0,
        "sellingAndMarketingExpenses": 0,
        "sellingGeneralAndAdministrativeExpenses": 92091000,
        "otherExpenses": 1894000,
        "operatingExpenses": 101349000,
        "costAndExpenses": 2771787000,
        "interestIncome": 0,
        "interestExpense": 0,
        "depreciationAndAmortization": 40112000,
        "ebitda": 82781000,
        "ebitdaratio": 0.0292381777,
        "operatingIncome": 39283000,
        "operatingIncomeRatio": 0.0138747217,
        "totalOtherIncomeExpensesNet": -16771000,
        "incomeBeforeTax": 5857000,
        "incomeBeforeTaxRatio": 0.0020686873,
        "incomeTaxExpense": 6059000,
        "netIncome": -202000,
        "netIncomeRatio": -7.13462e-05,
        "eps": -0.0023,
        "epsdiluted": -0.0023,
        "weightedAverageShsOut": 86930840,
        "weightedAverageShsOutDil": 86930840,
        "link": "https://www.sec.gov/Archives/edgar/data/897723/000110465905038330/0001104659-05-038330-index.htm",
        "finalLink": "https://www.sec.gov/Archives/edgar/data/897723/000110465905038330/a05-13169_110q.htm"
    },
    {
        "date": "2005-04-02",
        "symbol": "SANM",
        "reportedCurrency": "USD",
        "cik": "0000897723",
        "fillingDate": "2005-05-12",
        "acceptedDate": "2005-05-12 17:09:38",
        "calendarYear": "2005",
        "period": "Q2",
        "revenue": 2885402000,
        "costOfRevenue": 2735235000,
        "grossProfit": 150167000,
        "grossProfitRatio": 0.0520437014,
        "researchAndDevelopmentExpenses": 7278000,
        "generalAndAdministrativeExpenses": 0,
        "sellingAndMarketingExpenses": 0,
        "sellingGeneralAndAdministrativeExpenses": 87084000,
        "otherExpenses": 602240000,
        "operatingExpenses": 696602000,
        "costAndExpenses": 3431837000,
        "interestIncome": 0,
        "interestExpense": 0,
        "depreciationAndAmortization": 47432000,
        "ebitda": -604071000,
        "ebitdaratio": -0.2093541905,
        "operatingIncome": -604071000,
        "operatingIncomeRatio": -0.2093541905,
        "totalOtherIncomeExpensesNet": -41011000,
        "incomeBeforeTax": -645082000,
        "incomeBeforeTaxRatio": -0.2235674613,
        "incomeTaxExpense": 390426000,
        "netIncome": -1035508000,
        "netIncomeRatio": -0.358878243,
        "eps": -11.96,
        "epsdiluted": -11.96,
        "weightedAverageShsOut": 86616667,
        "weightedAverageShsOutDil": 86616667,
        "link": "https://www.sec.gov/Archives/edgar/data/897723/000110465905023016/0001104659-05-023016-index.htm",
        "finalLink": "https://www.sec.gov/Archives/edgar/data/897723/000110465905023016/a05-9209_110q.htm"
    },
    {
        "date": "2005-01-01",
        "symbol": "SANM",
        "reportedCurrency": "USD",
        "cik": "0000897723",
        "fillingDate": "2005-02-10",
        "acceptedDate": "2005-02-10 17:21:07",
        "calendarYear": "2005",
        "period": "Q1",
        "revenue": 3252706000,
        "costOfRevenue": 3075739000,
        "grossProfit": 176967000,
        "grossProfitRatio": 0.0544060853,
        "researchAndDevelopmentExpenses": 7490000,
        "generalAndAdministrativeExpenses": 0,
        "sellingAndMarketingExpenses": 0,
        "sellingGeneralAndAdministrativeExpenses": 87309000,
        "otherExpenses": 2144000,
        "operatingExpenses": 96943000,
        "costAndExpenses": 3172682000,
        "interestIncome": 0,
        "interestExpense": 0,
        "depreciationAndAmortization": 47706000,
        "ebitda": 127730000,
        "ebitdaratio": 0.0392688426,
        "operatingIncome": 59599000,
        "operatingIncomeRatio": 0.0183228979,
        "totalOtherIncomeExpensesNet": -26279000,
        "incomeBeforeTax": 33320000,
        "incomeBeforeTaxRatio": 0.0102437786,
        "incomeTaxExpense": 8954000,
        "netIncome": 24366000,
        "netIncomeRatio": 0.0074909937,
        "eps": 0.3,
        "epsdiluted": 0.3,
        "weightedAverageShsOut": 86534339,
        "weightedAverageShsOutDil": 87501508,
        "link": "https://www.sec.gov/Archives/edgar/data/897723/000110465905005305/0001104659-05-005305-index.htm",
        "finalLink": "https://www.sec.gov/Archives/edgar/data/897723/000110465905005305/a05-3150_110q.htm"
    },
    {
        "date": "2004-09-30",
        "symbol": "SANM",
        "reportedCurrency": "USD",
        "cik": "0000897723",
        "fillingDate": "2004-12-29",
        "acceptedDate": "2004-12-29 17:20:06",
        "calendarYear": "2004",
        "period": "Q4",
        "revenue": 3302157000,
        "costOfRevenue": 3126747000,
        "grossProfit": 175410000,
        "grossProfitRatio": 0.0531198244,
        "researchAndDevelopmentExpenses": 8157000,
        "generalAndAdministrativeExpenses": 0,
        "sellingAndMarketingExpenses": 0,
        "sellingGeneralAndAdministrativeExpenses": 91608000,
        "otherExpenses": 2247000,
        "operatingExpenses": 102012000,
        "costAndExpenses": 3228759000,
        "interestIncome": 0,
        "interestExpense": 0,
        "depreciationAndAmortization": 48292000,
        "ebitda": 121690000,
        "ebitdaratio": 0.03685167,
        "operatingIncome": 44473000,
        "operatingIncomeRatio": 0.0134678636,
        "totalOtherIncomeExpensesNet": -30693000,
        "incomeBeforeTax": 13780000,
        "incomeBeforeTaxRatio": 0.0041730299,
        "incomeTaxExpense": 12025000,
        "netIncome": 5338000,
        "netIncomeRatio": 0.0016165191,
        "eps": 0.0614,
        "epsdiluted": 0.0614,
        "weightedAverageShsOut": 86300000,
        "weightedAverageShsOutDil": 86300000,
        "link": "https://www.sec.gov/Archives/edgar/data/897723/000104746904038573/0001047469-04-038573-index.htm",
        "finalLink": "https://www.sec.gov/Archives/edgar/data/897723/000104746904038573/a2147074z10-k.htm"
    },
    {
        "date": "2004-06-26",
        "symbol": "SANM",
        "reportedCurrency": "USD",
        "cik": "0000897723",
        "fillingDate": "2004-08-09",
        "acceptedDate": "2004-08-09 11:44:37",
        "calendarYear": "2004",
        "period": "Q3",
        "revenue": 3069783000,
        "costOfRevenue": 2911260000,
        "grossProfit": 158523000,
        "grossProfitRatio": 0.0516398065,
        "researchAndDevelopmentExpenses": 7326000,
        "generalAndAdministrativeExpenses": 0,
        "sellingAndMarketingExpenses": 0,
        "sellingGeneralAndAdministrativeExpenses": 85028000,
        "otherExpenses": 2320000,
        "operatingExpenses": 94674000,
        "costAndExpenses": 3005934000,
        "interestIncome": 0,
        "interestExpense": 0,
        "depreciationAndAmortization": 46151000,
        "ebitda": 110000000,
        "ebitdaratio": 0.0358331517,
        "operatingIncome": 46500000,
        "operatingIncomeRatio": 0.0151476505,
        "totalOtherIncomeExpensesNet": -36851000,
        "incomeBeforeTax": 9649000,
        "incomeBeforeTaxRatio": 0.0031432189,
        "incomeTaxExpense": -1702000,
        "netIncome": 11351000,
        "netIncomeRatio": 0.0036976555,
        "eps": 0.12,
        "epsdiluted": 0.12,
        "weightedAverageShsOut": 86195672,
        "weightedAverageShsOutDil": 88046009,
        "link": "https://www.sec.gov/Archives/edgar/data/897723/000095013404011718/0000950134-04-011718-index.htm",
        "finalLink": "https://www.sec.gov/Archives/edgar/data/897723/000095013404011718/f00896e10vq.htm"
    },
    {
        "date": "2004-03-27",
        "symbol": "SANM",
        "reportedCurrency": "USD",
        "cik": "0000897723",
        "fillingDate": "2004-05-11",
        "acceptedDate": "2004-05-10 19:17:34",
        "calendarYear": "2004",
        "period": "Q2",
        "revenue": 2862386000,
        "costOfRevenue": 2717287000,
        "grossProfit": 145099000,
        "grossProfitRatio": 0.0506916258,
        "researchAndDevelopmentExpenses": 7020000,
        "generalAndAdministrativeExpenses": 0,
        "sellingAndMarketingExpenses": 0,
        "sellingGeneralAndAdministrativeExpenses": 81304000,
        "otherExpenses": 4332000,
        "operatingExpenses": 92656000,
        "costAndExpenses": 2809943000,
        "interestIncome": 0,
        "interestExpense": 0,
        "depreciationAndAmortization": 46785000,
        "ebitda": 99228000,
        "ebitdaratio": 0.0346661841,
        "operatingIncome": -31461000,
        "operatingIncomeRatio": -0.0109911801,
        "totalOtherIncomeExpensesNet": -26323000,
        "incomeBeforeTax": -57784000,
        "incomeBeforeTaxRatio": -0.0201873542,
        "incomeTaxExpense": -13928000,
        "netIncome": -43856000,
        "netIncomeRatio": -0.0153214835,
        "eps": -0.51,
        "epsdiluted": -0.51,
        "weightedAverageShsOut": 85820667,
        "weightedAverageShsOutDil": 85820667,
        "link": "https://www.sec.gov/Archives/edgar/data/897723/000089161804000988/0000891618-04-000988-index.htm",
        "finalLink": "https://www.sec.gov/Archives/edgar/data/897723/000089161804000988/f98758e10vq.htm"
    },
    {
        "date": "2003-12-27",
        "symbol": "SANM",
        "reportedCurrency": "USD",
        "cik": "0000897723",
        "fillingDate": "2004-02-09",
        "acceptedDate": "2004-02-09 17:30:54",
        "calendarYear": "2004",
        "period": "Q1",
        "revenue": 2970281000,
        "costOfRevenue": 2829090000,
        "grossProfit": 141191000,
        "grossProfitRatio": 0.0475345599,
        "researchAndDevelopmentExpenses": 6899000,
        "generalAndAdministrativeExpenses": 0,
        "sellingAndMarketingExpenses": 0,
        "sellingGeneralAndAdministrativeExpenses": 77046000,
        "otherExpenses": -44962000,
        "operatingExpenses": 38983000,
        "costAndExpenses": 2868073000,
        "interestIncome": 0,
        "interestExpense": 0,
        "depreciationAndAmortization": 49676000,
        "ebitda": 151884000,
        "ebitdaratio": 0.051134556,
        "operatingIncome": 95002000,
        "operatingIncomeRatio": 0.0319841793,
        "totalOtherIncomeExpensesNet": -76228000,
        "incomeBeforeTax": 18774000,
        "incomeBeforeTaxRatio": 0.0063206141,
        "incomeTaxExpense": 3005000,
        "netIncome": 15769000,
        "netIncomeRatio": 0.0053089253,
        "eps": 0.18,
        "epsdiluted": 0.18,
        "weightedAverageShsOut": 85563337,
        "weightedAverageShsOutDil": 87726342,
        "link": "https://www.sec.gov/Archives/edgar/data/897723/000089161804000515/0000891618-04-000515-index.htm",
        "finalLink": "https://www.sec.gov/Archives/edgar/data/897723/000089161804000515/f96223e10vq.htm"
    },
    {
        "date": "2003-09-30",
        "symbol": "SANM",
        "reportedCurrency": "USD",
        "cik": "0000897723",
        "fillingDate": "2003-12-09",
        "acceptedDate": "2003-12-09 17:24:55",
        "calendarYear": "2003",
        "period": "Q4",
        "revenue": 2732013000,
        "costOfRevenue": 2602859000,
        "grossProfit": 129154000,
        "grossProfitRatio": 0.0472742992,
        "researchAndDevelopmentExpenses": 14952000,
        "generalAndAdministrativeExpenses": 0,
        "sellingAndMarketingExpenses": 0,
        "sellingGeneralAndAdministrativeExpenses": 64869000,
        "otherExpenses": 104037000,
        "operatingExpenses": 168906000,
        "costAndExpenses": 2771765000,
        "interestIncome": 0,
        "interestExpense": 0,
        "depreciationAndAmortization": 47555000,
        "ebitda": 7803000,
        "ebitdaratio": 0.0028561358,
        "operatingIncome": -65398000,
        "operatingIncomeRatio": -0.0239376606,
        "totalOtherIncomeExpensesNet": -55938000,
        "incomeBeforeTax": -121336000,
        "incomeBeforeTaxRatio": -0.044412673,
        "incomeTaxExpense": -35683000,
        "netIncome": -85653000,
        "netIncomeRatio": -0.0313516078,
        "eps": -1.01,
        "epsdiluted": -1.01,
        "weightedAverageShsOut": 85100000,
        "weightedAverageShsOutDil": 85100000,
        "link": "https://www.sec.gov/Archives/edgar/data/897723/000089161803006226/0000891618-03-006226-index.htm",
        "finalLink": "https://www.sec.gov/Archives/edgar/data/897723/000089161803006226/f94972e10vk.htm"
    },
    {
        "date": "2003-06-28",
        "symbol": "SANM",
        "reportedCurrency": "USD",
        "cik": "0000897723",
        "fillingDate": "2003-08-11",
        "acceptedDate": "2003-08-11 17:21:54",
        "calendarYear": "2003",
        "period": "Q3",
        "revenue": 2648907000,
        "costOfRevenue": 2529271000,
        "grossProfit": 119636000,
        "grossProfitRatio": 0.0451642885,
        "researchAndDevelopmentExpenses": 0,
        "generalAndAdministrativeExpenses": 0,
        "sellingAndMarketingExpenses": 0,
        "sellingGeneralAndAdministrativeExpenses": 81348000,
        "otherExpenses": 3515000,
        "operatingExpenses": 84863000,
        "costAndExpenses": 2614134000,
        "interestIncome": 0,
        "interestExpense": 0,
        "depreciationAndAmortization": 55290000,
        "ebitda": 90063000,
        "ebitdaratio": 0.0340000612,
        "operatingIncome": 17997000,
        "operatingIncomeRatio": 0.006794123,
        "totalOtherIncomeExpensesNet": -36167000,
        "incomeBeforeTax": -18170000,
        "incomeBeforeTaxRatio": -0.006859433,
        "incomeTaxExpense": -5996000,
        "netIncome": -12174000,
        "netIncomeRatio": -0.0045958578,
        "eps": -0.14,
        "epsdiluted": -0.14,
        "weightedAverageShsOut": 85062170,
        "weightedAverageShsOutDil": 85062170,
        "link": "https://www.sec.gov/Archives/edgar/data/897723/000089161803004269/0000891618-03-004269-index.htm",
        "finalLink": "https://www.sec.gov/Archives/edgar/data/897723/000089161803004269/f91963e10vq.htm"
    },
    {
        "date": "2003-03-29",
        "symbol": "SANM",
        "reportedCurrency": "USD",
        "cik": "0000897723",
        "fillingDate": "2003-05-14",
        "acceptedDate": "2003-05-13 21:58:53",
        "calendarYear": "2003",
        "period": "Q2",
        "revenue": 2443553000,
        "costOfRevenue": 2338830000,
        "grossProfit": 104723000,
        "grossProfitRatio": 0.0428568564,
        "researchAndDevelopmentExpenses": 0,
        "generalAndAdministrativeExpenses": 0,
        "sellingAndMarketingExpenses": 0,
        "sellingGeneralAndAdministrativeExpenses": 77225000,
        "otherExpenses": 5591000,
        "operatingExpenses": 82816000,
        "costAndExpenses": 2421646000,
        "interestIncome": 0,
        "interestExpense": 0,
        "depreciationAndAmortization": 58124000,
        "ebitda": 80031000,
        "ebitdaratio": 0.0327518986,
        "operatingIncome": -18042000,
        "operatingIncomeRatio": -0.0073835108,
        "totalOtherIncomeExpensesNet": -29452000,
        "incomeBeforeTax": -47494000,
        "incomeBeforeTaxRatio": -0.0194364518,
        "incomeTaxExpense": -15673000,
        "netIncome": -31821000,
        "netIncomeRatio": -0.0130224309,
        "eps": -0.37,
        "epsdiluted": -0.37,
        "weightedAverageShsOut": 84895833,
        "weightedAverageShsOutDil": 84895833,
        "link": "https://www.sec.gov/Archives/edgar/data/897723/000089161803002511/0000891618-03-002511-index.htm",
        "finalLink": "https://www.sec.gov/Archives/edgar/data/897723/000089161803002511/f90112e10vq.htm"
    },
    {
        "date": "2002-12-28",
        "symbol": "SANM",
        "reportedCurrency": "USD",
        "cik": "0000897723",
        "fillingDate": "2003-02-11",
        "acceptedDate": "2003-02-11 17:12:20",
        "calendarYear": "2003",
        "period": "Q1",
        "revenue": 2536961000,
        "costOfRevenue": 2428004000,
        "grossProfit": 108957000,
        "grossProfitRatio": 0.0429478419,
        "researchAndDevelopmentExpenses": 0,
        "generalAndAdministrativeExpenses": 0,
        "sellingAndMarketingExpenses": 0,
        "sellingGeneralAndAdministrativeExpenses": 83292000,
        "otherExpenses": 4005000,
        "operatingExpenses": 87297000,
        "costAndExpenses": 2515301000,
        "interestIncome": 0,
        "interestExpense": 0,
        "depreciationAndAmortization": 61631000,
        "ebitda": 83291000,
        "ebitdaratio": 0.0328310132,
        "operatingIncome": -12433000,
        "operatingIncomeRatio": -0.0049007454,
        "totalOtherIncomeExpensesNet": 1226000,
        "incomeBeforeTax": -11207000,
        "incomeBeforeTaxRatio": -0.0044174901,
        "incomeTaxExpense": -3698000,
        "netIncome": -7509000,
        "netIncomeRatio": -0.0029598405,
        "eps": -0.0884,
        "epsdiluted": -0.0884,
        "weightedAverageShsOut": 84928003,
        "weightedAverageShsOutDil": 84928003,
        "link": "https://www.sec.gov/Archives/edgar/data/897723/000089161803000721/0000891618-03-000721-index.htm",
        "finalLink": "https://www.sec.gov/Archives/edgar/data/897723/000089161803000721/f87482e10vq.htm"
    },
    {
        "date": "2002-09-30",
        "symbol": "SANM",
        "reportedCurrency": "USD",
        "cik": "0000897723",
        "fillingDate": "2002-12-04",
        "acceptedDate": "2002-12-04 15:11:54",
        "calendarYear": "2002",
        "period": "Q4",
        "revenue": 2602302000,
        "costOfRevenue": 2492217000,
        "grossProfit": 110085000,
        "grossProfitRatio": 0.0423029303,
        "researchAndDevelopmentExpenses": 0,
        "generalAndAdministrativeExpenses": 0,
        "sellingAndMarketingExpenses": 0,
        "sellingGeneralAndAdministrativeExpenses": 78422000,
        "otherExpenses": 2671732000,
        "operatingExpenses": 2750154000,
        "costAndExpenses": 5242371000,
        "interestIncome": 0,
        "interestExpense": 0,
        "depreciationAndAmortization": 61713000,
        "ebitda": 3188000,
        "ebitdaratio": 0.0012250692,
        "operatingIncome": -2689417000,
        "operatingIncomeRatio": -1.03347613,
        "totalOtherIncomeExpensesNet": 5282000,
        "incomeBeforeTax": -2684135000,
        "incomeBeforeTaxRatio": -1.0314463886,
        "incomeTaxExpense": -76913000,
        "netIncome": -2607222000,
        "netIncomeRatio": -1.0018906338,
        "eps": -30.6,
        "epsdiluted": -30.6,
        "weightedAverageShsOut": 85200000,
        "weightedAverageShsOutDil": 85200000,
        "link": "https://www.sec.gov/Archives/edgar/data/897723/000089161802005406/0000891618-02-005406-index.htm",
        "finalLink": "https://www.sec.gov/Archives/edgar/data/897723/000089161802005406/f86269e10vk.htm"
    },
    {
        "date": "2002-06-29",
        "symbol": "SANM",
        "reportedCurrency": "USD",
        "cik": "0000897723",
        "fillingDate": "2002-08-12",
        "acceptedDate": "2002-08-12 15:29:31",
        "calendarYear": "2002",
        "period": "Q3",
        "revenue": 2617626000,
        "costOfRevenue": 2508300000,
        "grossProfit": 109326000,
        "grossProfitRatio": 0.0417653248,
        "researchAndDevelopmentExpenses": 0,
        "generalAndAdministrativeExpenses": 0,
        "sellingAndMarketingExpenses": 0,
        "sellingGeneralAndAdministrativeExpenses": 78608000,
        "otherExpenses": 1296000,
        "operatingExpenses": 79904000,
        "costAndExpenses": 2588204000,
        "interestIncome": 0,
        "interestExpense": 0,
        "depreciationAndAmortization": 59275000,
        "ebitda": 88697000,
        "ebitdaratio": 0.0338845198,
        "operatingIncome": 17856000,
        "operatingIncomeRatio": 0.0068214481,
        "totalOtherIncomeExpensesNet": -24803000,
        "incomeBeforeTax": -6947000,
        "incomeBeforeTaxRatio": -0.0026539315,
        "incomeTaxExpense": -1953000,
        "netIncome": -4994000,
        "netIncomeRatio": -0.0019078356,
        "eps": -0.0576,
        "epsdiluted": -0.0576,
        "weightedAverageShsOut": 86671673,
        "weightedAverageShsOutDil": 86671673,
        "link": "https://www.sec.gov/Archives/edgar/data/897723/000089161802003723/0000891618-02-003723-index.htm",
        "finalLink": "https://www.sec.gov/Archives/edgar/data/897723/000089161802003723/f83520e10vq.htm"
    },
    {
        "date": "2002-03-30",
        "symbol": "SANM",
        "reportedCurrency": "USD",
        "cik": "0000897723",
        "fillingDate": "2002-05-13",
        "acceptedDate": "2002-05-13 17:30:07",
        "calendarYear": "2002",
        "period": "Q2",
        "revenue": 2411241000,
        "costOfRevenue": 2309059000,
        "grossProfit": 102182000,
        "grossProfitRatio": 0.0423773484,
        "researchAndDevelopmentExpenses": 0,
        "generalAndAdministrativeExpenses": 0,
        "sellingAndMarketingExpenses": 0,
        "sellingGeneralAndAdministrativeExpenses": 78607000,
        "otherExpenses": 1251000,
        "operatingExpenses": 79858000,
        "costAndExpenses": 2388917000,
        "interestIncome": 0,
        "interestExpense": 0,
        "depreciationAndAmortization": 74400000,
        "ebitda": 96724000,
        "ebitdaratio": 0.0401137837,
        "operatingIncome": -29573000,
        "operatingIncomeRatio": -0.0122646388,
        "totalOtherIncomeExpensesNet": -22117000,
        "incomeBeforeTax": -51690000,
        "incomeBeforeTaxRatio": -0.021437094,
        "incomeTaxExpense": -12376000,
        "netIncome": -39314000,
        "netIncomeRatio": -0.0163044673,
        "eps": -0.45,
        "epsdiluted": -0.45,
        "weightedAverageShsOut": 86960333,
        "weightedAverageShsOutDil": 86960333,
        "link": "https://www.sec.gov/Archives/edgar/data/897723/000089161802002348/0000891618-02-002348-index.htm",
        "finalLink": "https://www.sec.gov/Archives/edgar/data/897723/000089161802002348/f81396e10-q.htm"
    },
    {
        "date": "2001-12-29",
        "symbol": "SANM",
        "reportedCurrency": "USD",
        "cik": "0000897723",
        "fillingDate": "2002-02-12",
        "acceptedDate": "2002-02-12 00:00:00",
        "calendarYear": "2002",
        "period": "Q1",
        "revenue": 1130461000,
        "costOfRevenue": 1077354000,
        "grossProfit": 53107000,
        "grossProfitRatio": 0.0469781797,
        "researchAndDevelopmentExpenses": 0,
        "generalAndAdministrativeExpenses": 0,
        "sellingAndMarketingExpenses": 0,
        "sellingGeneralAndAdministrativeExpenses": 51988000,
        "otherExpenses": 1478000,
        "operatingExpenses": 53466000,
        "costAndExpenses": 1130820000,
        "interestIncome": 0,
        "interestExpense": 0,
        "depreciationAndAmortization": 54184000,
        "ebitda": 53825000,
        "ebitdaratio": 0.0476133188,
        "operatingIncome": -63050000,
        "operatingIncomeRatio": -0.0557737065,
        "totalOtherIncomeExpensesNet": -9071000,
        "incomeBeforeTax": -72121000,
        "incomeBeforeTaxRatio": -0.0637978665,
        "incomeTaxExpense": -26898000,
        "netIncome": -45223000,
        "netIncomeRatio": -0.0400040338,
        "eps": -0.72,
        "epsdiluted": -0.72,
        "weightedAverageShsOut": 62480624,
        "weightedAverageShsOutDil": 62480624,
        "link": "https://www.sec.gov/Archives/edgar/data/897723/000089161802000598/0000891618-02-000598-index.htm",
        "finalLink": "https://www.sec.gov/Archives/edgar/data/897723/000089161802000598/f79023e10-q.txt"
    },
    {
        "date": "2001-09-30",
        "symbol": "SANM",
        "reportedCurrency": "USD",
        "cik": "0000897723",
        "fillingDate": "2001-12-21",
        "acceptedDate": "2001-12-21 00:00:00",
        "calendarYear": "2001",
        "period": "Q4",
        "revenue": 600737000,
        "costOfRevenue": 611812000,
        "grossProfit": -11075000,
        "grossProfitRatio": -0.0184356882,
        "researchAndDevelopmentExpenses": 0,
        "generalAndAdministrativeExpenses": 0,
        "sellingAndMarketingExpenses": 0,
        "sellingGeneralAndAdministrativeExpenses": 53334000,
        "otherExpenses": 46310000,
        "operatingExpenses": 99644000,
        "costAndExpenses": 711456000,
        "interestIncome": 0,
        "interestExpense": 0,
        "depreciationAndAmortization": 25671000,
        "ebitda": -85048000,
        "ebitdaratio": -0.1415727681,
        "operatingIncome": -254467000,
        "operatingIncomeRatio": -0.4235913553,
        "totalOtherIncomeExpensesNet": 2450000,
        "incomeBeforeTax": -252017000,
        "incomeBeforeTaxRatio": -0.4195130315,
        "incomeTaxExpense": -84170000,
        "netIncome": -167847000,
        "netIncomeRatio": -0.2794018015,
        "eps": -3.14,
        "epsdiluted": -3.14,
        "weightedAverageShsOut": 53494775,
        "weightedAverageShsOutDil": 53500000,
        "link": "https://www.sec.gov/Archives/edgar/data/897723/000089161801502766/0000891618-01-502766-index.htm",
        "finalLink": "https://www.sec.gov/Archives/edgar/data/897723/000089161801502766/f77323e10-k.txt"
    },
    {
        "date": "2001-06-30",
        "symbol": "SANM",
        "reportedCurrency": "USD",
        "cik": "0000897723",
        "fillingDate": "2001-08-10",
        "acceptedDate": "2001-08-10 00:00:00",
        "calendarYear": "2001",
        "period": "Q3",
        "revenue": 776602000,
        "costOfRevenue": 680231000,
        "grossProfit": 96371000,
        "grossProfitRatio": 0.1240931648,
        "researchAndDevelopmentExpenses": 0,
        "generalAndAdministrativeExpenses": 0,
        "sellingAndMarketingExpenses": 0,
        "sellingGeneralAndAdministrativeExpenses": 42069000,
        "otherExpenses": 6681000,
        "operatingExpenses": 48750000,
        "costAndExpenses": 728981000,
        "interestIncome": 0,
        "interestExpense": 0,
        "depreciationAndAmortization": 43897000,
        "ebitda": 91518000,
        "ebitdaratio": 0.1178441467,
        "operatingIncome": 44662000,
        "operatingIncomeRatio": 0.0575095094,
        "totalOtherIncomeExpensesNet": 3881000,
        "incomeBeforeTax": 48543000,
        "incomeBeforeTaxRatio": 0.0625069212,
        "incomeTaxExpense": 18446000,
        "netIncome": 30097000,
        "netIncomeRatio": 0.0387547289,
        "eps": 0.54,
        "epsdiluted": 0.54,
        "weightedAverageShsOut": 53501940,
        "weightedAverageShsOutDil": 55514777,
        "link": "https://www.sec.gov/Archives/edgar/data/897723/000109581101503952/0001095811-01-503952-index.htm",
        "finalLink": "https://www.sec.gov/Archives/edgar/data/897723/000109581101503952/f74884e10-q.txt"
    },
    {
        "date": "2001-03-31",
        "symbol": "SANM",
        "reportedCurrency": "USD",
        "cik": "0000897723",
        "fillingDate": "2001-05-11",
        "acceptedDate": "2001-05-11 00:00:00",
        "calendarYear": "2001",
        "period": "Q2",
        "revenue": 1191138000,
        "costOfRevenue": 997863000,
        "grossProfit": 193275000,
        "grossProfitRatio": 0.162260796,
        "researchAndDevelopmentExpenses": 0,
        "generalAndAdministrativeExpenses": 0,
        "sellingAndMarketingExpenses": 0,
        "sellingGeneralAndAdministrativeExpenses": 68071000,
        "otherExpenses": 6699000,
        "operatingExpenses": 74770000,
        "costAndExpenses": 1072633000,
        "interestIncome": 0,
        "interestExpense": 0,
        "depreciationAndAmortization": 56208000,
        "ebitda": 174713000,
        "ebitdaratio": 0.1466773791,
        "operatingIncome": 93557000,
        "operatingIncomeRatio": 0.0785442157,
        "totalOtherIncomeExpensesNet": 6838000,
        "incomeBeforeTax": 100395000,
        "incomeBeforeTaxRatio": 0.0842849443,
        "incomeTaxExpense": 38150000,
        "netIncome": 62245000,
        "netIncomeRatio": 0.0522567494,
        "eps": 1.2,
        "epsdiluted": 1.14,
        "weightedAverageShsOut": 53146606,
        "weightedAverageShsOutDil": 58169283,
        "link": "https://www.sec.gov/Archives/edgar/data/897723/000089161801500671/0000891618-01-500671-index.htm",
        "finalLink": "https://www.sec.gov/Archives/edgar/data/897723/000089161801500671/f72056e10-q.txt"
    },
    {
        "date": "2000-12-30",
        "symbol": "SANM",
        "reportedCurrency": "USD",
        "cik": "0000897723",
        "fillingDate": "2001-02-13",
        "acceptedDate": "2001-02-13 00:00:00",
        "calendarYear": "2001",
        "period": "Q1",
        "revenue": 1390343000,
        "costOfRevenue": 1144394000,
        "grossProfit": 245949000,
        "grossProfitRatio": 0.1768980748,
        "researchAndDevelopmentExpenses": 0,
        "generalAndAdministrativeExpenses": 0,
        "sellingAndMarketingExpenses": 0,
        "sellingGeneralAndAdministrativeExpenses": 68921000,
        "otherExpenses": 6317000,
        "operatingExpenses": 75238000,
        "costAndExpenses": 1219632000,
        "interestIncome": 0,
        "interestExpense": 0,
        "depreciationAndAmortization": 55017000,
        "ebitda": 234738000,
        "ebitdaratio": 0.1688345969,
        "operatingIncome": 170711000,
        "operatingIncomeRatio": 0.1227833707,
        "totalOtherIncomeExpensesNet": 7824000,
        "incomeBeforeTax": 178535000,
        "incomeBeforeTaxRatio": 0.1284107591,
        "incomeTaxExpense": 67843000,
        "netIncome": 110692000,
        "netIncomeRatio": 0.0796148864,
        "eps": 2.22,
        "epsdiluted": 2.04,
        "weightedAverageShsOut": 52763772,
        "weightedAverageShsOutDil": 58269616,
        "link": "https://www.sec.gov/Archives/edgar/data/897723/000109581101001170/0001095811-01-001170-index.htm",
        "finalLink": "https://www.sec.gov/Archives/edgar/data/897723/000109581101001170/f69365e10-q.txt"
    },
    {
        "date": "2000-09-30",
        "symbol": "SANM",
        "reportedCurrency": "USD",
        "cik": "0000897723",
        "fillingDate": "2000-12-18",
        "acceptedDate": "2000-12-18 00:00:00",
        "calendarYear": "2000",
        "period": "Q4",
        "revenue": 1271979000,
        "costOfRevenue": 1047984000,
        "grossProfit": 223995000,
        "grossProfitRatio": 0.1760996054,
        "researchAndDevelopmentExpenses": 0,
        "generalAndAdministrativeExpenses": 0,
        "sellingAndMarketingExpenses": 0,
        "sellingGeneralAndAdministrativeExpenses": 64258000,
        "otherExpenses": -32141000,
        "operatingExpenses": 32117000,
        "costAndExpenses": 1080101000,
        "interestIncome": 0,
        "interestExpense": 0,
        "depreciationAndAmortization": 30013000,
        "ebitda": 221891000,
        "ebitdaratio": 0.1744454901,
        "operatingIncome": 153427000,
        "operatingIncomeRatio": 0.1206207021,
        "totalOtherIncomeExpensesNet": 3221000,
        "incomeBeforeTax": 156648000,
        "incomeBeforeTaxRatio": 0.1231529766,
        "incomeTaxExpense": 59530000,
        "netIncome": 92159000,
        "netIncomeRatio": 0.0724532402,
        "eps": 1.68,
        "epsdiluted": 1.68,
        "weightedAverageShsOut": 52388605,
        "weightedAverageShsOutDil": 54900000,
        "link": "https://www.sec.gov/Archives/edgar/data/897723/000089161800005300/0000891618-00-005300-index.htm",
        "finalLink": "https://www.sec.gov/Archives/edgar/data/897723/000089161800005300/f67787e10-k405.txt"
    },
    {
        "date": "2000-07-01",
        "symbol": "SANM",
        "reportedCurrency": "USD",
        "cik": "0000897723",
        "fillingDate": "2000-08-15",
        "acceptedDate": "2000-08-15 00:00:00",
        "calendarYear": "2000",
        "period": "Q3",
        "revenue": 1000632000,
        "costOfRevenue": 853266000,
        "grossProfit": 147366000,
        "grossProfitRatio": 0.1472729235,
        "researchAndDevelopmentExpenses": 0,
        "generalAndAdministrativeExpenses": 0,
        "sellingAndMarketingExpenses": 0,
        "sellingGeneralAndAdministrativeExpenses": 69131000,
        "otherExpenses": 13860000,
        "operatingExpenses": 82991000,
        "costAndExpenses": 936257000,
        "interestIncome": 0,
        "interestExpense": 0,
        "depreciationAndAmortization": 94650000,
        "ebitda": 212829000,
        "ebitdaratio": 0.212694577,
        "operatingIncome": 17174000,
        "operatingIncomeRatio": 0.0171631529,
        "totalOtherIncomeExpensesNet": -169975000,
        "incomeBeforeTax": 19321000,
        "incomeBeforeTaxRatio": 0.0193087968,
        "incomeTaxExpense": 17500000,
        "netIncome": 1821000,
        "netIncomeRatio": 0.0018198499,
        "eps": 0.06,
        "epsdiluted": 0.06,
        "weightedAverageShsOut": 52148770,
        "weightedAverageShsOutDil": 54889609,
        "link": "https://www.sec.gov/Archives/edgar/data/897723/000089161800004442/0000891618-00-004442-index.htm",
        "finalLink": "https://www.sec.gov/Archives/edgar/data/897723/000089161800004442/e10-q.txt"
    },
    {
        "date": "2000-04-01",
        "symbol": "SANM",
        "reportedCurrency": "USD",
        "cik": "0000897723",
        "fillingDate": "2000-05-16",
        "acceptedDate": "2000-05-16 00:00:00",
        "calendarYear": "2000",
        "period": "Q2",
        "revenue": 555312000,
        "costOfRevenue": 467948000,
        "grossProfit": 87364000,
        "grossProfitRatio": 0.1573241709,
        "researchAndDevelopmentExpenses": 0,
        "generalAndAdministrativeExpenses": 0,
        "sellingAndMarketingExpenses": 0,
        "sellingGeneralAndAdministrativeExpenses": 21464000,
        "otherExpenses": 1992000,
        "operatingExpenses": 23456000,
        "costAndExpenses": 491404000,
        "interestIncome": 0,
        "interestExpense": 0,
        "depreciationAndAmortization": 16993000,
        "ebitda": 170081000,
        "ebitdaratio": 0.3062800732,
        "operatingIncome": 63908000,
        "operatingIncomeRatio": 0.1150848532,
        "totalOtherIncomeExpensesNet": -24788000,
        "incomeBeforeTax": 68610000,
        "incomeBeforeTaxRatio": 0.1235521653,
        "incomeTaxExpense": 24700000,
        "netIncome": 43910000,
        "netIncomeRatio": 0.0790726655,
        "eps": 1.2,
        "epsdiluted": 1.08,
        "weightedAverageShsOut": 50407934,
        "weightedAverageShsOutDil": 55697611,
        "link": "https://www.sec.gov/Archives/edgar/data/897723/000089161800002914/0000891618-00-002914-index.html",
        "finalLink": "https://www.sec.gov/Archives/edgar/data/897723/000089161800002914/"
    },
    {
        "date": "2000-01-01",
        "symbol": "SANM",
        "reportedCurrency": "USD",
        "cik": "0000897723",
        "fillingDate": "2000-01-27",
        "acceptedDate": "2000-01-27 00:00:00",
        "calendarYear": "2000",
        "period": "Q1",
        "revenue": 459700000,
        "costOfRevenue": 381700000,
        "grossProfit": 78000000,
        "grossProfitRatio": 0.1696758756,
        "researchAndDevelopmentExpenses": 0,
        "generalAndAdministrativeExpenses": 0,
        "sellingAndMarketingExpenses": 0,
        "sellingGeneralAndAdministrativeExpenses": 20900000,
        "otherExpenses": 1900000,
        "operatingExpenses": 22800000,
        "costAndExpenses": 404500000,
        "interestIncome": 0,
        "interestExpense": 0,
        "depreciationAndAmortization": 15600000,
        "ebitda": 102300000,
        "ebitdaratio": 0.2225364368,
        "operatingIncome": 55200000,
        "operatingIncomeRatio": 0.1200783119,
        "totalOtherIncomeExpensesNet": -5000000,
        "incomeBeforeTax": 56500000,
        "incomeBeforeTaxRatio": 0.1229062432,
        "incomeTaxExpense": 20400000,
        "netIncome": 36200000,
        "netIncomeRatio": 0.0787470089,
        "eps": 0.96,
        "epsdiluted": 0.9,
        "weightedAverageShsOut": 44583422,
        "weightedAverageShsOutDil": 47555651,
        "link": "https://www.sec.gov/Archives/edgar/data/897723/000089161800000283/0000891618-00-000283-index.html",
        "finalLink": "https://www.sec.gov/Archives/edgar/data/897723/000089161800000283/"
    },
    {
        "date": "1999-09-30",
        "symbol": "SANM",
        "reportedCurrency": "USD",
        "cik": "0000897723",
        "fillingDate": "1999-12-15",
        "acceptedDate": "1999-12-15 00:00:00",
        "calendarYear": "1999",
        "period": "Q4",
        "revenue": 348500000,
        "costOfRevenue": 276700000,
        "grossProfit": 71800000,
        "grossProfitRatio": 0.206025825,
        "researchAndDevelopmentExpenses": 0,
        "generalAndAdministrativeExpenses": 0,
        "sellingAndMarketingExpenses": 0,
        "sellingGeneralAndAdministrativeExpenses": 36400000,
        "otherExpenses": -16100000,
        "operatingExpenses": 20300000,
        "costAndExpenses": 297000000,
        "interestIncome": 0,
        "interestExpense": 0,
        "depreciationAndAmortization": 10600000,
        "ebitda": 62100000,
        "ebitdaratio": 0.1781922525,
        "operatingIncome": 51500000,
        "operatingIncomeRatio": 0.1477761836,
        "totalOtherIncomeExpensesNet": 2300000,
        "incomeBeforeTax": 53800000,
        "incomeBeforeTaxRatio": 0.1543758967,
        "incomeTaxExpense": 19600000,
        "netIncome": 34100000,
        "netIncomeRatio": 0.0978479197,
        "eps": 0.91,
        "epsdiluted": 0.91,
        "weightedAverageShsOut": 48700000,
        "weightedAverageShsOutDil": 48700000,
        "link": "https://www.sec.gov/Archives/edgar/data/897723/000089161899005698/0000891618-99-005698-index.html",
        "finalLink": "https://www.sec.gov/Archives/edgar/data/897723/000089161899005698/"
    },
    {
        "date": "1999-07-03",
        "symbol": "SANM",
        "reportedCurrency": "USD",
        "cik": "0000897723",
        "fillingDate": "1999-08-17",
        "acceptedDate": "1999-08-17 00:00:00",
        "calendarYear": "1999",
        "period": "Q3",
        "revenue": 309500000,
        "costOfRevenue": 243100000,
        "grossProfit": 66400000,
        "grossProfitRatio": 0.21453958,
        "researchAndDevelopmentExpenses": 0,
        "generalAndAdministrativeExpenses": 0,
        "sellingAndMarketingExpenses": 0,
        "sellingGeneralAndAdministrativeExpenses": 17900000,
        "otherExpenses": 900000,
        "operatingExpenses": 18800000,
        "costAndExpenses": 261900000,
        "interestIncome": 0,
        "interestExpense": 0,
        "depreciationAndAmortization": 11800000,
        "ebitda": 141106000,
        "ebitdaratio": 0.4559159935,
        "operatingIncome": 47600000,
        "operatingIncomeRatio": 0.1537964459,
        "totalOtherIncomeExpensesNet": 1800000,
        "incomeBeforeTax": 49400000,
        "incomeBeforeTaxRatio": 0.1596122779,
        "incomeTaxExpense": 18000000,
        "netIncome": 31400000,
        "netIncomeRatio": 0.101453958,
        "eps": 0.9,
        "epsdiluted": 0.84,
        "weightedAverageShsOut": 43850088,
        "weightedAverageShsOutDil": 46982237,
        "link": "https://www.sec.gov/Archives/edgar/data/897723/000089161899003869/0000891618-99-003869-index.html",
        "finalLink": "https://www.sec.gov/Archives/edgar/data/897723/000089161899003869/"
    },
    {
        "date": "1999-04-03",
        "symbol": "SANM",
        "reportedCurrency": "USD",
        "cik": "0000897723",
        "fillingDate": "1999-05-17",
        "acceptedDate": "1999-05-17 00:00:00",
        "calendarYear": "1999",
        "period": "Q2",
        "revenue": 281100000,
        "costOfRevenue": 219500000,
        "grossProfit": 61600000,
        "grossProfitRatio": 0.2191390964,
        "researchAndDevelopmentExpenses": 0,
        "generalAndAdministrativeExpenses": 0,
        "sellingAndMarketingExpenses": 0,
        "sellingGeneralAndAdministrativeExpenses": 17300000,
        "otherExpenses": 800000,
        "operatingExpenses": 18100000,
        "costAndExpenses": 237600000,
        "interestIncome": 0,
        "interestExpense": 0,
        "depreciationAndAmortization": 12100000,
        "ebitda": 55000000,
        "ebitdaratio": 0.1956599075,
        "operatingIncome": 43500000,
        "operatingIncomeRatio": 0.1547491996,
        "totalOtherIncomeExpensesNet": 1800000,
        "incomeBeforeTax": 45300000,
        "incomeBeforeTaxRatio": 0.1611526147,
        "incomeTaxExpense": 16500000,
        "netIncome": 28800000,
        "netIncomeRatio": 0.1024546425,
        "eps": 0.78,
        "epsdiluted": 0.72,
        "weightedAverageShsOut": 38508077,
        "weightedAverageShsOutDil": 41169415,
        "link": "https://www.sec.gov/Archives/edgar/data/897723/000089161899002275/0000891618-99-002275-index.html",
        "finalLink": "https://www.sec.gov/Archives/edgar/data/897723/"
    },
    {
        "date": "1999-01-02",
        "symbol": "SANM",
        "reportedCurrency": "USD",
        "cik": "0000897723",
        "fillingDate": "1999-02-16",
        "acceptedDate": "1999-02-16 00:00:00",
        "calendarYear": "1999",
        "period": "Q1",
        "revenue": 260200000,
        "costOfRevenue": 210300000,
        "grossProfit": 49900000,
        "grossProfitRatio": 0.1917755573,
        "researchAndDevelopmentExpenses": 0,
        "generalAndAdministrativeExpenses": 0,
        "sellingAndMarketingExpenses": 0,
        "sellingGeneralAndAdministrativeExpenses": 35600000,
        "otherExpenses": 12100000,
        "operatingExpenses": 47700000,
        "costAndExpenses": 258000000,
        "interestIncome": 0,
        "interestExpense": 0,
        "depreciationAndAmortization": 11000000,
        "ebitda": 43000000,
        "ebitdaratio": 0.1652574942,
        "operatingIncome": -3300000,
        "operatingIncomeRatio": -0.0126825519,
        "totalOtherIncomeExpensesNet": -32800000,
        "incomeBeforeTax": -1400000,
        "incomeBeforeTaxRatio": -0.0053804766,
        "incomeTaxExpense": 3600000,
        "netIncome": -1400000,
        "netIncomeRatio": -0.0053804766,
        "eps": -0.037,
        "epsdiluted": -0.037,
        "weightedAverageShsOut": 37866742,
        "weightedAverageShsOutDil": 37866742,
        "link": "https://www.sec.gov/Archives/edgar/data/897723/000089161899000628/0000891618-99-000628-index.html",
        "finalLink": "https://www.sec.gov/Archives/edgar/data/897723/"
    },
    {
        "date": "1998-09-30",
        "symbol": "SANM",
        "reportedCurrency": "USD",
        "cik": "0000897723",
        "fillingDate": "1998-12-21",
        "acceptedDate": "1998-12-21 00:00:00",
        "calendarYear": "1998",
        "period": "Q4",
        "revenue": 194200000,
        "costOfRevenue": 151200000,
        "grossProfit": 43000000,
        "grossProfitRatio": 0.2214212152,
        "researchAndDevelopmentExpenses": 0,
        "generalAndAdministrativeExpenses": 0,
        "sellingAndMarketingExpenses": 0,
        "sellingGeneralAndAdministrativeExpenses": 11500000,
        "otherExpenses": 900000,
        "operatingExpenses": 12400000,
        "costAndExpenses": 163600000,
        "interestIncome": 0,
        "interestExpense": 0,
        "depreciationAndAmortization": 8100000,
        "ebitda": 38700000,
        "ebitdaratio": 0.1992790937,
        "operatingIncome": 30600000,
        "operatingIncomeRatio": 0.157569516,
        "totalOtherIncomeExpensesNet": -100000,
        "incomeBeforeTax": 30500000,
        "incomeBeforeTaxRatio": 0.1570545829,
        "incomeTaxExpense": 11200000,
        "netIncome": 19400000,
        "netIncomeRatio": 0.0998970134,
        "eps": 0.49,
        "epsdiluted": 0.49,
        "weightedAverageShsOut": 39300000,
        "weightedAverageShsOutDil": 39300000,
        "link": "https://www.sec.gov/Archives/edgar/data/897723/000089161898005435/0000891618-98-005435-index.html",
        "finalLink": "https://www.sec.gov/Archives/edgar/data/897723/"
    },
    {
        "date": "1998-06-27",
        "symbol": "SANM",
        "reportedCurrency": "USD",
        "cik": "0000897723",
        "fillingDate": "1998-08-11",
        "acceptedDate": "1998-08-11 00:00:00",
        "calendarYear": "1998",
        "period": "Q3",
        "revenue": 197100000,
        "costOfRevenue": 153700000,
        "grossProfit": 43400000,
        "grossProfitRatio": 0.2201927955,
        "researchAndDevelopmentExpenses": 0,
        "generalAndAdministrativeExpenses": 0,
        "sellingAndMarketingExpenses": 0,
        "sellingGeneralAndAdministrativeExpenses": 11800000,
        "otherExpenses": 800000,
        "operatingExpenses": 12600000,
        "costAndExpenses": 166300000,
        "interestIncome": 0,
        "interestExpense": 0,
        "depreciationAndAmortization": 7500000,
        "ebitda": 38300000,
        "ebitdaratio": 0.1943176053,
        "operatingIncome": 30800000,
        "operatingIncomeRatio": 0.1562658549,
        "totalOtherIncomeExpensesNet": -200000,
        "incomeBeforeTax": 30500000,
        "incomeBeforeTaxRatio": 0.1547437849,
        "incomeTaxExpense": 11100000,
        "netIncome": 19400000,
        "netIncomeRatio": 0.0984271943,
        "eps": 0.78,
        "epsdiluted": 0.66,
        "weightedAverageShsOut": 31794935,
        "weightedAverageShsOutDil": 33382733,
        "link": "https://www.sec.gov/Archives/edgar/data/897723/000089161898003740/0000891618-98-003740-index.html",
        "finalLink": "https://www.sec.gov/Archives/edgar/data/897723/"
    },
    {
        "date": "1998-03-28",
        "symbol": "SANM",
        "reportedCurrency": "USD",
        "cik": "0000897723",
        "fillingDate": "1998-05-12",
        "acceptedDate": "1998-05-12 00:00:00",
        "calendarYear": "1998",
        "period": "Q2",
        "revenue": 172100000,
        "costOfRevenue": 134500000,
        "grossProfit": 37600000,
        "grossProfitRatio": 0.2184776293,
        "researchAndDevelopmentExpenses": 0,
        "generalAndAdministrativeExpenses": 0,
        "sellingAndMarketingExpenses": 0,
        "sellingGeneralAndAdministrativeExpenses": 10600000,
        "otherExpenses": 600000,
        "operatingExpenses": 11200000,
        "costAndExpenses": 145700000,
        "interestIncome": 0,
        "interestExpense": 0,
        "depreciationAndAmortization": 6000000,
        "ebitda": 32400000,
        "ebitdaratio": 0.188262638,
        "operatingIncome": 26400000,
        "operatingIncomeRatio": 0.1533991865,
        "totalOtherIncomeExpensesNet": 200000,
        "incomeBeforeTax": 26600000,
        "incomeBeforeTaxRatio": 0.1545613016,
        "incomeTaxExpense": 9700000,
        "netIncome": 16900000,
        "netIncomeRatio": 0.0981987217,
        "eps": 0.72,
        "epsdiluted": 0.6,
        "weightedAverageShsOut": 31388952,
        "weightedAverageShsOutDil": 33484066,
        "link": "https://www.sec.gov/Archives/edgar/data/897723/000089161898002266/0000891618-98-002266-index.html",
        "finalLink": "https://www.sec.gov/Archives/edgar/data/897723/"
    },
    {
        "date": "1997-12-27",
        "symbol": "SANM",
        "reportedCurrency": "USD",
        "cik": "0000897723",
        "fillingDate": "1998-02-10",
        "acceptedDate": "1998-02-10 00:00:00",
        "calendarYear": "1998",
        "period": "Q1",
        "revenue": 159100000,
        "costOfRevenue": 124400000,
        "grossProfit": 34700000,
        "grossProfitRatio": 0.2181018228,
        "researchAndDevelopmentExpenses": 0,
        "generalAndAdministrativeExpenses": 0,
        "sellingAndMarketingExpenses": 0,
        "sellingGeneralAndAdministrativeExpenses": 10000000,
        "otherExpenses": 600000,
        "operatingExpenses": 10600000,
        "costAndExpenses": 135000000,
        "interestIncome": 0,
        "interestExpense": 0,
        "depreciationAndAmortization": 5700000,
        "ebitda": 36600000,
        "ebitdaratio": 0.2300439975,
        "operatingIncome": 34700000,
        "operatingIncomeRatio": 0.2181018228,
        "totalOtherIncomeExpensesNet": -4100000,
        "incomeBeforeTax": 19700000,
        "incomeBeforeTaxRatio": 0.1238214959,
        "incomeTaxExpense": 7200000,
        "netIncome": 12500000,
        "netIncomeRatio": 0.078566939,
        "eps": 0.48,
        "epsdiluted": 0.48,
        "weightedAverageShsOut": 32708399,
        "weightedAverageShsOutDil": 32708399,
        "link": "https://www.sec.gov/Archives/edgar/data/897723/000089161898000524/0000891618-98-000524-index.html",
        "finalLink": "https://www.sec.gov/Archives/edgar/data/897723/"
    },
    {
        "date": "1997-09-30",
        "symbol": "SANM",
        "reportedCurrency": "USD",
        "cik": "0000897723",
        "fillingDate": "1997-12-22",
        "acceptedDate": "1997-12-22 00:00:00",
        "calendarYear": "1997",
        "period": "Q4",
        "revenue": 114200000,
        "costOfRevenue": 87800000,
        "grossProfit": 26400000,
        "grossProfitRatio": 0.23117338,
        "researchAndDevelopmentExpenses": 0,
        "generalAndAdministrativeExpenses": 0,
        "sellingAndMarketingExpenses": 0,
        "sellingGeneralAndAdministrativeExpenses": 8100000,
        "otherExpenses": 500000,
        "operatingExpenses": 8600000,
        "costAndExpenses": 96400000,
        "interestIncome": 0,
        "interestExpense": 0,
        "depreciationAndAmortization": 3600000,
        "ebitda": 21400000,
        "ebitdaratio": 0.1873905429,
        "operatingIncome": 17900000,
        "operatingIncomeRatio": 0.1567425569,
        "totalOtherIncomeExpensesNet": 200000,
        "incomeBeforeTax": 18100000,
        "incomeBeforeTaxRatio": 0.1584938704,
        "incomeTaxExpense": 7100000,
        "netIncome": 11000000,
        "netIncomeRatio": 0.0963222417,
        "eps": 0.28,
        "epsdiluted": 0.28,
        "weightedAverageShsOut": 24492048,
        "weightedAverageShsOutDil": 39000000,
        "link": "https://www.sec.gov/Archives/edgar/data/897723/000089161897005030/0000891618-97-005030-index.html",
        "finalLink": "https://www.sec.gov/Archives/edgar/data/897723/"
    },
    {
        "date": "1997-06-28",
        "symbol": "SANM",
        "reportedCurrency": "USD",
        "cik": "0000897723",
        "fillingDate": "1997-07-30",
        "acceptedDate": "1997-07-30 00:00:00",
        "calendarYear": "1997",
        "period": "Q3",
        "revenue": 105400000,
        "costOfRevenue": 80800000,
        "grossProfit": 24600000,
        "grossProfitRatio": 0.2333965844,
        "researchAndDevelopmentExpenses": 0,
        "generalAndAdministrativeExpenses": 0,
        "sellingAndMarketingExpenses": 0,
        "sellingGeneralAndAdministrativeExpenses": 6300000,
        "otherExpenses": 500000,
        "operatingExpenses": 6800000,
        "costAndExpenses": 87600000,
        "interestIncome": 0,
        "interestExpense": 0,
        "depreciationAndAmortization": 3300000,
        "ebitda": 21100000,
        "ebitdaratio": 0.2001897533,
        "operatingIncome": 17800000,
        "operatingIncomeRatio": 0.1688804554,
        "totalOtherIncomeExpensesNet": -100000,
        "incomeBeforeTax": 17700000,
        "incomeBeforeTaxRatio": 0.1679316888,
        "incomeTaxExpense": 6900000,
        "netIncome": 10800000,
        "netIncomeRatio": 0.1024667932,
        "eps": 0.48,
        "epsdiluted": 0.48,
        "weightedAverageShsOut": 24472048,
        "weightedAverageShsOutDil": 28729390,
        "link": "https://www.sec.gov/Archives/edgar/data/897723/000089161897003084/0000891618-97-003084-index.html",
        "finalLink": "https://www.sec.gov/Archives/edgar/data/897723/"
    },
    {
        "date": "1997-03-29",
        "symbol": "SANM",
        "reportedCurrency": "USD",
        "cik": "0000897723",
        "fillingDate": "1997-05-13",
        "acceptedDate": "1997-05-13 00:00:00",
        "calendarYear": "1997",
        "period": "Q2",
        "revenue": 96700000,
        "costOfRevenue": 74000000,
        "grossProfit": 22700000,
        "grossProfitRatio": 0.2347466391,
        "researchAndDevelopmentExpenses": 0,
        "generalAndAdministrativeExpenses": 0,
        "sellingAndMarketingExpenses": 0,
        "sellingGeneralAndAdministrativeExpenses": 5800000,
        "otherExpenses": 500000,
        "operatingExpenses": 6300000,
        "costAndExpenses": 80300000,
        "interestIncome": 0,
        "interestExpense": 0,
        "depreciationAndAmortization": 3200000,
        "ebitda": 19600000,
        "ebitdaratio": 0.202688728,
        "operatingIncome": 16400000,
        "operatingIncomeRatio": 0.1695966908,
        "totalOtherIncomeExpensesNet": -600000,
        "incomeBeforeTax": 16200000,
        "incomeBeforeTaxRatio": 0.1675284385,
        "incomeTaxExpense": 6300000,
        "netIncome": 9900000,
        "netIncomeRatio": 0.1023784902,
        "eps": 0.42,
        "epsdiluted": 0.36,
        "weightedAverageShsOut": 25476241,
        "weightedAverageShsOutDil": 28356056,
        "link": "https://www.sec.gov/Archives/edgar/data/897723/000089161897002232/0000891618-97-002232-index.html",
        "finalLink": "https://www.sec.gov/Archives/edgar/data/897723/"
    },
    {
        "date": "1996-12-28",
        "symbol": "SANM",
        "reportedCurrency": "USD",
        "cik": "0000897723",
        "fillingDate": "1997-02-07",
        "acceptedDate": "1997-02-07 00:00:00",
        "calendarYear": "1997",
        "period": "Q1",
        "revenue": 88900000,
        "costOfRevenue": 67800000,
        "grossProfit": 21100000,
        "grossProfitRatio": 0.2373453318,
        "researchAndDevelopmentExpenses": 0,
        "generalAndAdministrativeExpenses": 0,
        "sellingAndMarketingExpenses": 0,
        "sellingGeneralAndAdministrativeExpenses": 5400000,
        "otherExpenses": 500000,
        "operatingExpenses": 5900000,
        "costAndExpenses": 73700000,
        "interestIncome": 0,
        "interestExpense": 0,
        "depreciationAndAmortization": 2800000,
        "ebitda": 18000000,
        "ebitdaratio": 0.2024746907,
        "operatingIncome": 15200000,
        "operatingIncomeRatio": 0.1709786277,
        "totalOtherIncomeExpensesNet": -200000,
        "incomeBeforeTax": 15000000,
        "incomeBeforeTaxRatio": 0.1687289089,
        "incomeTaxExpense": 5900000,
        "netIncome": 9200000,
        "netIncomeRatio": 0.1034870641,
        "eps": 0.42,
        "epsdiluted": 0.42,
        "weightedAverageShsOut": 24101381,
        "weightedAverageShsOutDil": 28356056,
        "link": "https://www.sec.gov/Archives/edgar/data/897723/000089161897000359/0000891618-97-000359-index.html",
        "finalLink": "https://www.sec.gov/Archives/edgar/data/897723/"
    },
    {
        "date": "1996-09-30",
        "symbol": "SANM",
        "reportedCurrency": "USD",
        "cik": "0000897723",
        "fillingDate": "1996-12-24",
        "acceptedDate": "1996-12-24 00:00:00",
        "calendarYear": "1996",
        "period": "Q4",
        "revenue": 78500000,
        "costOfRevenue": 59800000,
        "grossProfit": 18700000,
        "grossProfitRatio": 0.2382165605,
        "researchAndDevelopmentExpenses": 0,
        "generalAndAdministrativeExpenses": 0,
        "sellingAndMarketingExpenses": 0,
        "sellingGeneralAndAdministrativeExpenses": 4800000,
        "otherExpenses": 500000,
        "operatingExpenses": 5300000,
        "costAndExpenses": 65100000,
        "interestIncome": 0,
        "interestExpense": 0,
        "depreciationAndAmortization": 2300000,
        "ebitda": 15700000,
        "ebitdaratio": 0.2,
        "operatingIncome": 13400000,
        "operatingIncomeRatio": 0.1707006369,
        "totalOtherIncomeExpensesNet": 100000,
        "incomeBeforeTax": 13500000,
        "incomeBeforeTaxRatio": 0.1719745223,
        "incomeTaxExpense": 5100000,
        "netIncome": 8400000,
        "netIncomeRatio": 0.1070063694,
        "eps": 0.26,
        "epsdiluted": 0.26,
        "weightedAverageShsOut": 31778732,
        "weightedAverageShsOutDil": 32400000,
        "link": "https://www.sec.gov/Archives/edgar/data/897723/000089161896003169/0000891618-96-003169-index.html",
        "finalLink": "https://www.sec.gov/Archives/edgar/data/897723/"
    },
    {
        "date": "1996-07-29",
        "symbol": "SANM",
        "reportedCurrency": "USD",
        "cik": "0000897723",
        "fillingDate": "1996-08-07",
        "acceptedDate": "1996-08-07 00:00:00",
        "calendarYear": "1996",
        "period": "Q3",
        "revenue": 71200000,
        "costOfRevenue": 54200000,
        "grossProfit": 17000000,
        "grossProfitRatio": 0.2387640449,
        "researchAndDevelopmentExpenses": 0,
        "generalAndAdministrativeExpenses": 0,
        "sellingAndMarketingExpenses": 0,
        "sellingGeneralAndAdministrativeExpenses": 4500000,
        "otherExpenses": 400000,
        "operatingExpenses": 4900000,
        "costAndExpenses": 59100000,
        "interestIncome": 0,
        "interestExpense": 0,
        "depreciationAndAmortization": 2100000,
        "ebitda": 14200000,
        "ebitdaratio": 0.1994382022,
        "operatingIncome": 12100000,
        "operatingIncomeRatio": 0.1699438202,
        "totalOtherIncomeExpensesNet": -100000,
        "incomeBeforeTax": 12000000,
        "incomeBeforeTaxRatio": 0.1685393258,
        "incomeTaxExpense": 4600000,
        "netIncome": 7500000,
        "netIncomeRatio": 0.1053370787,
        "eps": 0.36,
        "epsdiluted": 0.3,
        "weightedAverageShsOut": 23640047,
        "weightedAverageShsOutDil": 27720055,
        "link": "https://www.sec.gov/Archives/edgar/data/897723/000089161896001577/0000891618-96-001577-index.html",
        "finalLink": "https://www.sec.gov/Archives/edgar/data/897723/"
    },
    {
        "date": "1996-03-30",
        "symbol": "SANM",
        "reportedCurrency": "USD",
        "cik": "0000897723",
        "fillingDate": "1996-05-09",
        "acceptedDate": "1996-05-09 00:00:00",
        "calendarYear": "1996",
        "period": "Q2",
        "revenue": 63200000,
        "costOfRevenue": 48000000,
        "grossProfit": 15200000,
        "grossProfitRatio": 0.2405063291,
        "researchAndDevelopmentExpenses": 0,
        "generalAndAdministrativeExpenses": 0,
        "sellingAndMarketingExpenses": 0,
        "sellingGeneralAndAdministrativeExpenses": 4000000,
        "otherExpenses": 500000,
        "operatingExpenses": 4500000,
        "costAndExpenses": 52500000,
        "interestIncome": 0,
        "interestExpense": 0,
        "depreciationAndAmortization": 3500000,
        "ebitda": 14200000,
        "ebitdaratio": 0.2246835443,
        "operatingIncome": 10700000,
        "operatingIncomeRatio": 0.1693037975,
        "totalOtherIncomeExpensesNet": 0,
        "incomeBeforeTax": 10700000,
        "incomeBeforeTaxRatio": 0.1693037975,
        "incomeTaxExpense": 4000000,
        "netIncome": 6600000,
        "netIncomeRatio": 0.1044303797,
        "eps": 0.3,
        "epsdiluted": 0.3,
        "weightedAverageShsOut": 23273379,
        "weightedAverageShsOutDil": 27509388,
        "link": "https://www.sec.gov/Archives/edgar/data/897723/000089161896000340/0000891618-96-000340-index.html",
        "finalLink": "https://www.sec.gov/Archives/edgar/data/897723/"
    },
    {
        "date": "1995-12-31",
        "symbol": "SANM",
        "reportedCurrency": "USD",
        "cik": "0000897723",
        "fillingDate": "1995-12-30",
        "acceptedDate": "1995-12-29 19:00:00",
        "calendarYear": "1996",
        "period": "Q1",
        "revenue": 52200000,
        "costOfRevenue": 39500000,
        "grossProfit": 12700000,
        "grossProfitRatio": 0.2432950192,
        "researchAndDevelopmentExpenses": 0,
        "generalAndAdministrativeExpenses": 0,
        "sellingAndMarketingExpenses": 0,
        "sellingGeneralAndAdministrativeExpenses": 3400000,
        "otherExpenses": 200000,
        "operatingExpenses": 3600000,
        "costAndExpenses": 43100000,
        "interestIncome": 0,
        "interestExpense": 0,
        "depreciationAndAmortization": 200000,
        "ebitda": 9300000,
        "ebitdaratio": 0.1781609195,
        "operatingIncome": 9100000,
        "operatingIncomeRatio": 0.1743295019,
        "totalOtherIncomeExpensesNet": 100000,
        "incomeBeforeTax": 9200000,
        "incomeBeforeTaxRatio": 0.1762452107,
        "incomeTaxExpense": 3500000,
        "netIncome": 5700000,
        "netIncomeRatio": 0.1091954023,
        "eps": 0.3,
        "epsdiluted": 0.24,
        "weightedAverageShsOut": 19000038,
        "weightedAverageShsOutDil": 23750048,
        "link": "",
        "finalLink": ""
    },
    {
        "date": "1995-09-30",
        "symbol": "SANM",
        "reportedCurrency": "USD",
        "cik": "0000897723",
        "fillingDate": "1995-09-30",
        "acceptedDate": "1995-09-29 20:00:00",
        "calendarYear": "1995",
        "period": "Q4",
        "revenue": 49100000,
        "costOfRevenue": 35900000,
        "grossProfit": 13200000,
        "grossProfitRatio": 0.2688391039,
        "researchAndDevelopmentExpenses": 0,
        "generalAndAdministrativeExpenses": 0,
        "sellingAndMarketingExpenses": 0,
        "sellingGeneralAndAdministrativeExpenses": 3200000,
        "otherExpenses": 1600000,
        "operatingExpenses": 4800000,
        "costAndExpenses": 40700000,
        "interestIncome": 0,
        "interestExpense": 0,
        "depreciationAndAmortization": 1600000,
        "ebitda": 10000000,
        "ebitdaratio": 0.2036659878,
        "operatingIncome": 8400000,
        "operatingIncomeRatio": 0.1710794297,
        "totalOtherIncomeExpensesNet": 100000,
        "incomeBeforeTax": 8500000,
        "incomeBeforeTaxRatio": 0.1731160896,
        "incomeTaxExpense": 3300000,
        "netIncome": 5200000,
        "netIncomeRatio": 0.1059063136,
        "eps": 0.23,
        "epsdiluted": 0.23,
        "weightedAverageShsOut": 21623975,
        "weightedAverageShsOutDil": 22600000,
        "link": "",
        "finalLink": ""
    },
    {
        "date": "1995-07-01",
        "symbol": "SANM",
        "reportedCurrency": "USD",
        "cik": "0000897723",
        "fillingDate": "1995-07-01",
        "acceptedDate": "1995-06-30 20:00:00",
        "calendarYear": "1995",
        "period": "Q3",
        "revenue": 44600000,
        "costOfRevenue": 33300000,
        "grossProfit": 11300000,
        "grossProfitRatio": 0.2533632287,
        "researchAndDevelopmentExpenses": 0,
        "generalAndAdministrativeExpenses": 0,
        "sellingAndMarketingExpenses": 0,
        "sellingGeneralAndAdministrativeExpenses": 3000000,
        "otherExpenses": 1000000,
        "operatingExpenses": 4000000,
        "costAndExpenses": 37300000,
        "interestIncome": 0,
        "interestExpense": 0,
        "depreciationAndAmortization": 1000000,
        "ebitda": 8300000,
        "ebitdaratio": 0.1860986547,
        "operatingIncome": 7300000,
        "operatingIncomeRatio": 0.16367713,
        "totalOtherIncomeExpensesNet": 100000,
        "incomeBeforeTax": 7400000,
        "incomeBeforeTaxRatio": 0.1659192825,
        "incomeTaxExpense": 2900000,
        "netIncome": 4500000,
        "netIncomeRatio": 0.100896861,
        "eps": 0.24,
        "epsdiluted": 0.24,
        "weightedAverageShsOut": 18750038,
        "weightedAverageShsOutDil": 18750038,
        "link": "",
        "finalLink": ""
    },
    {
        "date": "1995-04-01",
        "symbol": "SANM",
        "reportedCurrency": "USD",
        "cik": "0000897723",
        "fillingDate": "1995-04-01",
        "acceptedDate": "1995-03-31 19:00:00",
        "calendarYear": "1995",
        "period": "Q2",
        "revenue": 39300000,
        "costOfRevenue": 30300000,
        "grossProfit": 9000000,
        "grossProfitRatio": 0.2290076336,
        "researchAndDevelopmentExpenses": 0,
        "generalAndAdministrativeExpenses": 0,
        "sellingAndMarketingExpenses": 0,
        "sellingGeneralAndAdministrativeExpenses": 2800000,
        "otherExpenses": 0,
        "operatingExpenses": 2800000,
        "costAndExpenses": 33100000,
        "interestIncome": 0,
        "interestExpense": 0,
        "depreciationAndAmortization": -200000,
        "ebitda": 6000000,
        "ebitdaratio": 0.1526717557,
        "operatingIncome": 6200000,
        "operatingIncomeRatio": 0.1577608142,
        "totalOtherIncomeExpensesNet": 300000,
        "incomeBeforeTax": 6500000,
        "incomeBeforeTaxRatio": 0.165394402,
        "incomeTaxExpense": 2600000,
        "netIncome": 3900000,
        "netIncomeRatio": 0.0992366412,
        "eps": 0.18,
        "epsdiluted": 0.18,
        "weightedAverageShsOut": 21666710,
        "weightedAverageShsOutDil": 21666710,
        "link": "",
        "finalLink": ""
    },
    {
        "date": "1994-12-31",
        "symbol": "SANM",
        "reportedCurrency": "USD",
        "cik": "0000897723",
        "fillingDate": "1994-12-31",
        "acceptedDate": "1994-12-30 19:00:00",
        "calendarYear": "1995",
        "period": "Q1",
        "revenue": 34700000,
        "costOfRevenue": 25800000,
        "grossProfit": 8900000,
        "grossProfitRatio": 0.2564841499,
        "researchAndDevelopmentExpenses": 0,
        "generalAndAdministrativeExpenses": 0,
        "sellingAndMarketingExpenses": 0,
        "sellingGeneralAndAdministrativeExpenses": 2600000,
        "otherExpenses": 1000000,
        "operatingExpenses": 3600000,
        "costAndExpenses": 29400000,
        "interestIncome": 0,
        "interestExpense": 0,
        "depreciationAndAmortization": 1000000,
        "ebitda": 6300000,
        "ebitdaratio": 0.181556196,
        "operatingIncome": 5300000,
        "operatingIncomeRatio": 0.1527377522,
        "totalOtherIncomeExpensesNet": 200000,
        "incomeBeforeTax": 5500000,
        "incomeBeforeTaxRatio": 0.1585014409,
        "incomeTaxExpense": 2200000,
        "netIncome": 3300000,
        "netIncomeRatio": 0.0951008646,
        "eps": 0.18,
        "epsdiluted": 0.18,
        "weightedAverageShsOut": 18333370,
        "weightedAverageShsOutDil": 18333370,
        "link": "",
        "finalLink": ""
    },
    {
        "date": "1994-09-30",
        "symbol": "SANM",
        "reportedCurrency": "USD",
        "cik": "0000897723",
        "fillingDate": "1994-09-30",
        "acceptedDate": "1994-09-29 20:00:00",
        "calendarYear": "1994",
        "period": "Q4",
        "revenue": 30300000,
        "costOfRevenue": 18600000,
        "grossProfit": 11700000,
        "grossProfitRatio": 0.3861386139,
        "researchAndDevelopmentExpenses": 0,
        "generalAndAdministrativeExpenses": 0,
        "sellingAndMarketingExpenses": 0,
        "sellingGeneralAndAdministrativeExpenses": 2400000,
        "otherExpenses": 4600000,
        "operatingExpenses": 7000000,
        "costAndExpenses": 25600000,
        "interestIncome": 0,
        "interestExpense": 0,
        "depreciationAndAmortization": 4600000,
        "ebitda": 9300000,
        "ebitdaratio": 0.3069306931,
        "operatingIncome": 4700000,
        "operatingIncomeRatio": 0.1551155116,
        "totalOtherIncomeExpensesNet": -14600000,
        "incomeBeforeTax": -9900000,
        "incomeBeforeTaxRatio": -0.3267326733,
        "incomeTaxExpense": 1300000,
        "netIncome": -11200000,
        "netIncomeRatio": -0.3696369637,
        "eps": -0.52,
        "epsdiluted": -0.51,
        "weightedAverageShsOut": 21349376,
        "weightedAverageShsOutDil": 21800000,
        "link": "",
        "finalLink": ""
    },
    {
        "date": "1994-06-30",
        "symbol": "SANM",
        "reportedCurrency": "USD",
        "cik": "0000897723",
        "fillingDate": "1994-07-02",
        "acceptedDate": "1994-07-01 20:00:00",
        "calendarYear": "1994",
        "period": "Q3",
        "revenue": 28900000,
        "costOfRevenue": 21900000,
        "grossProfit": 7000000,
        "grossProfitRatio": 0.2422145329,
        "researchAndDevelopmentExpenses": 0,
        "generalAndAdministrativeExpenses": 0,
        "sellingAndMarketingExpenses": 0,
        "sellingGeneralAndAdministrativeExpenses": 2300000,
        "otherExpenses": 200000,
        "operatingExpenses": 2500000,
        "costAndExpenses": 24400000,
        "interestIncome": 0,
        "interestExpense": 0,
        "depreciationAndAmortization": 200000,
        "ebitda": 4700000,
        "ebitdaratio": 0.1626297578,
        "operatingIncome": 4500000,
        "operatingIncomeRatio": 0.1557093426,
        "totalOtherIncomeExpensesNet": 100000,
        "incomeBeforeTax": 4600000,
        "incomeBeforeTaxRatio": 0.1591695502,
        "incomeTaxExpense": 1800000,
        "netIncome": 2800000,
        "netIncomeRatio": 0.0968858131,
        "eps": 0.18,
        "epsdiluted": 0.18,
        "weightedAverageShsOut": 15555587,
        "weightedAverageShsOutDil": 15555587,
        "link": "",
        "finalLink": ""
    },
    {
        "date": "1994-03-31",
        "symbol": "SANM",
        "reportedCurrency": "USD",
        "cik": "0000897723",
        "fillingDate": "1994-04-02",
        "acceptedDate": "1994-04-01 19:00:00",
        "calendarYear": "1994",
        "period": "Q2",
        "revenue": 27900000,
        "costOfRevenue": 21200000,
        "grossProfit": 6700000,
        "grossProfitRatio": 0.2401433692,
        "researchAndDevelopmentExpenses": 0,
        "generalAndAdministrativeExpenses": 0,
        "sellingAndMarketingExpenses": 0,
        "sellingGeneralAndAdministrativeExpenses": 2300000,
        "otherExpenses": 200000,
        "operatingExpenses": 2500000,
        "costAndExpenses": 23700000,
        "interestIncome": 0,
        "interestExpense": 0,
        "depreciationAndAmortization": 100000,
        "ebitda": 4300000,
        "ebitdaratio": 0.1541218638,
        "operatingIncome": 4200000,
        "operatingIncomeRatio": 0.1505376344,
        "totalOtherIncomeExpensesNet": 100000,
        "incomeBeforeTax": 4300000,
        "incomeBeforeTaxRatio": 0.1541218638,
        "incomeTaxExpense": 1700000,
        "netIncome": 2600000,
        "netIncomeRatio": 0.0931899642,
        "eps": 0.12,
        "epsdiluted": 0.12,
        "weightedAverageShsOut": 21666710,
        "weightedAverageShsOutDil": 21666710,
        "link": "",
        "finalLink": ""
    },
    {
        "date": "1993-12-31",
        "symbol": "SANM",
        "reportedCurrency": "USD",
        "cik": "0000897723",
        "fillingDate": "1993-12-31",
        "acceptedDate": "1993-12-30 19:00:00",
        "calendarYear": "1994",
        "period": "Q1",
        "revenue": 28000000,
        "costOfRevenue": 21200000,
        "grossProfit": 6800000,
        "grossProfitRatio": 0.2428571429,
        "researchAndDevelopmentExpenses": 0,
        "generalAndAdministrativeExpenses": 0,
        "sellingAndMarketingExpenses": 0,
        "sellingGeneralAndAdministrativeExpenses": 2200000,
        "otherExpenses": 200000,
        "operatingExpenses": 2400000,
        "costAndExpenses": 23600000,
        "interestIncome": 0,
        "interestExpense": 0,
        "depreciationAndAmortization": 200000,
        "ebitda": 4600000,
        "ebitdaratio": 0.1642857143,
        "operatingIncome": 4400000,
        "operatingIncomeRatio": 0.1571428571,
        "totalOtherIncomeExpensesNet": 100000,
        "incomeBeforeTax": 4500000,
        "incomeBeforeTaxRatio": 0.1607142857,
        "incomeTaxExpense": 1800000,
        "netIncome": 2700000,
        "netIncomeRatio": 0.0964285714,
        "eps": 0.18,
        "epsdiluted": 0.18,
        "weightedAverageShsOut": 15000030,
        "weightedAverageShsOutDil": 15000030,
        "link": "",
        "finalLink": ""
    },
    {
        "date": "1993-09-30",
        "symbol": "SANM",
        "reportedCurrency": "USD",
        "cik": "0000897723",
        "fillingDate": "1993-09-30",
        "acceptedDate": "1993-09-29 20:00:00",
        "calendarYear": "1993",
        "period": "Q4",
        "revenue": 24700000,
        "costOfRevenue": 17700000,
        "grossProfit": 7000000,
        "grossProfitRatio": 0.2834008097,
        "researchAndDevelopmentExpenses": 0,
        "generalAndAdministrativeExpenses": 0,
        "sellingAndMarketingExpenses": 0,
        "sellingGeneralAndAdministrativeExpenses": 2100000,
        "otherExpenses": 1000000,
        "operatingExpenses": 3100000,
        "costAndExpenses": 20800000,
        "interestIncome": 0,
        "interestExpense": 0,
        "depreciationAndAmortization": 1000000,
        "ebitda": 4900000,
        "ebitdaratio": 0.1983805668,
        "operatingIncome": 3900000,
        "operatingIncomeRatio": 0.1578947368,
        "totalOtherIncomeExpensesNet": -300000,
        "incomeBeforeTax": 3600000,
        "incomeBeforeTaxRatio": 0.1457489879,
        "incomeTaxExpense": 1400000,
        "netIncome": 2200000,
        "netIncomeRatio": 0.0890688259,
        "eps": 0.15,
        "epsdiluted": 0.15,
        "weightedAverageShsOut": 15000030,
        "weightedAverageShsOutDil": 15000030,
        "link": "",
        "finalLink": ""
    },
    {
        "date": "1993-06-30",
        "symbol": "SANM",
        "reportedCurrency": "USD",
        "cik": "0000897723",
        "fillingDate": "1993-06-30",
        "acceptedDate": "1993-06-29 20:00:00",
        "calendarYear": "1993",
        "period": "Q3",
        "revenue": 22100000,
        "costOfRevenue": 15600000,
        "grossProfit": 6500000,
        "grossProfitRatio": 0.2941176471,
        "researchAndDevelopmentExpenses": 0,
        "generalAndAdministrativeExpenses": 0,
        "sellingAndMarketingExpenses": 0,
        "sellingGeneralAndAdministrativeExpenses": 2000000,
        "otherExpenses": 1000000,
        "operatingExpenses": 3000000,
        "costAndExpenses": 18600000,
        "interestIncome": 0,
        "interestExpense": 0,
        "depreciationAndAmortization": 1000000,
        "ebitda": 4500000,
        "ebitdaratio": 0.2036199095,
        "operatingIncome": 3500000,
        "operatingIncomeRatio": 0.1583710407,
        "totalOtherIncomeExpensesNet": -500000,
        "incomeBeforeTax": 3000000,
        "incomeBeforeTaxRatio": 0.1357466063,
        "incomeTaxExpense": 1200000,
        "netIncome": 1800000,
        "netIncomeRatio": 0.0814479638,
        "eps": 0.12,
        "epsdiluted": 0.12,
        "weightedAverageShsOut": 15000030,
        "weightedAverageShsOutDil": 15000030,
        "link": "",
        "finalLink": ""
    },
    {
        "date": "1993-03-31",
        "symbol": "SANM",
        "reportedCurrency": "USD",
        "cik": "0000897723",
        "fillingDate": "1993-03-31",
        "acceptedDate": "1993-03-30 19:00:00",
        "calendarYear": "1993",
        "period": "Q2",
        "revenue": 21300000,
        "costOfRevenue": 0,
        "grossProfit": 21300000,
        "grossProfitRatio": 1,
        "researchAndDevelopmentExpenses": 0,
        "generalAndAdministrativeExpenses": 0,
        "sellingAndMarketingExpenses": 0,
        "sellingGeneralAndAdministrativeExpenses": 0,
        "otherExpenses": 0,
        "operatingExpenses": 0,
        "costAndExpenses": 0,
        "interestIncome": 0,
        "interestExpense": 0,
        "depreciationAndAmortization": 0,
        "ebitda": 21300000,
        "ebitdaratio": 1,
        "operatingIncome": 21300000,
        "operatingIncomeRatio": 1,
        "totalOtherIncomeExpensesNet": -21300000,
        "incomeBeforeTax": 0,
        "incomeBeforeTaxRatio": 0,
        "incomeTaxExpense": -200000,
        "netIncome": 200000,
        "netIncomeRatio": 0.0093896714,
        "eps": 0.0168,
        "epsdiluted": 0.0168,
        "weightedAverageShsOut": 11909357,
        "weightedAverageShsOutDil": 11909357,
        "link": "",
        "finalLink": ""
    },
    {
        "date": "1992-12-31",
        "symbol": "SANM",
        "reportedCurrency": "USD",
        "cik": "0000897723",
        "fillingDate": "1992-12-31",
        "acceptedDate": "1992-12-30 19:00:00",
        "calendarYear": "1993",
        "period": "Q1",
        "revenue": 20400000,
        "costOfRevenue": 0,
        "grossProfit": 20400000,
        "grossProfitRatio": 1,
        "researchAndDevelopmentExpenses": 0,
        "generalAndAdministrativeExpenses": 0,
        "sellingAndMarketingExpenses": 0,
        "sellingGeneralAndAdministrativeExpenses": 0,
        "otherExpenses": 0,
        "operatingExpenses": 0,
        "costAndExpenses": 0,
        "interestIncome": 0,
        "interestExpense": 0,
        "depreciationAndAmortization": 0,
        "ebitda": 20400000,
        "ebitdaratio": 1,
        "operatingIncome": 20400000,
        "operatingIncomeRatio": 1,
        "totalOtherIncomeExpensesNet": -20400000,
        "incomeBeforeTax": 0,
        "incomeBeforeTaxRatio": 0,
        "incomeTaxExpense": -900000,
        "netIncome": 900000,
        "netIncomeRatio": 0.0441176471,
        "eps": 0.12,
        "epsdiluted": 0.12,
        "weightedAverageShsOut": 11909357,
        "weightedAverageShsOutDil": 11909357,
        "link": "",
        "finalLink": ""
    },
    {
        "date": "1992-09-30",
        "symbol": "SANM",
        "reportedCurrency": "USD",
        "cik": "0000897723",
        "fillingDate": "1992-09-30",
        "acceptedDate": "1992-09-29 20:00:00",
        "calendarYear": "1992",
        "period": "Q4",
        "revenue": 19100000,
        "costOfRevenue": 0,
        "grossProfit": 19100000,
        "grossProfitRatio": 1,
        "researchAndDevelopmentExpenses": 0,
        "generalAndAdministrativeExpenses": 0,
        "sellingAndMarketingExpenses": 0,
        "sellingGeneralAndAdministrativeExpenses": 0,
        "otherExpenses": -60900000,
        "operatingExpenses": -60900000,
        "costAndExpenses": -60900000,
        "interestIncome": 0,
        "interestExpense": 0,
        "depreciationAndAmortization": 0,
        "ebitda": -41800000,
        "ebitdaratio": -2.1884816754,
        "operatingIncome": -41800000,
        "operatingIncomeRatio": -2.1884816754,
        "totalOtherIncomeExpensesNet": 41800000,
        "incomeBeforeTax": 0,
        "incomeBeforeTaxRatio": 0,
        "incomeTaxExpense": -100000,
        "netIncome": 100000,
        "netIncomeRatio": 0.0052356021,
        "eps": 0.008,
        "epsdiluted": 0.008,
        "weightedAverageShsOut": 11909357,
        "weightedAverageShsOutDil": 12500025,
        "link": "",
        "finalLink": ""
    },
    {
        "date": "1992-06-30",
        "symbol": "SANM",
        "reportedCurrency": "USD",
        "cik": "0000897723",
        "fillingDate": "1992-06-30",
        "acceptedDate": "1992-06-29 20:00:00",
        "calendarYear": "1992",
        "period": "Q3",
        "revenue": 15900000,
        "costOfRevenue": 0,
        "grossProfit": 15900000,
        "grossProfitRatio": 1,
        "researchAndDevelopmentExpenses": 0,
        "generalAndAdministrativeExpenses": 0,
        "sellingAndMarketingExpenses": 0,
        "sellingGeneralAndAdministrativeExpenses": 0,
        "otherExpenses": 0,
        "operatingExpenses": 0,
        "costAndExpenses": 0,
        "interestIncome": 0,
        "interestExpense": 0,
        "depreciationAndAmortization": 0,
        "ebitda": 15900000,
        "ebitdaratio": 1,
        "operatingIncome": 15900000,
        "operatingIncomeRatio": 1,
        "totalOtherIncomeExpensesNet": -15900000,
        "incomeBeforeTax": 0,
        "incomeBeforeTaxRatio": 0,
        "incomeTaxExpense": 200000,
        "netIncome": -200000,
        "netIncomeRatio": -0.0125786164,
        "eps": -0.016,
        "epsdiluted": -0.016,
        "weightedAverageShsOut": 12500025,
        "weightedAverageShsOutDil": 12500025,
        "link": "",
        "finalLink": ""
    },
    {
        "date": "1992-03-31",
        "symbol": "SANM",
        "reportedCurrency": "USD",
        "cik": "0000897723",
        "fillingDate": "1992-03-31",
        "acceptedDate": "1992-03-30 19:00:00",
        "calendarYear": "1992",
        "period": "Q2",
        "revenue": 16200000,
        "costOfRevenue": 0,
        "grossProfit": 16200000,
        "grossProfitRatio": 1,
        "researchAndDevelopmentExpenses": 0,
        "generalAndAdministrativeExpenses": 0,
        "sellingAndMarketingExpenses": 0,
        "sellingGeneralAndAdministrativeExpenses": 0,
        "otherExpenses": 0,
        "operatingExpenses": 0,
        "costAndExpenses": 0,
        "interestIncome": 0,
        "interestExpense": 0,
        "depreciationAndAmortization": 0,
        "ebitda": 16200000,
        "ebitdaratio": 1,
        "operatingIncome": 16200000,
        "operatingIncomeRatio": 1,
        "totalOtherIncomeExpensesNet": -16200000,
        "incomeBeforeTax": 0,
        "incomeBeforeTaxRatio": 0,
        "incomeTaxExpense": 0,
        "netIncome": 0,
        "netIncomeRatio": 0,
        "eps": 0.06,
        "epsdiluted": 0.06,
        "weightedAverageShsOut": 11909357,
        "weightedAverageShsOutDil": 11909357,
        "link": "",
        "finalLink": ""
    },
    {
        "date": "1991-12-31",
        "symbol": "SANM",
        "reportedCurrency": "USD",
        "cik": "0000897723",
        "fillingDate": "1991-12-31",
        "acceptedDate": "1991-12-30 19:00:00",
        "calendarYear": "1992",
        "period": "Q1",
        "revenue": 13900000,
        "costOfRevenue": 0,
        "grossProfit": 13900000,
        "grossProfitRatio": 1,
        "researchAndDevelopmentExpenses": 0,
        "generalAndAdministrativeExpenses": 0,
        "sellingAndMarketingExpenses": 0,
        "sellingGeneralAndAdministrativeExpenses": 0,
        "otherExpenses": 0,
        "operatingExpenses": 0,
        "costAndExpenses": 0,
        "interestIncome": 0,
        "interestExpense": 0,
        "depreciationAndAmortization": 0,
        "ebitda": 13900000,
        "ebitdaratio": 1,
        "operatingIncome": 13900000,
        "operatingIncomeRatio": 1,
        "totalOtherIncomeExpensesNet": -13900000,
        "incomeBeforeTax": 0,
        "incomeBeforeTaxRatio": 0,
        "incomeTaxExpense": 1500000,
        "netIncome": -1500000,
        "netIncomeRatio": -0.1079136691,
        "eps": -0.13,
        "epsdiluted": -0.13,
        "weightedAverageShsOut": 11909357,
        "weightedAverageShsOutDil": 11909357,
        "link": "",
        "finalLink": ""
    },
    {
        "date": "1991-09-30",
        "symbol": "SANM",
        "reportedCurrency": "USD",
        "cik": "0000897723",
        "fillingDate": "1991-09-30",
        "acceptedDate": "1991-09-29 20:00:00",
        "calendarYear": "1991",
        "period": "Q4",
        "revenue": 14800000,
        "costOfRevenue": 0,
        "grossProfit": 14800000,
        "grossProfitRatio": 1,
        "researchAndDevelopmentExpenses": 0,
        "generalAndAdministrativeExpenses": 0,
        "sellingAndMarketingExpenses": 0,
        "sellingGeneralAndAdministrativeExpenses": 0,
        "otherExpenses": -53900000,
        "operatingExpenses": -53900000,
        "costAndExpenses": -53900000,
        "interestIncome": 0,
        "interestExpense": 0,
        "depreciationAndAmortization": 0,
        "ebitda": -39100000,
        "ebitdaratio": -2.6418918919,
        "operatingIncome": -39100000,
        "operatingIncomeRatio": -2.6418918919,
        "totalOtherIncomeExpensesNet": 39100000,
        "incomeBeforeTax": 0,
        "incomeBeforeTaxRatio": 0,
        "incomeTaxExpense": 600000,
        "netIncome": -600000,
        "netIncomeRatio": -0.0405405405,
        "eps": -0.0504,
        "epsdiluted": -0.0504,
        "weightedAverageShsOut": 11909357,
        "weightedAverageShsOutDil": 11909357,
        "link": "",
        "finalLink": ""
    },
    {
        "date": "1991-06-30",
        "symbol": "SANM",
        "reportedCurrency": "USD",
        "cik": "0000897723",
        "fillingDate": "1991-06-30",
        "acceptedDate": "1991-06-29 20:00:00",
        "calendarYear": "1991",
        "period": "Q3",
        "revenue": 14700000,
        "costOfRevenue": 0,
        "grossProfit": 14700000,
        "grossProfitRatio": 1,
        "researchAndDevelopmentExpenses": 0,
        "generalAndAdministrativeExpenses": 0,
        "sellingAndMarketingExpenses": 0,
        "sellingGeneralAndAdministrativeExpenses": 0,
        "otherExpenses": 0,
        "operatingExpenses": 0,
        "costAndExpenses": 0,
        "interestIncome": 0,
        "interestExpense": 0,
        "depreciationAndAmortization": 0,
        "ebitda": 14700000,
        "ebitdaratio": 1,
        "operatingIncome": 14700000,
        "operatingIncomeRatio": 1,
        "totalOtherIncomeExpensesNet": -14700000,
        "incomeBeforeTax": 0,
        "incomeBeforeTaxRatio": 0,
        "incomeTaxExpense": 500000,
        "netIncome": -500000,
        "netIncomeRatio": -0.0340136054,
        "eps": -0.042,
        "epsdiluted": -0.042,
        "weightedAverageShsOut": 11909357,
        "weightedAverageShsOutDil": 11909357,
        "link": "",
        "finalLink": ""
    },
    {
        "date": "1991-03-31",
        "symbol": "SANM",
        "reportedCurrency": "USD",
        "cik": "0000897723",
        "fillingDate": "1991-03-31",
        "acceptedDate": "1991-03-30 19:00:00",
        "calendarYear": "1991",
        "period": "Q2",
        "revenue": 14700000,
        "costOfRevenue": 0,
        "grossProfit": 14700000,
        "grossProfitRatio": 1,
        "researchAndDevelopmentExpenses": 0,
        "generalAndAdministrativeExpenses": 0,
        "sellingAndMarketingExpenses": 0,
        "sellingGeneralAndAdministrativeExpenses": 0,
        "otherExpenses": 0,
        "operatingExpenses": 0,
        "costAndExpenses": 0,
        "interestIncome": 0,
        "interestExpense": 0,
        "depreciationAndAmortization": 0,
        "ebitda": 14700000,
        "ebitdaratio": 1,
        "operatingIncome": 14700000,
        "operatingIncomeRatio": 1,
        "totalOtherIncomeExpensesNet": -14700000,
        "incomeBeforeTax": 0,
        "incomeBeforeTaxRatio": 0,
        "incomeTaxExpense": 500000,
        "netIncome": -500000,
        "netIncomeRatio": -0.0340136054,
        "eps": -0.042,
        "epsdiluted": -0.042,
        "weightedAverageShsOut": 11909357,
        "weightedAverageShsOutDil": 11909357,
        "link": "",
        "finalLink": ""
    },
    {
        "date": "1990-12-31",
        "symbol": "SANM",
        "reportedCurrency": "USD",
        "cik": "0000897723",
        "fillingDate": "1990-12-31",
        "acceptedDate": "1990-12-30 19:00:00",
        "calendarYear": "1991",
        "period": "Q1",
        "revenue": 14700000,
        "costOfRevenue": 0,
        "grossProfit": 14700000,
        "grossProfitRatio": 1,
        "researchAndDevelopmentExpenses": 0,
        "generalAndAdministrativeExpenses": 0,
        "sellingAndMarketingExpenses": 0,
        "sellingGeneralAndAdministrativeExpenses": 0,
        "otherExpenses": 0,
        "operatingExpenses": 0,
        "costAndExpenses": 0,
        "interestIncome": 0,
        "interestExpense": 0,
        "depreciationAndAmortization": 0,
        "ebitda": 14700000,
        "ebitdaratio": 1,
        "operatingIncome": 14700000,
        "operatingIncomeRatio": 1,
        "totalOtherIncomeExpensesNet": -14700000,
        "incomeBeforeTax": 0,
        "incomeBeforeTaxRatio": 0,
        "incomeTaxExpense": 400000,
        "netIncome": -400000,
        "netIncomeRatio": -0.0272108844,
        "eps": -0.0336,
        "epsdiluted": -0.0336,
        "weightedAverageShsOut": 11909357,
        "weightedAverageShsOutDil": 11909357,
        "link": "",
        "finalLink": ""
    }
]