[
    {
        "date": "2025-06-30",
        "symbol": "SB",
        "reportedCurrency": "USD",
        "cik": "0001434754",
        "fillingDate": "2025-07-30",
        "acceptedDate": "2025-07-30 16:27:43",
        "calendarYear": "2025",
        "period": "Q2",
        "revenue": 65745000,
        "costOfRevenue": 47557000,
        "grossProfit": 18188000,
        "grossProfitRatio": 0.2766446118,
        "researchAndDevelopmentExpenses": 0,
        "generalAndAdministrativeExpenses": 7696000,
        "sellingAndMarketingExpenses": 0,
        "sellingGeneralAndAdministrativeExpenses": 7696000,
        "otherExpenses": 0,
        "operatingExpenses": 7696000,
        "costAndExpenses": 55253000,
        "interestIncome": 1106000,
        "interestExpense": 7841000,
        "depreciationAndAmortization": 15108000,
        "ebitda": 25600000,
        "ebitdaratio": 0.3893832231,
        "operatingIncome": 10492000,
        "operatingIncomeRatio": 0.1595862803,
        "totalOtherIncomeExpensesNet": -8794000,
        "incomeBeforeTax": 1698000,
        "incomeBeforeTaxRatio": 0.0258270591,
        "incomeTaxExpense": 0,
        "netIncome": 1698000,
        "netIncomeRatio": 0.0258270591,
        "eps": -0.0029,
        "epsdiluted": -0.0029,
        "weightedAverageShsOut": 102483778,
        "weightedAverageShsOutDil": 102483778,
        "link": "https://www.sec.gov/Archives/edgar/data/1434754/000131786125000041/0001317861-25-000041-index.htm",
        "finalLink": "https://www.sec.gov/Archives/edgar/data/1434754/000131786125000041/f73025sb6k.htm"
    },
    {
        "date": "2025-03-31",
        "symbol": "SB",
        "reportedCurrency": "USD",
        "cik": "0001434754",
        "fillingDate": "2025-05-20",
        "acceptedDate": "2025-05-20 08:24:30",
        "calendarYear": "2025",
        "period": "Q1",
        "revenue": 64348000,
        "costOfRevenue": 42775000,
        "grossProfit": 21573000,
        "grossProfitRatio": 0.335255175,
        "researchAndDevelopmentExpenses": 0,
        "generalAndAdministrativeExpenses": 6657000,
        "sellingAndMarketingExpenses": 0,
        "sellingGeneralAndAdministrativeExpenses": 6657000,
        "otherExpenses": 0,
        "operatingExpenses": 6657000,
        "costAndExpenses": 49432000,
        "interestIncome": 1226000,
        "interestExpense": 8368000,
        "depreciationAndAmortization": 14688000,
        "ebitda": 14647000,
        "ebitdaratio": 0.2276216821,
        "operatingIncome": 14916000,
        "operatingIncomeRatio": 0.2318020762,
        "totalOtherIncomeExpensesNet": -7671000,
        "incomeBeforeTax": 7245000,
        "incomeBeforeTaxRatio": 0.1125909119,
        "incomeTaxExpense": 0,
        "netIncome": 7245000,
        "netIncomeRatio": 0.1125909119,
        "eps": 0.05,
        "epsdiluted": 0.05,
        "weightedAverageShsOut": 105058628,
        "weightedAverageShsOutDil": 105058628,
        "link": "https://www.sec.gov/Archives/edgar/data/1434754/000131786125000027/0001317861-25-000027-index.htm",
        "finalLink": "https://www.sec.gov/Archives/edgar/data/1434754/000131786125000027/f52025sb6k.htm"
    },
    {
        "date": "2024-12-31",
        "symbol": "SB",
        "reportedCurrency": "USD",
        "cik": "0001434754",
        "fillingDate": "2025-03-10",
        "acceptedDate": "2025-03-10 16:24:14",
        "calendarYear": "2024",
        "period": "Q4",
        "revenue": 71492000,
        "costOfRevenue": 38624000,
        "grossProfit": 32868000,
        "grossProfitRatio": 0.4597437476,
        "researchAndDevelopmentExpenses": 0,
        "generalAndAdministrativeExpenses": 6966000,
        "sellingAndMarketingExpenses": 0,
        "sellingGeneralAndAdministrativeExpenses": 6966000,
        "otherExpenses": 1262000,
        "operatingExpenses": 8228000,
        "costAndExpenses": 46852000,
        "interestIncome": 1027000,
        "interestExpense": 8797000,
        "depreciationAndAmortization": 15917000,
        "ebitda": 43132000,
        "ebitdaratio": 0.6033122587,
        "operatingIncome": 24640000,
        "operatingIncomeRatio": 0.3446539473,
        "totalOtherIncomeExpensesNet": -5279000,
        "incomeBeforeTax": 19361000,
        "incomeBeforeTaxRatio": 0.2708135176,
        "incomeTaxExpense": 0,
        "netIncome": 19361000,
        "netIncomeRatio": 0.2708135176,
        "eps": 0.16,
        "epsdiluted": 0.16,
        "weightedAverageShsOut": 106353000,
        "weightedAverageShsOutDil": 106353000,
        "link": "https://www.sec.gov/Archives/edgar/data/1434754/000162828025011696/0001628280-25-011696-index.htm",
        "finalLink": "https://www.sec.gov/Archives/edgar/data/1434754/000162828025011696/sb-20241231.htm"
    },
    {
        "date": "2024-09-30",
        "symbol": "SB",
        "reportedCurrency": "USD",
        "cik": "0001434754",
        "fillingDate": "2024-09-30",
        "acceptedDate": "2024-09-30 00:00:00",
        "calendarYear": "2024",
        "period": "Q3",
        "revenue": 75923000,
        "costOfRevenue": 42209000,
        "grossProfit": 33714000,
        "grossProfitRatio": 0.4440551612,
        "researchAndDevelopmentExpenses": 0,
        "generalAndAdministrativeExpenses": 6996000,
        "sellingAndMarketingExpenses": 0,
        "sellingGeneralAndAdministrativeExpenses": 6996000,
        "otherExpenses": -7674000,
        "operatingExpenses": -678000,
        "costAndExpenses": 41531000,
        "interestIncome": 725000,
        "interestExpense": 8460000,
        "depreciationAndAmortization": 14669000,
        "ebitda": 48252000,
        "ebitdaratio": 0.6355386378,
        "operatingIncome": 34392000,
        "operatingIncomeRatio": 0.4529852614,
        "totalOtherIncomeExpensesNet": -9269000,
        "incomeBeforeTax": 25123000,
        "incomeBeforeTaxRatio": 0.3309010445,
        "incomeTaxExpense": 0,
        "netIncome": 25123000,
        "netIncomeRatio": 0.3309010445,
        "eps": 0.22,
        "epsdiluted": 0.22,
        "weightedAverageShsOut": 106774000,
        "weightedAverageShsOutDil": 106774000,
        "link": null,
        "finalLink": null
    },
    {
        "date": "2024-06-30",
        "symbol": "SB",
        "reportedCurrency": "USD",
        "cik": "0001434754",
        "fillingDate": "2024-06-30",
        "acceptedDate": "2024-06-28 20:00:00",
        "calendarYear": "2024",
        "period": "Q2",
        "revenue": 78548000,
        "costOfRevenue": 44105000,
        "grossProfit": 34443000,
        "grossProfitRatio": 0.4384962061,
        "researchAndDevelopmentExpenses": 0,
        "generalAndAdministrativeExpenses": 6592000,
        "sellingAndMarketingExpenses": 0,
        "sellingGeneralAndAdministrativeExpenses": 6592000,
        "otherExpenses": -6615000,
        "operatingExpenses": -23000,
        "costAndExpenses": 44082000,
        "interestIncome": 782000,
        "interestExpense": 8382000,
        "depreciationAndAmortization": 14138000,
        "ebitda": 41989000,
        "ebitdaratio": 0.5345648521,
        "operatingIncome": 34466000,
        "operatingIncomeRatio": 0.4387890207,
        "totalOtherIncomeExpensesNet": -6871000,
        "incomeBeforeTax": 27595000,
        "incomeBeforeTaxRatio": 0.3513138463,
        "incomeTaxExpense": 0,
        "netIncome": 27595000,
        "netIncomeRatio": 0.3513138463,
        "eps": 0.24,
        "epsdiluted": 0.24,
        "weightedAverageShsOut": 106768000,
        "weightedAverageShsOutDil": 106768000,
        "link": null,
        "finalLink": null
    },
    {
        "date": "2024-03-31",
        "symbol": "SB",
        "reportedCurrency": "USD",
        "cik": "0001434754",
        "fillingDate": "2024-03-31",
        "acceptedDate": "2024-03-29 20:00:00",
        "calendarYear": "2024",
        "period": "Q1",
        "revenue": 81669000,
        "costOfRevenue": 42525000,
        "grossProfit": 39144000,
        "grossProfitRatio": 0.4793005914,
        "researchAndDevelopmentExpenses": 0,
        "generalAndAdministrativeExpenses": 6480,
        "sellingAndMarketingExpenses": 6473519,
        "sellingGeneralAndAdministrativeExpenses": 6480000,
        "otherExpenses": 0,
        "operatingExpenses": 6480000,
        "costAndExpenses": 49005000,
        "interestIncome": 861000,
        "interestExpense": 9310000,
        "depreciationAndAmortization": 14353000,
        "ebitda": 48961000,
        "ebitdaratio": 0.5995053203,
        "operatingIncome": 32664000,
        "operatingIncomeRatio": 0.3999559196,
        "totalOtherIncomeExpensesNet": -7366000,
        "incomeBeforeTax": 25298000,
        "incomeBeforeTaxRatio": 0.3097625782,
        "incomeTaxExpense": 0,
        "netIncome": 25298000,
        "netIncomeRatio": 0.3097625782,
        "eps": 0.21,
        "epsdiluted": 0.21,
        "weightedAverageShsOut": 110394226,
        "weightedAverageShsOutDil": 110394226,
        "link": null,
        "finalLink": null
    },
    {
        "date": "2023-12-31",
        "symbol": "SB",
        "reportedCurrency": "USD",
        "cik": "0001434754",
        "fillingDate": "2024-02-29",
        "acceptedDate": "2024-02-29 08:16:47",
        "calendarYear": "2023",
        "period": "Q4",
        "revenue": 82289000,
        "costOfRevenue": 39395000,
        "grossProfit": 42894000,
        "grossProfitRatio": 0.5212604358,
        "researchAndDevelopmentExpenses": 0,
        "generalAndAdministrativeExpenses": 6227000,
        "sellingAndMarketingExpenses": 0,
        "sellingGeneralAndAdministrativeExpenses": 6227000,
        "otherExpenses": 0,
        "operatingExpenses": 6227000,
        "costAndExpenses": 45069000,
        "interestIncome": 830000,
        "interestExpense": 7977000,
        "depreciationAndAmortization": 14216000,
        "ebitda": 49014000,
        "ebitdaratio": 0.5956324661,
        "operatingIncome": 37220000,
        "operatingIncomeRatio": 0.452308328,
        "totalOtherIncomeExpensesNet": -9610000,
        "incomeBeforeTax": 27611000,
        "incomeBeforeTaxRatio": 0.335536949,
        "incomeTaxExpense": 0,
        "netIncome": 27610000,
        "netIncomeRatio": 0.3355247968,
        "eps": 0.23,
        "epsdiluted": 0.23,
        "weightedAverageShsOut": 111612599,
        "weightedAverageShsOutDil": 111612599,
        "link": "https://www.sec.gov/Archives/edgar/data/1434754/000162828024007809/0001628280-24-007809-index.htm",
        "finalLink": "https://www.sec.gov/Archives/edgar/data/1434754/000162828024007809/sb-20231231.htm"
    },
    {
        "date": "2023-09-30",
        "symbol": "SB",
        "reportedCurrency": "USD",
        "cik": "0001434754",
        "fillingDate": "2023-09-30",
        "acceptedDate": "2023-09-29 20:00:00",
        "calendarYear": "2023",
        "period": "Q3",
        "revenue": 64650000,
        "costOfRevenue": 41433000,
        "grossProfit": 23217000,
        "grossProfitRatio": 0.3591183295,
        "researchAndDevelopmentExpenses": 0,
        "generalAndAdministrativeExpenses": 5899000,
        "sellingAndMarketingExpenses": 0,
        "sellingGeneralAndAdministrativeExpenses": 5899000,
        "otherExpenses": 0,
        "operatingExpenses": 5899000,
        "costAndExpenses": 47332000,
        "interestIncome": 841000,
        "interestExpense": 7021000,
        "depreciationAndAmortization": 13735000,
        "ebitda": 35801000,
        "ebitdaratio": 0.5537664346,
        "operatingIncome": 20634000,
        "operatingIncomeRatio": 0.3191647332,
        "totalOtherIncomeExpensesNet": -5589000,
        "incomeBeforeTax": 15045000,
        "incomeBeforeTaxRatio": 0.2327146172,
        "incomeTaxExpense": 0,
        "netIncome": 15045000,
        "netIncomeRatio": 0.2327146172,
        "eps": 0.12,
        "epsdiluted": 0.12,
        "weightedAverageShsOut": 111603616,
        "weightedAverageShsOutDil": 111603616,
        "link": null,
        "finalLink": null
    },
    {
        "date": "2023-06-30",
        "symbol": "SB",
        "reportedCurrency": "USD",
        "cik": "0001434754",
        "fillingDate": "2023-06-30",
        "acceptedDate": "2023-06-30 00:00:00",
        "calendarYear": "2023",
        "period": "Q2",
        "revenue": 70617000,
        "costOfRevenue": 43333000,
        "grossProfit": 27284000,
        "grossProfitRatio": 0.3863658892,
        "researchAndDevelopmentExpenses": 0,
        "generalAndAdministrativeExpenses": 5748000,
        "sellingAndMarketingExpenses": 0,
        "sellingGeneralAndAdministrativeExpenses": 5748000,
        "otherExpenses": 0,
        "operatingExpenses": 5748000,
        "costAndExpenses": 49081000,
        "interestIncome": 455000,
        "interestExpense": 6663000,
        "depreciationAndAmortization": 13167000,
        "ebitda": 35214000,
        "ebitdaratio": 0.4986617953,
        "operatingIncome": 21536000,
        "operatingIncomeRatio": 0.3049690584,
        "totalOtherIncomeExpensesNet": -6152000,
        "incomeBeforeTax": 15384000,
        "incomeBeforeTaxRatio": 0.2178512256,
        "incomeTaxExpense": 0,
        "netIncome": 15384000,
        "netIncomeRatio": 0.2178512256,
        "eps": 0.12,
        "epsdiluted": 0.12,
        "weightedAverageShsOut": 112949196,
        "weightedAverageShsOutDil": 112949196,
        "link": null,
        "finalLink": null
    },
    {
        "date": "2023-03-31",
        "symbol": "SB",
        "reportedCurrency": "USD",
        "cik": "0001434754",
        "fillingDate": "2023-03-31",
        "acceptedDate": "2023-03-31 00:00:00",
        "calendarYear": "2023",
        "period": "Q1",
        "revenue": 66845000,
        "costOfRevenue": 40835000,
        "grossProfit": 26010000,
        "grossProfitRatio": 0.3891091331,
        "researchAndDevelopmentExpenses": 0,
        "generalAndAdministrativeExpenses": 5889000,
        "sellingAndMarketingExpenses": 0,
        "sellingGeneralAndAdministrativeExpenses": 5889000,
        "otherExpenses": 0,
        "operatingExpenses": 5889000,
        "costAndExpenses": 46724000,
        "interestIncome": 371000,
        "interestExpense": 6283000,
        "depreciationAndAmortization": 13011000,
        "ebitda": 38605000,
        "ebitdaratio": 0.577530107,
        "operatingIncome": 9073000,
        "operatingIncomeRatio": 0.1357319171,
        "totalOtherIncomeExpensesNet": 10238000,
        "incomeBeforeTax": 19311000,
        "incomeBeforeTaxRatio": 0.2888922133,
        "incomeTaxExpense": 10743000,
        "netIncome": 8568000,
        "netIncomeRatio": 0.1281771262,
        "eps": 0.0724,
        "epsdiluted": 0.0724,
        "weightedAverageShsOut": 118407777,
        "weightedAverageShsOutDil": 118407777,
        "link": null,
        "finalLink": null
    },
    {
        "date": "2022-12-31",
        "symbol": "SB",
        "reportedCurrency": "USD",
        "cik": "0001434754",
        "fillingDate": "2023-03-06",
        "acceptedDate": "2023-03-06 08:21:26",
        "calendarYear": "2022",
        "period": "Q4",
        "revenue": 86657000,
        "costOfRevenue": 37520000,
        "grossProfit": 49137000,
        "grossProfitRatio": 0.5670286301,
        "researchAndDevelopmentExpenses": 0,
        "generalAndAdministrativeExpenses": 5818000,
        "sellingAndMarketingExpenses": 0,
        "sellingGeneralAndAdministrativeExpenses": 5818000,
        "otherExpenses": 3570000,
        "operatingExpenses": 9388000,
        "costAndExpenses": 46908000,
        "interestIncome": 487000,
        "interestExpense": 6786000,
        "depreciationAndAmortization": 13037000,
        "ebitda": 54696000,
        "ebitdaratio": 0.6311780929,
        "operatingIncome": 39749000,
        "operatingIncomeRatio": 0.4586934697,
        "totalOtherIncomeExpensesNet": -4876000,
        "incomeBeforeTax": 34873000,
        "incomeBeforeTaxRatio": 0.4024256552,
        "incomeTaxExpense": 0,
        "netIncome": 34873000,
        "netIncomeRatio": 0.4024256552,
        "eps": 0.28,
        "epsdiluted": 0.28,
        "weightedAverageShsOut": 118936165,
        "weightedAverageShsOutDil": 118936165,
        "link": "https://www.sec.gov/Archives/edgar/data/1434754/000162828023006448/0001628280-23-006448-index.htm",
        "finalLink": "https://www.sec.gov/Archives/edgar/data/1434754/000162828023006448/sb-20221231.htm"
    },
    {
        "date": "2022-09-30",
        "symbol": "SB",
        "reportedCurrency": "USD",
        "cik": "0001434754",
        "fillingDate": "2022-09-30",
        "acceptedDate": "2022-09-30 00:00:00",
        "calendarYear": "2022",
        "period": "Q3",
        "revenue": 93714000,
        "costOfRevenue": 34215000,
        "grossProfit": 59499000,
        "grossProfitRatio": 0.6348998015,
        "researchAndDevelopmentExpenses": 0,
        "generalAndAdministrativeExpenses": 5413000,
        "sellingAndMarketingExpenses": 0,
        "sellingGeneralAndAdministrativeExpenses": 5413000,
        "otherExpenses": 0,
        "operatingExpenses": 5413000,
        "costAndExpenses": 39628000,
        "interestIncome": 237000,
        "interestExpense": 5553000,
        "depreciationAndAmortization": 12947000,
        "ebitda": 69487000,
        "ebitdaratio": 0.7414793948,
        "operatingIncome": 54086000,
        "operatingIncomeRatio": 0.5771389547,
        "totalOtherIncomeExpensesNet": -3099000,
        "incomeBeforeTax": 50987000,
        "incomeBeforeTaxRatio": 0.5440702563,
        "incomeTaxExpense": 0,
        "netIncome": 50987000,
        "netIncomeRatio": 0.5440702563,
        "eps": 0.42,
        "epsdiluted": 0.42,
        "weightedAverageShsOut": 120431898,
        "weightedAverageShsOutDil": 120431898,
        "link": null,
        "finalLink": null
    },
    {
        "date": "2022-06-30",
        "symbol": "SB",
        "reportedCurrency": "USD",
        "cik": "0001434754",
        "fillingDate": "2022-06-30",
        "acceptedDate": "2022-06-30 00:00:00",
        "calendarYear": "2022",
        "period": "Q2",
        "revenue": 91601000,
        "costOfRevenue": 31953000,
        "grossProfit": 59648000,
        "grossProfitRatio": 0.6511719304,
        "researchAndDevelopmentExpenses": 0,
        "generalAndAdministrativeExpenses": 5160000,
        "sellingAndMarketingExpenses": 0,
        "sellingGeneralAndAdministrativeExpenses": 5160000,
        "otherExpenses": 0,
        "operatingExpenses": 5160000,
        "costAndExpenses": 37113000,
        "interestIncome": 44000,
        "interestExpense": 4151000,
        "depreciationAndAmortization": 12228000,
        "ebitda": 66708000,
        "ebitdaratio": 0.7282453248,
        "operatingIncome": 54488000,
        "operatingIncomeRatio": 0.5948406677,
        "totalOtherIncomeExpensesNet": -4159000,
        "incomeBeforeTax": 50329000,
        "incomeBeforeTaxRatio": 0.5494372332,
        "incomeTaxExpense": 0,
        "netIncome": 50329000,
        "netIncomeRatio": 0.5494372332,
        "eps": 0.41,
        "epsdiluted": 0.41,
        "weightedAverageShsOut": 121625952,
        "weightedAverageShsOutDil": 121625952,
        "link": null,
        "finalLink": null
    },
    {
        "date": "2022-03-31",
        "symbol": "SB",
        "reportedCurrency": "USD",
        "cik": "0001434754",
        "fillingDate": "2022-05-26",
        "acceptedDate": "2022-05-26 16:41:05",
        "calendarYear": "2022",
        "period": "Q1",
        "revenue": 77746000,
        "costOfRevenue": 36010000,
        "grossProfit": 41736000,
        "grossProfitRatio": 0.5368250457,
        "researchAndDevelopmentExpenses": 0,
        "generalAndAdministrativeExpenses": 5411000,
        "sellingAndMarketingExpenses": 0,
        "sellingGeneralAndAdministrativeExpenses": 5411000,
        "otherExpenses": 0,
        "operatingExpenses": 5411000,
        "costAndExpenses": 41421000,
        "interestIncome": 15000,
        "interestExpense": 4009000,
        "depreciationAndAmortization": 11306000,
        "ebitda": 51680000,
        "ebitdaratio": 0.664728732,
        "operatingIncome": 36325000,
        "operatingIncomeRatio": 0.4672266097,
        "totalOtherIncomeExpensesNet": 40000,
        "incomeBeforeTax": 36365000,
        "incomeBeforeTaxRatio": 0.4677411057,
        "incomeTaxExpense": 0,
        "netIncome": 36365000,
        "netIncomeRatio": 0.4677411057,
        "eps": 0.3,
        "epsdiluted": 0.3,
        "weightedAverageShsOut": 121652295,
        "weightedAverageShsOutDil": 121652295,
        "link": "https://www.sec.gov/Archives/edgar/data/1434754/000131786122000031/0001317861-22-000031-index.htm",
        "finalLink": "https://www.sec.gov/Archives/edgar/data/1434754/000131786122000031/f52622sb6k.htm"
    },
    {
        "date": "2021-12-31",
        "symbol": "SB",
        "reportedCurrency": "USD",
        "cik": "0001434754",
        "fillingDate": "2022-03-30",
        "acceptedDate": "2022-03-30 16:05:27",
        "calendarYear": "2021",
        "period": "Q4",
        "revenue": 92441000,
        "costOfRevenue": 32261000,
        "grossProfit": 60180000,
        "grossProfitRatio": 0.6510098333,
        "researchAndDevelopmentExpenses": 0,
        "generalAndAdministrativeExpenses": 5474000,
        "sellingAndMarketingExpenses": 0,
        "sellingGeneralAndAdministrativeExpenses": 5474000,
        "otherExpenses": 0,
        "operatingExpenses": 5474000,
        "costAndExpenses": 37735000,
        "interestIncome": 6000,
        "interestExpense": 4320000,
        "depreciationAndAmortization": 13211000,
        "ebitda": 67916000,
        "ebitdaratio": 0.7346956437,
        "operatingIncome": 65653000,
        "operatingIncomeRatio": 0.7102151643,
        "totalOtherIncomeExpensesNet": -447000,
        "incomeBeforeTax": 65205000,
        "incomeBeforeTaxRatio": 0.7053688298,
        "incomeTaxExpense": 447000,
        "netIncome": 65205000,
        "netIncomeRatio": 0.7053688298,
        "eps": 0.51,
        "epsdiluted": 0.51,
        "weightedAverageShsOut": 121644971,
        "weightedAverageShsOutDil": 121644971,
        "link": "https://www.sec.gov/Archives/edgar/data/1434754/000162828022007872/0001628280-22-007872-index.htm",
        "finalLink": "https://www.sec.gov/Archives/edgar/data/1434754/000162828022007872/sb-20211231.htm"
    },
    {
        "date": "2021-09-30",
        "symbol": "SB",
        "reportedCurrency": "USD",
        "cik": "0001434754",
        "fillingDate": "2021-11-05",
        "acceptedDate": "2021-11-05 16:02:59",
        "calendarYear": "2021",
        "period": "Q3",
        "revenue": 92494000,
        "costOfRevenue": 31474000,
        "grossProfit": 61020000,
        "grossProfitRatio": 0.6597184682,
        "researchAndDevelopmentExpenses": 0,
        "generalAndAdministrativeExpenses": 5927000,
        "sellingAndMarketingExpenses": 0,
        "sellingGeneralAndAdministrativeExpenses": 5927000,
        "otherExpenses": 5476000,
        "operatingExpenses": 6012000,
        "costAndExpenses": 37486000,
        "interestIncome": 11000,
        "interestExpense": 4414000,
        "depreciationAndAmortization": 12823000,
        "ebitda": 72616000,
        "ebitdaratio": 0.7850887625,
        "operatingIncome": 59033000,
        "operatingIncomeRatio": 0.6382359937,
        "totalOtherIncomeExpensesNet": -3654000,
        "incomeBeforeTax": 55379000,
        "incomeBeforeTaxRatio": 0.5987307285,
        "incomeTaxExpense": 0,
        "netIncome": 55379000,
        "netIncomeRatio": 0.5987307285,
        "eps": 0.44,
        "epsdiluted": 0.44,
        "weightedAverageShsOut": 119891929,
        "weightedAverageShsOutDil": 119891929,
        "link": "https://www.sec.gov/Archives/edgar/data/1434754/000162828021021998/0001628280-21-021998-index.htm",
        "finalLink": "https://www.sec.gov/Archives/edgar/data/1434754/000162828021021998/0001628280-21-021998.txt"
    },
    {
        "date": "2021-06-30",
        "symbol": "SB",
        "reportedCurrency": "USD",
        "cik": "0001434754",
        "fillingDate": "2021-07-29",
        "acceptedDate": "2021-07-29 16:06:29",
        "calendarYear": "2021",
        "period": "Q2",
        "revenue": 81578000,
        "costOfRevenue": 34842000,
        "grossProfit": 46736000,
        "grossProfitRatio": 0.5728995563,
        "researchAndDevelopmentExpenses": 0,
        "generalAndAdministrativeExpenses": 5618000,
        "sellingAndMarketingExpenses": 0,
        "sellingGeneralAndAdministrativeExpenses": 5618000,
        "otherExpenses": 0,
        "operatingExpenses": 5618000,
        "costAndExpenses": 40460000,
        "interestIncome": 19000,
        "interestExpense": 4859000,
        "depreciationAndAmortization": 13006000,
        "ebitda": 50311000,
        "ebitdaratio": 0.6167226458,
        "operatingIncome": 39145000,
        "operatingIncomeRatio": 0.4798475079,
        "totalOtherIncomeExpensesNet": -6699000,
        "incomeBeforeTax": 32446000,
        "incomeBeforeTaxRatio": 0.3977297801,
        "incomeTaxExpense": 0,
        "netIncome": 32446000,
        "netIncomeRatio": 0.3977297801,
        "eps": 0.27,
        "epsdiluted": 0.27,
        "weightedAverageShsOut": 109696378,
        "weightedAverageShsOutDil": 109696378,
        "link": "https://www.sec.gov/Archives/edgar/data/1434754/000162828021014879/0001628280-21-014879-index.htm",
        "finalLink": "https://www.sec.gov/Archives/edgar/data/1434754/000162828021014879/0001628280-21-014879.txt"
    },
    {
        "date": "2021-03-31",
        "symbol": "SB",
        "reportedCurrency": "USD",
        "cik": "0001434754",
        "fillingDate": "2021-03-31",
        "acceptedDate": "2021-03-31 00:00:00",
        "calendarYear": "2021",
        "period": "Q1",
        "revenue": 62518000,
        "costOfRevenue": 35588000,
        "grossProfit": 26930000,
        "grossProfitRatio": 0.4307559423,
        "researchAndDevelopmentExpenses": 0,
        "generalAndAdministrativeExpenses": 5479000,
        "sellingAndMarketingExpenses": 0,
        "sellingGeneralAndAdministrativeExpenses": 5479000,
        "otherExpenses": 0,
        "operatingExpenses": 5479000,
        "costAndExpenses": 41067000,
        "interestIncome": 33000,
        "interestExpense": 4823000,
        "depreciationAndAmortization": 13324000,
        "ebitda": 39465000,
        "ebitdaratio": 0.6312581976,
        "operatingIncome": 27586000,
        "operatingIncomeRatio": 0.4412489203,
        "totalOtherIncomeExpensesNet": -6268000,
        "incomeBeforeTax": 21318000,
        "incomeBeforeTaxRatio": 0.3409897949,
        "incomeTaxExpense": 0,
        "netIncome": 21318000,
        "netIncomeRatio": 0.3409897949,
        "eps": 0.18,
        "epsdiluted": 0.18,
        "weightedAverageShsOut": 103363376,
        "weightedAverageShsOutDil": 103363376,
        "link": null,
        "finalLink": null
    },
    {
        "date": "2020-12-31",
        "symbol": "SB",
        "reportedCurrency": "USD",
        "cik": "0001434754",
        "fillingDate": "2021-03-30",
        "acceptedDate": "2021-03-30 16:58:22",
        "calendarYear": "2020",
        "period": "Q4",
        "revenue": 52229000,
        "costOfRevenue": 33960000,
        "grossProfit": 18269000,
        "grossProfitRatio": 0.3497865171,
        "researchAndDevelopmentExpenses": 0,
        "generalAndAdministrativeExpenses": 5677000,
        "sellingAndMarketingExpenses": 0,
        "sellingGeneralAndAdministrativeExpenses": 5677000,
        "otherExpenses": 0,
        "operatingExpenses": 5677000,
        "costAndExpenses": 39637000,
        "interestIncome": 41000,
        "interestExpense": 4909000,
        "depreciationAndAmortization": 13874000,
        "ebitda": 26225000,
        "ebitdaratio": 0.5021156829,
        "operatingIncome": 12351000,
        "operatingIncomeRatio": 0.2364778188,
        "totalOtherIncomeExpensesNet": -4737000,
        "incomeBeforeTax": 7614000,
        "incomeBeforeTaxRatio": 0.1457810795,
        "incomeTaxExpense": 0,
        "netIncome": 7614000,
        "netIncomeRatio": 0.1457810795,
        "eps": 0.04,
        "epsdiluted": 0.04,
        "weightedAverageShsOut": 102182980,
        "weightedAverageShsOutDil": 102186132,
        "link": "https://www.sec.gov/Archives/edgar/data/1434754/000162828021006132/0001628280-21-006132-index.htm",
        "finalLink": "https://www.sec.gov/Archives/edgar/data/1434754/000162828021006132/sb-20201231.htm"
    },
    {
        "date": "2020-09-30",
        "symbol": "SB",
        "reportedCurrency": "USD",
        "cik": "0001434754",
        "fillingDate": "2020-11-12",
        "acceptedDate": "2020-11-12 16:35:38",
        "calendarYear": "2020",
        "period": "Q3",
        "revenue": 51933000,
        "costOfRevenue": 37826000,
        "grossProfit": 14107000,
        "grossProfitRatio": 0.2716384572,
        "researchAndDevelopmentExpenses": 0,
        "generalAndAdministrativeExpenses": 5480000,
        "sellingAndMarketingExpenses": 0,
        "sellingGeneralAndAdministrativeExpenses": 5480000,
        "otherExpenses": 0,
        "operatingExpenses": 5480000,
        "costAndExpenses": 43306000,
        "interestIncome": 44000,
        "interestExpense": 5145000,
        "depreciationAndAmortization": 13830000,
        "ebitda": 22457000,
        "ebitdaratio": 0.4324225444,
        "operatingIncome": 8627000,
        "operatingIncomeRatio": 0.1661178827,
        "totalOtherIncomeExpensesNet": -5316000,
        "incomeBeforeTax": 3311000,
        "incomeBeforeTaxRatio": 0.0637552231,
        "incomeTaxExpense": 0,
        "netIncome": 3311000,
        "netIncomeRatio": 0.0637552231,
        "eps": 0.0007,
        "epsdiluted": 0.0007,
        "weightedAverageShsOut": 102160308,
        "weightedAverageShsOutDil": 102160308,
        "link": "https://www.sec.gov/Archives/edgar/data/1434754/000131786120000039/0001317861-20-000039-index.htm",
        "finalLink": "https://www.sec.gov/Archives/edgar/data/1434754/000131786120000039/f111220sb6k.htm"
    },
    {
        "date": "2020-06-30",
        "symbol": "SB",
        "reportedCurrency": "USD",
        "cik": "0001434754",
        "fillingDate": "2020-08-04",
        "acceptedDate": "2020-08-04 16:39:11",
        "calendarYear": "2020",
        "period": "Q2",
        "revenue": 48281000,
        "costOfRevenue": 50042000,
        "grossProfit": -1761000,
        "grossProfitRatio": -0.0364739753,
        "researchAndDevelopmentExpenses": 0,
        "generalAndAdministrativeExpenses": 5230000,
        "sellingAndMarketingExpenses": 0,
        "sellingGeneralAndAdministrativeExpenses": 5230000,
        "otherExpenses": 0,
        "operatingExpenses": 5230000,
        "costAndExpenses": 55272000,
        "interestIncome": 135000,
        "interestExpense": 6475000,
        "depreciationAndAmortization": 13458000,
        "ebitda": 6053000,
        "ebitdaratio": 0.1253702285,
        "operatingIncome": -6991000,
        "operatingIncomeRatio": -0.1447981608,
        "totalOtherIncomeExpensesNet": -6890000,
        "incomeBeforeTax": -13881000,
        "incomeBeforeTaxRatio": -0.2875044013,
        "incomeTaxExpense": 0,
        "netIncome": -13881000,
        "netIncomeRatio": -0.2875044013,
        "eps": -0.14,
        "epsdiluted": -0.13,
        "weightedAverageShsOut": 102726266,
        "weightedAverageShsOutDil": 103408846,
        "link": "https://www.sec.gov/Archives/edgar/data/1434754/000143475420000017/0001434754-20-000017-index.htm",
        "finalLink": "https://www.sec.gov/Archives/edgar/data/1434754/000143475420000017/0001434754-20-000017.txt"
    },
    {
        "date": "2020-03-31",
        "symbol": "SB",
        "reportedCurrency": "USD",
        "cik": "0001434754",
        "fillingDate": "2020-03-31",
        "acceptedDate": "2020-03-31 00:00:00",
        "calendarYear": "2020",
        "period": "Q1",
        "revenue": 45715000,
        "costOfRevenue": 44109000,
        "grossProfit": 1606000,
        "grossProfitRatio": 0.0351307011,
        "researchAndDevelopmentExpenses": 0,
        "generalAndAdministrativeExpenses": 5115000,
        "sellingAndMarketingExpenses": 0,
        "sellingGeneralAndAdministrativeExpenses": 5115000,
        "otherExpenses": 0,
        "operatingExpenses": 5115000,
        "costAndExpenses": 49224000,
        "interestIncome": 384000,
        "interestExpense": 7072000,
        "depreciationAndAmortization": 13107000,
        "ebitda": 9598000,
        "ebitdaratio": 0.2099529695,
        "operatingIncome": -3509000,
        "operatingIncomeRatio": -0.0767581757,
        "totalOtherIncomeExpensesNet": -6440000,
        "incomeBeforeTax": -9949000,
        "incomeBeforeTaxRatio": -0.2176309745,
        "incomeTaxExpense": 16000,
        "netIncome": -9949000,
        "netIncomeRatio": -0.2176309745,
        "eps": -0.0962,
        "epsdiluted": -0.0962,
        "weightedAverageShsOut": 103408846,
        "weightedAverageShsOutDil": 103408846,
        "link": null,
        "finalLink": null
    },
    {
        "date": "2019-12-31",
        "symbol": "SB",
        "reportedCurrency": "USD",
        "cik": "0001434754",
        "fillingDate": "2020-03-25",
        "acceptedDate": "2020-03-25 09:24:23",
        "calendarYear": "2019",
        "period": "Q4",
        "revenue": 53246000,
        "costOfRevenue": 37235000,
        "grossProfit": 16011000,
        "grossProfitRatio": 0.300698644,
        "researchAndDevelopmentExpenses": 0,
        "generalAndAdministrativeExpenses": 5332000,
        "sellingAndMarketingExpenses": 0,
        "sellingGeneralAndAdministrativeExpenses": 5332000,
        "otherExpenses": 0,
        "operatingExpenses": 5332000,
        "costAndExpenses": 42567000,
        "interestIncome": 328000,
        "interestExpense": 7485000,
        "depreciationAndAmortization": 12935000,
        "ebitda": 23549000,
        "ebitdaratio": 0.4422679638,
        "operatingIncome": 10613000,
        "operatingIncomeRatio": 0.1993201367,
        "totalOtherIncomeExpensesNet": -7060000,
        "incomeBeforeTax": 3554000,
        "incomeBeforeTaxRatio": 0.0667467979,
        "incomeTaxExpense": 0,
        "netIncome": 3554000,
        "netIncomeRatio": 0.0667467979,
        "eps": 0.01,
        "epsdiluted": 0.01,
        "weightedAverageShsOut": 102631267,
        "weightedAverageShsOutDil": 102631267,
        "link": "https://www.sec.gov/Archives/edgar/data/1434754/000143475420000010/0001434754-20-000010-index.htm",
        "finalLink": "https://www.sec.gov/Archives/edgar/data/1434754/000143475420000010/safebulkers-20f2019.htm"
    },
    {
        "date": "2019-09-30",
        "symbol": "SB",
        "reportedCurrency": "USD",
        "cik": "0001434754",
        "fillingDate": "2019-10-25",
        "acceptedDate": "2019-10-25 09:16:57",
        "calendarYear": "2019",
        "period": "Q3",
        "revenue": 50714000,
        "costOfRevenue": 33026000,
        "grossProfit": 17688000,
        "grossProfitRatio": 0.3487794297,
        "researchAndDevelopmentExpenses": 0,
        "generalAndAdministrativeExpenses": 5140000,
        "sellingAndMarketingExpenses": 0,
        "sellingGeneralAndAdministrativeExpenses": 5140000,
        "otherExpenses": 0,
        "operatingExpenses": 5140000,
        "costAndExpenses": 38166000,
        "interestIncome": 410000,
        "interestExpense": 7087000,
        "depreciationAndAmortization": 12669000,
        "ebitda": 24806000,
        "ebitdaratio": 0.4891351501,
        "operatingIncome": 12137000,
        "operatingIncomeRatio": 0.2393224751,
        "totalOtherIncomeExpensesNet": -6890000,
        "incomeBeforeTax": 5247000,
        "incomeBeforeTaxRatio": 0.1034625547,
        "incomeTaxExpense": 0,
        "netIncome": 5247000,
        "netIncomeRatio": 0.1034625547,
        "eps": 0.02,
        "epsdiluted": 0.02,
        "weightedAverageShsOut": 101279564,
        "weightedAverageShsOutDil": 101279564,
        "link": "https://www.sec.gov/Archives/edgar/data/1434754/000131786119000039/0001317861-19-000039-index.htm",
        "finalLink": "https://www.sec.gov/Archives/edgar/data/1434754/000131786119000039/f102519sb6k.htm"
    },
    {
        "date": "2019-06-30",
        "symbol": "SB",
        "reportedCurrency": "USD",
        "cik": "0001434754",
        "fillingDate": "2019-07-15",
        "acceptedDate": "2019-07-15 16:18:33",
        "calendarYear": "2019",
        "period": "Q2",
        "revenue": 45515000,
        "costOfRevenue": 31756000,
        "grossProfit": 13759000,
        "grossProfitRatio": 0.3022959464,
        "researchAndDevelopmentExpenses": 0,
        "generalAndAdministrativeExpenses": 5096000,
        "sellingAndMarketingExpenses": 0,
        "sellingGeneralAndAdministrativeExpenses": 5096000,
        "otherExpenses": 0,
        "operatingExpenses": 5096000,
        "costAndExpenses": 36852000,
        "interestIncome": 399000,
        "interestExpense": 7401000,
        "depreciationAndAmortization": 12426000,
        "ebitda": 21089000,
        "ebitdaratio": 0.4633417555,
        "operatingIncome": 8663000,
        "operatingIncomeRatio": 0.1903328573,
        "totalOtherIncomeExpensesNet": -6845000,
        "incomeBeforeTax": 1818000,
        "incomeBeforeTaxRatio": 0.039942876,
        "incomeTaxExpense": 0,
        "netIncome": 1818000,
        "netIncomeRatio": 0.039942876,
        "eps": -0.01,
        "epsdiluted": -0.01,
        "weightedAverageShsOut": 101262808,
        "weightedAverageShsOutDil": 101262808,
        "link": "https://www.sec.gov/Archives/edgar/data/1434754/000131786119000026/0001317861-19-000026-index.htm",
        "finalLink": "https://www.sec.gov/Archives/edgar/data/1434754/000131786119000026/f071519sb6k.htm"
    },
    {
        "date": "2019-03-31",
        "symbol": "SB",
        "reportedCurrency": "USD",
        "cik": "0001434754",
        "fillingDate": "2019-05-28",
        "acceptedDate": "2019-05-28 16:30:23",
        "calendarYear": "2019",
        "period": "Q1",
        "revenue": 48285000,
        "costOfRevenue": 30576000,
        "grossProfit": 17709000,
        "grossProfitRatio": 0.3667598633,
        "researchAndDevelopmentExpenses": 0,
        "generalAndAdministrativeExpenses": 5071000,
        "sellingAndMarketingExpenses": 0,
        "sellingGeneralAndAdministrativeExpenses": 5071000,
        "otherExpenses": 0,
        "operatingExpenses": 5071000,
        "costAndExpenses": 35647000,
        "interestIncome": 422000,
        "interestExpense": 7402000,
        "depreciationAndAmortization": 12280000,
        "ebitda": 24918000,
        "ebitdaratio": 0.5160608885,
        "operatingIncome": 12638000,
        "operatingIncomeRatio": 0.2617375997,
        "totalOtherIncomeExpensesNet": -7219000,
        "incomeBeforeTax": 5419000,
        "incomeBeforeTaxRatio": 0.1122294709,
        "incomeTaxExpense": 0,
        "netIncome": 5419000,
        "netIncomeRatio": 0.1122294709,
        "eps": 0.03,
        "epsdiluted": 0.03,
        "weightedAverageShsOut": 101564355,
        "weightedAverageShsOutDil": 101564355,
        "link": "https://www.sec.gov/Archives/edgar/data/1434754/000131786119000018/0001317861-19-000018-index.htm",
        "finalLink": "https://www.sec.gov/Archives/edgar/data/1434754/000131786119000018/f052819sb6k.htm"
    },
    {
        "date": "2018-12-31",
        "symbol": "SB",
        "reportedCurrency": "USD",
        "cik": "0001434754",
        "fillingDate": "2019-03-20",
        "acceptedDate": "2019-03-20 16:25:35",
        "calendarYear": "2018",
        "period": "Q4",
        "revenue": 52573000,
        "costOfRevenue": 30394000,
        "grossProfit": 22179000,
        "grossProfitRatio": 0.4218705419,
        "researchAndDevelopmentExpenses": 0,
        "generalAndAdministrativeExpenses": 5221000,
        "sellingAndMarketingExpenses": 0,
        "sellingGeneralAndAdministrativeExpenses": 5221000,
        "otherExpenses": 0,
        "operatingExpenses": 5221000,
        "costAndExpenses": 35615000,
        "interestIncome": 236000,
        "interestExpense": 7444000,
        "depreciationAndAmortization": -741000,
        "ebitda": 16217000,
        "ebitdaratio": 0.308466323,
        "operatingIncome": 16958000,
        "operatingIncomeRatio": 0.3225610104,
        "totalOtherIncomeExpensesNet": -7421000,
        "incomeBeforeTax": 9537000,
        "incomeBeforeTaxRatio": 0.1814049037,
        "incomeTaxExpense": 0,
        "netIncome": 9537000,
        "netIncomeRatio": 0.1814049037,
        "eps": 0.07,
        "epsdiluted": 0.07,
        "weightedAverageShsOut": 101767059,
        "weightedAverageShsOutDil": 102100829,
        "link": "https://www.sec.gov/Archives/edgar/data/1434754/000093041319000984/0000930413-19-000984-index.htm",
        "finalLink": "https://www.sec.gov/Archives/edgar/data/1434754/000093041319000984/c92760_20f.htm"
    },
    {
        "date": "2018-09-30",
        "symbol": "SB",
        "reportedCurrency": "USD",
        "cik": "0001434754",
        "fillingDate": "2018-11-08",
        "acceptedDate": "2018-11-08 16:07:28",
        "calendarYear": "2018",
        "period": "Q3",
        "revenue": 50098000,
        "costOfRevenue": 29219000,
        "grossProfit": 20879000,
        "grossProfitRatio": 0.4167631442,
        "researchAndDevelopmentExpenses": 0,
        "generalAndAdministrativeExpenses": 5300000,
        "sellingAndMarketingExpenses": 0,
        "sellingGeneralAndAdministrativeExpenses": 5300000,
        "otherExpenses": 0,
        "operatingExpenses": 5300000,
        "costAndExpenses": 34519000,
        "interestIncome": 261000,
        "interestExpense": 7647000,
        "depreciationAndAmortization": -706000,
        "ebitda": 14838000,
        "ebitdaratio": 0.2961794882,
        "operatingIncome": 15544000,
        "operatingIncomeRatio": 0.3102718671,
        "totalOtherIncomeExpensesNet": -7465000,
        "incomeBeforeTax": 8079000,
        "incomeBeforeTaxRatio": 0.1612639227,
        "incomeTaxExpense": 0,
        "netIncome": 8079000,
        "netIncomeRatio": 0.1612639227,
        "eps": 0.05,
        "epsdiluted": 0.05,
        "weightedAverageShsOut": 101559492,
        "weightedAverageShsOutDil": 101559492,
        "link": "https://www.sec.gov/Archives/edgar/data/1434754/000131786118000045/0001317861-18-000045-index.htm",
        "finalLink": "https://www.sec.gov/Archives/edgar/data/1434754/000131786118000045/f110818sb6k.htm"
    },
    {
        "date": "2018-06-30",
        "symbol": "SB",
        "reportedCurrency": "USD",
        "cik": "0001434754",
        "fillingDate": "2018-07-26",
        "acceptedDate": "2018-07-26 16:18:54",
        "calendarYear": "2018",
        "period": "Q2",
        "revenue": 47019000,
        "costOfRevenue": 30736000,
        "grossProfit": 16283000,
        "grossProfitRatio": 0.3463068121,
        "researchAndDevelopmentExpenses": 0,
        "generalAndAdministrativeExpenses": 4564000,
        "sellingAndMarketingExpenses": 0,
        "sellingGeneralAndAdministrativeExpenses": 4564000,
        "otherExpenses": 0,
        "operatingExpenses": 4564000,
        "costAndExpenses": 35300000,
        "interestIncome": 218000,
        "interestExpense": 7129000,
        "depreciationAndAmortization": 11785000,
        "ebitda": 23028000,
        "ebitdaratio": 0.4897594589,
        "operatingIncome": 11649000,
        "operatingIncomeRatio": 0.2477509092,
        "totalOtherIncomeExpensesNet": -7535000,
        "incomeBeforeTax": 4114000,
        "incomeBeforeTaxRatio": 0.087496544,
        "incomeTaxExpense": 0,
        "netIncome": 4114000,
        "netIncomeRatio": 0.087496544,
        "eps": 0.01,
        "epsdiluted": 0.01,
        "weightedAverageShsOut": 101549872,
        "weightedAverageShsOutDil": 101549872,
        "link": "https://www.sec.gov/Archives/edgar/data/1434754/000131786118000033/0001317861-18-000033-index.htm",
        "finalLink": "https://www.sec.gov/Archives/edgar/data/1434754/000131786118000033/f072618sb6k.htm"
    },
    {
        "date": "2018-03-31",
        "symbol": "SB",
        "reportedCurrency": "USD",
        "cik": "0001434754",
        "fillingDate": "2018-05-31",
        "acceptedDate": "2018-05-31 16:50:38",
        "calendarYear": "2018",
        "period": "Q1",
        "revenue": 43501000,
        "costOfRevenue": 27610000,
        "grossProfit": 15891000,
        "grossProfitRatio": 0.3653019471,
        "researchAndDevelopmentExpenses": 0,
        "generalAndAdministrativeExpenses": 4156000,
        "sellingAndMarketingExpenses": 0,
        "sellingGeneralAndAdministrativeExpenses": 4156000,
        "otherExpenses": 0,
        "operatingExpenses": 4156000,
        "costAndExpenses": 31766000,
        "interestIncome": 214000,
        "interestExpense": 6260000,
        "depreciationAndAmortization": 11601000,
        "ebitda": 23336000,
        "ebitdaratio": 0.536447438,
        "operatingIncome": 11735000,
        "operatingIncomeRatio": 0.2697639135,
        "totalOtherIncomeExpensesNet": -5781000,
        "incomeBeforeTax": 5954000,
        "incomeBeforeTaxRatio": 0.1368704168,
        "incomeTaxExpense": 0,
        "netIncome": 5954000,
        "netIncomeRatio": 0.1368704168,
        "eps": 0.03,
        "epsdiluted": 0.03,
        "weightedAverageShsOut": 101540728,
        "weightedAverageShsOutDil": 101540728,
        "link": "https://www.sec.gov/Archives/edgar/data/1434754/000131786118000027/0001317861-18-000027-index.htm",
        "finalLink": "https://www.sec.gov/Archives/edgar/data/1434754/000131786118000027/f053118sb6k.htm"
    },
    {
        "date": "2017-12-31",
        "symbol": "SB",
        "reportedCurrency": "USD",
        "cik": "0001434754",
        "fillingDate": "2018-03-02",
        "acceptedDate": "2018-03-02 17:28:53",
        "calendarYear": "2017",
        "period": "Q4",
        "revenue": 42378000,
        "costOfRevenue": 27253000,
        "grossProfit": 15125000,
        "grossProfitRatio": 0.3569068856,
        "researchAndDevelopmentExpenses": 0,
        "generalAndAdministrativeExpenses": 4114000,
        "sellingAndMarketingExpenses": 0,
        "sellingGeneralAndAdministrativeExpenses": 4114000,
        "otherExpenses": 0,
        "operatingExpenses": 4114000,
        "costAndExpenses": 31367000,
        "interestIncome": 193000,
        "interestExpense": 5733000,
        "depreciationAndAmortization": 12981000,
        "ebitda": -67846000,
        "ebitdaratio": -1.6009722026,
        "operatingIncome": -81278000,
        "operatingIncomeRatio": -1.9179291142,
        "totalOtherIncomeExpensesNet": -42568000,
        "incomeBeforeTax": -86560000,
        "incomeBeforeTaxRatio": -2.0425692576,
        "incomeTaxExpense": 5282000,
        "netIncome": -86560000,
        "netIncomeRatio": -2.0425692576,
        "eps": -0.85,
        "epsdiluted": -0.85,
        "weightedAverageShsOut": 101531352,
        "weightedAverageShsOutDil": 101531352,
        "link": "https://www.sec.gov/Archives/edgar/data/1434754/000093041318000764/0000930413-18-000764-index.htm",
        "finalLink": "https://www.sec.gov/Archives/edgar/data/1434754/000093041318000764/c90578_20f.htm"
    },
    {
        "date": "2017-09-30",
        "symbol": "SB",
        "reportedCurrency": "USD",
        "cik": "0001434754",
        "fillingDate": "2017-11-01",
        "acceptedDate": "2017-11-01 16:26:10",
        "calendarYear": "2017",
        "period": "Q3",
        "revenue": 37317000,
        "costOfRevenue": 27256000,
        "grossProfit": 10061000,
        "grossProfitRatio": 0.2696090254,
        "researchAndDevelopmentExpenses": 0,
        "generalAndAdministrativeExpenses": 4067000,
        "sellingAndMarketingExpenses": 0,
        "sellingGeneralAndAdministrativeExpenses": 4067000,
        "otherExpenses": 0,
        "operatingExpenses": 4067000,
        "costAndExpenses": 31323000,
        "interestIncome": 213000,
        "interestExpense": 8039999,
        "depreciationAndAmortization": 12972000,
        "ebitda": 27743000,
        "ebitdaratio": 0.743441327,
        "operatingIncome": 5812000,
        "operatingIncomeRatio": 0.1557467106,
        "totalOtherIncomeExpensesNet": 919000,
        "incomeBeforeTax": 6731000,
        "incomeBeforeTaxRatio": 0.1803735563,
        "incomeTaxExpense": 0,
        "netIncome": 6731000,
        "netIncomeRatio": 0.1803735563,
        "eps": 0.04,
        "epsdiluted": 0.04,
        "weightedAverageShsOut": 101521234,
        "weightedAverageShsOutDil": 101521234,
        "link": "https://www.sec.gov/Archives/edgar/data/1434754/000131786117000053/0001317861-17-000053-index.htm",
        "finalLink": "https://www.sec.gov/Archives/edgar/data/1434754/000131786117000053/f110117sb6k.htm"
    },
    {
        "date": "2017-06-30",
        "symbol": "SB",
        "reportedCurrency": "USD",
        "cik": "0001434754",
        "fillingDate": "2017-07-27",
        "acceptedDate": "2017-07-27 16:11:47",
        "calendarYear": "2017",
        "period": "Q2",
        "revenue": 35010000,
        "costOfRevenue": 27307000,
        "grossProfit": 7703000,
        "grossProfitRatio": 0.2200228506,
        "researchAndDevelopmentExpenses": 0,
        "generalAndAdministrativeExpenses": 4002000,
        "sellingAndMarketingExpenses": 0,
        "sellingGeneralAndAdministrativeExpenses": 4002000,
        "otherExpenses": 0,
        "operatingExpenses": 4002000,
        "costAndExpenses": 31309000,
        "interestIncome": 257000,
        "interestExpense": 6297000,
        "depreciationAndAmortization": 12831000,
        "ebitda": 17532000,
        "ebitdaratio": 0.5007712082,
        "operatingIncome": 3701000,
        "operatingIncomeRatio": 0.1057126535,
        "totalOtherIncomeExpensesNet": -5297000,
        "incomeBeforeTax": -1596000,
        "incomeBeforeTaxRatio": -0.0455869751,
        "incomeTaxExpense": 0,
        "netIncome": -1596000,
        "netIncomeRatio": -0.0455869751,
        "eps": -0.0157,
        "epsdiluted": -0.0157,
        "weightedAverageShsOut": 101363578,
        "weightedAverageShsOutDil": 101363578,
        "link": "https://www.sec.gov/Archives/edgar/data/1434754/000131786117000042/0001317861-17-000042-index.htm",
        "finalLink": "https://www.sec.gov/Archives/edgar/data/1434754/000131786117000042/f072717sb6k.htm"
    },
    {
        "date": "2017-03-31",
        "symbol": "SB",
        "reportedCurrency": "USD",
        "cik": "0001434754",
        "fillingDate": "2017-04-10",
        "acceptedDate": "2017-04-10 16:05:59",
        "calendarYear": "2017",
        "period": "Q1",
        "revenue": 33327000,
        "costOfRevenue": 26334000,
        "grossProfit": 6993000,
        "grossProfitRatio": 0.2098298677,
        "researchAndDevelopmentExpenses": 0,
        "generalAndAdministrativeExpenses": 3935000,
        "sellingAndMarketingExpenses": 0,
        "sellingGeneralAndAdministrativeExpenses": 3935000,
        "otherExpenses": 12717000,
        "operatingExpenses": 4410000,
        "costAndExpenses": 30744000,
        "interestIncome": 136000,
        "interestExpense": 6149000,
        "depreciationAndAmortization": 12640000,
        "ebitda": 15223000,
        "ebitdaratio": 0.4567767876,
        "operatingIncome": 2463000,
        "operatingIncomeRatio": 0.0739040418,
        "totalOtherIncomeExpensesNet": -5717000,
        "incomeBeforeTax": -3254000,
        "incomeBeforeTaxRatio": -0.0976385513,
        "incomeTaxExpense": 0,
        "netIncome": -3254000,
        "netIncomeRatio": -0.0976385513,
        "eps": -0.0328,
        "epsdiluted": -0.0328,
        "weightedAverageShsOut": 99284181,
        "weightedAverageShsOutDil": 99284181,
        "link": "https://www.sec.gov/Archives/edgar/data/1434754/000131786117000028/0001317861-17-000028-index.htm",
        "finalLink": "https://www.sec.gov/Archives/edgar/data/1434754/000131786117000028/f040617sb6k.htm"
    },
    {
        "date": "2016-12-31",
        "symbol": "SB",
        "reportedCurrency": "USD",
        "cik": "0001434754",
        "fillingDate": "2016-12-31",
        "acceptedDate": "2016-12-31 00:00:00",
        "calendarYear": "2016",
        "period": "Q4",
        "revenue": 31710000,
        "costOfRevenue": 26809000,
        "grossProfit": 4901000,
        "grossProfitRatio": 0.1545569221,
        "researchAndDevelopmentExpenses": 0,
        "generalAndAdministrativeExpenses": 3687000,
        "sellingAndMarketingExpenses": 0,
        "sellingGeneralAndAdministrativeExpenses": 3687000,
        "otherExpenses": -22788000,
        "operatingExpenses": 4051000,
        "costAndExpenses": 30860000,
        "interestIncome": 130000,
        "interestExpense": 5492000,
        "depreciationAndAmortization": 12686000,
        "ebitda": 13536000,
        "ebitdaratio": 0.4268684957,
        "operatingIncome": 850000,
        "operatingIncomeRatio": 0.0268054242,
        "totalOtherIncomeExpensesNet": -5487000,
        "incomeBeforeTax": -4637000,
        "incomeBeforeTaxRatio": -0.1462314727,
        "incomeTaxExpense": 0,
        "netIncome": -4637000,
        "netIncomeRatio": -0.1462314727,
        "eps": -0.0531,
        "epsdiluted": -0.0531,
        "weightedAverageShsOut": 87364672,
        "weightedAverageShsOutDil": 87364672,
        "link": null,
        "finalLink": null
    },
    {
        "date": "2016-09-30",
        "symbol": "SB",
        "reportedCurrency": "USD",
        "cik": "0001434754",
        "fillingDate": "2016-10-17",
        "acceptedDate": "2016-10-17 15:59:28",
        "calendarYear": "2016",
        "period": "Q3",
        "revenue": 27122000,
        "costOfRevenue": 26194000,
        "grossProfit": 928000,
        "grossProfitRatio": 0.0342157658,
        "researchAndDevelopmentExpenses": 0,
        "generalAndAdministrativeExpenses": 4066000,
        "sellingAndMarketingExpenses": 0,
        "sellingGeneralAndAdministrativeExpenses": 4066000,
        "otherExpenses": 11145000,
        "operatingExpenses": 2908000,
        "costAndExpenses": 29102000,
        "interestIncome": 97000,
        "interestExpense": 5939000,
        "depreciationAndAmortization": 12673000,
        "ebitda": -5906000,
        "ebitdaratio": -0.2177568026,
        "operatingIncome": -19143000,
        "operatingIncomeRatio": -0.7058107809,
        "totalOtherIncomeExpensesNet": -5375000,
        "incomeBeforeTax": -24518000,
        "incomeBeforeTaxRatio": -0.9039893813,
        "incomeTaxExpense": 0,
        "netIncome": -24518000,
        "netIncomeRatio": -0.9039893813,
        "eps": -0.29,
        "epsdiluted": -0.29,
        "weightedAverageShsOut": 83601283,
        "weightedAverageShsOutDil": 83601283,
        "link": "https://www.sec.gov/Archives/edgar/data/1434754/000093041316008490/0000930413-16-008490-index.htm",
        "finalLink": "https://www.sec.gov/Archives/edgar/data/1434754/000093041316008490/c86349_ex99-1.htm"
    },
    {
        "date": "2016-06-30",
        "symbol": "SB",
        "reportedCurrency": "USD",
        "cik": "0001434754",
        "fillingDate": "2016-07-05",
        "acceptedDate": "2016-07-05 16:23:31",
        "calendarYear": "2016",
        "period": "Q2",
        "revenue": 26240000,
        "costOfRevenue": 25934000,
        "grossProfit": 306000,
        "grossProfitRatio": 0.0116615854,
        "researchAndDevelopmentExpenses": 0,
        "generalAndAdministrativeExpenses": 3653000,
        "sellingAndMarketingExpenses": 0,
        "sellingGeneralAndAdministrativeExpenses": 3653000,
        "otherExpenses": 0,
        "operatingExpenses": 3653000,
        "costAndExpenses": 29587000,
        "interestIncome": 151000,
        "interestExpense": 4864000,
        "depreciationAndAmortization": 12260000,
        "ebitda": 8716000,
        "ebitdaratio": 0.3321646341,
        "operatingIncome": -3347000,
        "operatingIncomeRatio": -0.1275533537,
        "totalOtherIncomeExpensesNet": -5679000,
        "incomeBeforeTax": -9026000,
        "incomeBeforeTaxRatio": -0.3439786585,
        "incomeTaxExpense": 0,
        "netIncome": -9026000,
        "netIncomeRatio": -0.3439786585,
        "eps": -0.11,
        "epsdiluted": -0.11,
        "weightedAverageShsOut": 83571957,
        "weightedAverageShsOutDil": 83571957,
        "link": "https://www.sec.gov/Archives/edgar/data/1434754/000131786116000144/0001317861-16-000144-index.htm",
        "finalLink": "https://www.sec.gov/Archives/edgar/data/1434754/000131786116000144/f070516sb6k.htm"
    },
    {
        "date": "2016-03-31",
        "symbol": "SB",
        "reportedCurrency": "USD",
        "cik": "0001434754",
        "fillingDate": "2016-04-14",
        "acceptedDate": "2016-04-14 09:22:02",
        "calendarYear": "2016",
        "period": "Q1",
        "revenue": 24700000,
        "costOfRevenue": 27746000,
        "grossProfit": -3046000,
        "grossProfitRatio": -0.1233198381,
        "researchAndDevelopmentExpenses": 0,
        "generalAndAdministrativeExpenses": 3975000,
        "sellingAndMarketingExpenses": 0,
        "sellingGeneralAndAdministrativeExpenses": 3975000,
        "otherExpenses": 0,
        "operatingExpenses": 3975000,
        "costAndExpenses": 31721000,
        "interestIncome": 137000,
        "interestExpense": 4821000,
        "depreciationAndAmortization": 11866000,
        "ebitda": 4762250,
        "ebitdaratio": 0.1928036437,
        "operatingIncome": -9771000,
        "operatingIncomeRatio": -0.3955870445,
        "totalOtherIncomeExpensesNet": -8014000,
        "incomeBeforeTax": -17785000,
        "incomeBeforeTaxRatio": -0.7200404858,
        "incomeTaxExpense": 0,
        "netIncome": -17785000,
        "netIncomeRatio": -0.7200404858,
        "eps": -0.21,
        "epsdiluted": -0.21,
        "weightedAverageShsOut": 83542291,
        "weightedAverageShsOutDil": 83542291,
        "link": "https://www.sec.gov/Archives/edgar/data/1434754/000131786116000122/0001317861-16-000122-index.htm",
        "finalLink": "https://www.sec.gov/Archives/edgar/data/1434754/000131786116000122/f041316sb6k.htm"
    },
    {
        "date": "2015-12-31",
        "symbol": "SB",
        "reportedCurrency": "USD",
        "cik": "0001434754",
        "fillingDate": "2016-03-04",
        "acceptedDate": "2016-03-04 16:07:56",
        "calendarYear": "2015",
        "period": "Q4",
        "revenue": 29944000,
        "costOfRevenue": 28664000,
        "grossProfit": 1280000,
        "grossProfitRatio": 0.0427464601,
        "researchAndDevelopmentExpenses": 0,
        "generalAndAdministrativeExpenses": 4101000,
        "sellingAndMarketingExpenses": 0,
        "sellingGeneralAndAdministrativeExpenses": 4101000,
        "otherExpenses": 0,
        "operatingExpenses": 4101000,
        "costAndExpenses": 32765000,
        "interestIncome": 32000,
        "interestExpense": 4244000,
        "depreciationAndAmortization": 12175000,
        "ebitda": -13483000,
        "ebitdaratio": -0.4502738445,
        "operatingIncome": -25793000,
        "operatingIncomeRatio": -0.8613745659,
        "totalOtherIncomeExpensesNet": -4109000,
        "incomeBeforeTax": -29902000,
        "incomeBeforeTaxRatio": -0.9985973818,
        "incomeTaxExpense": 0,
        "netIncome": -29902000,
        "netIncomeRatio": -0.9985973818,
        "eps": -0.36,
        "epsdiluted": -0.36,
        "weightedAverageShsOut": 83504266,
        "weightedAverageShsOutDil": 83504266,
        "link": "https://www.sec.gov/Archives/edgar/data/1434754/000093041316005861/0000930413-16-005861-index.htm",
        "finalLink": "https://www.sec.gov/Archives/edgar/data/1434754/000093041316005861/c84134_20f.htm"
    },
    {
        "date": "2015-09-30",
        "symbol": "SB",
        "reportedCurrency": "USD",
        "cik": "0001434754",
        "fillingDate": "2015-10-09",
        "acceptedDate": "2015-10-09 17:12:38",
        "calendarYear": "2015",
        "period": "Q3",
        "revenue": 33477000,
        "costOfRevenue": 32274000,
        "grossProfit": 1203000,
        "grossProfitRatio": 0.0359351196,
        "researchAndDevelopmentExpenses": 0,
        "generalAndAdministrativeExpenses": 3911000,
        "sellingAndMarketingExpenses": 0,
        "sellingGeneralAndAdministrativeExpenses": 3911000,
        "otherExpenses": 0,
        "operatingExpenses": 3911000,
        "costAndExpenses": 36185000,
        "interestIncome": 17000,
        "interestExpense": 2831000,
        "depreciationAndAmortization": 12257000,
        "ebitda": 7542000,
        "ebitdaratio": 0.2252890044,
        "operatingIncome": -3038000,
        "operatingIncomeRatio": -0.0907488724,
        "totalOtherIncomeExpensesNet": -4508000,
        "incomeBeforeTax": -7546000,
        "incomeBeforeTaxRatio": -0.2254084894,
        "incomeTaxExpense": 0,
        "netIncome": -7546000,
        "netIncomeRatio": -0.2254084894,
        "eps": -0.0904,
        "epsdiluted": -0.0904,
        "weightedAverageShsOut": 83480875,
        "weightedAverageShsOutDil": 83480875,
        "link": "https://www.sec.gov/Archives/edgar/data/1434754/000131786115000072/0001317861-15-000072-index.htm",
        "finalLink": "https://www.sec.gov/Archives/edgar/data/1434754/000131786115000072/f100915sb6k.htm"
    },
    {
        "date": "2015-06-30",
        "symbol": "SB",
        "reportedCurrency": "USD",
        "cik": "0001434754",
        "fillingDate": "2015-07-02",
        "acceptedDate": "2015-07-02 09:25:23",
        "calendarYear": "2015",
        "period": "Q2",
        "revenue": 31842000,
        "costOfRevenue": 29253000,
        "grossProfit": 2589000,
        "grossProfitRatio": 0.0813077068,
        "researchAndDevelopmentExpenses": 0,
        "generalAndAdministrativeExpenses": 3378000,
        "sellingAndMarketingExpenses": 0,
        "sellingGeneralAndAdministrativeExpenses": 3378000,
        "otherExpenses": 0,
        "operatingExpenses": 3378000,
        "costAndExpenses": 32631000,
        "interestIncome": 23000,
        "interestExpense": 2429000,
        "depreciationAndAmortization": 11602000,
        "ebitda": 10096500,
        "ebitdaratio": 0.3170812135,
        "operatingIncome": -1254000,
        "operatingIncomeRatio": -0.0393819484,
        "totalOtherIncomeExpensesNet": -3195000,
        "incomeBeforeTax": -4449000,
        "incomeBeforeTaxRatio": -0.139721123,
        "incomeTaxExpense": 0,
        "netIncome": -4449000,
        "netIncomeRatio": -0.139721123,
        "eps": -0.0533,
        "epsdiluted": -0.0533,
        "weightedAverageShsOut": 83470867,
        "weightedAverageShsOutDil": 83470867,
        "link": "https://www.sec.gov/Archives/edgar/data/1434754/000131786115000048/0001317861-15-000048-index.htm",
        "finalLink": "https://www.sec.gov/Archives/edgar/data/1434754/000131786115000048/f070215sb6k.htm"
    },
    {
        "date": "2015-03-31",
        "symbol": "SB",
        "reportedCurrency": "USD",
        "cik": "0001434754",
        "fillingDate": "2015-04-14",
        "acceptedDate": "2015-04-14 09:50:05",
        "calendarYear": "2015",
        "period": "Q1",
        "revenue": 32054000,
        "costOfRevenue": 30267000,
        "grossProfit": 1787000,
        "grossProfitRatio": 0.0557496724,
        "researchAndDevelopmentExpenses": 0,
        "generalAndAdministrativeExpenses": 3227000,
        "sellingAndMarketingExpenses": 0,
        "sellingGeneralAndAdministrativeExpenses": 3227000,
        "otherExpenses": 0,
        "operatingExpenses": 3227000,
        "costAndExpenses": 33494000,
        "interestIncome": 14000,
        "interestExpense": 2146000,
        "depreciationAndAmortization": 11099000,
        "ebitda": 8840000,
        "ebitdaratio": 0.2757846135,
        "operatingIncome": -1931000,
        "operatingIncomeRatio": -0.0602420915,
        "totalOtherIncomeExpensesNet": -4116000,
        "incomeBeforeTax": -6047000,
        "incomeBeforeTaxRatio": -0.1886504024,
        "incomeTaxExpense": 0,
        "netIncome": -6047000,
        "netIncomeRatio": -0.1886504024,
        "eps": -0.0725,
        "epsdiluted": -0.0725,
        "weightedAverageShsOut": 83462059,
        "weightedAverageShsOutDil": 83462059,
        "link": "https://www.sec.gov/Archives/edgar/data/1434754/000131786115000019/0001317861-15-000019-index.htm",
        "finalLink": "https://www.sec.gov/Archives/edgar/data/1434754/000131786115000019/f041415sb6k.htm"
    },
    {
        "date": "2014-12-31",
        "symbol": "SB",
        "reportedCurrency": "USD",
        "cik": "0001434754",
        "fillingDate": "2015-03-10",
        "acceptedDate": "2015-03-10 16:37:19",
        "calendarYear": "2014",
        "period": "Q4",
        "revenue": 39057000,
        "costOfRevenue": 27970000,
        "grossProfit": 11087000,
        "grossProfitRatio": 0.2838671685,
        "researchAndDevelopmentExpenses": 0,
        "generalAndAdministrativeExpenses": 3472000,
        "sellingAndMarketingExpenses": 0,
        "sellingGeneralAndAdministrativeExpenses": 3472000,
        "otherExpenses": 0,
        "operatingExpenses": 3472000,
        "costAndExpenses": 31442000,
        "interestIncome": 63000,
        "interestExpense": 1925000,
        "depreciationAndAmortization": 11152000,
        "ebitda": 18753000,
        "ebitdaratio": 0.4801444043,
        "operatingIncome": 3614000,
        "operatingIncomeRatio": 0.0925314284,
        "totalOtherIncomeExpensesNet": -3761000,
        "incomeBeforeTax": -148000,
        "incomeBeforeTaxRatio": -0.0037893335,
        "incomeTaxExpense": 0,
        "netIncome": -148000,
        "netIncomeRatio": -0.0037893335,
        "eps": -0.0018,
        "epsdiluted": -0.0018,
        "weightedAverageShsOut": 83454102,
        "weightedAverageShsOutDil": 83454102,
        "link": "https://www.sec.gov/Archives/edgar/data/1434754/000093041315001149/0000930413-15-001149-index.htm",
        "finalLink": "https://www.sec.gov/Archives/edgar/data/1434754/000093041315001149/c80576_20f.htm"
    },
    {
        "date": "2014-09-30",
        "symbol": "SB",
        "reportedCurrency": "USD",
        "cik": "0001434754",
        "fillingDate": "2014-10-14",
        "acceptedDate": "2014-10-14 16:43:07",
        "calendarYear": "2014",
        "period": "Q3",
        "revenue": 36516000,
        "costOfRevenue": 29934000,
        "grossProfit": 6582000,
        "grossProfitRatio": 0.1802497535,
        "researchAndDevelopmentExpenses": 0,
        "generalAndAdministrativeExpenses": 3368000,
        "sellingAndMarketingExpenses": 0,
        "sellingGeneralAndAdministrativeExpenses": 3368000,
        "otherExpenses": 0,
        "operatingExpenses": 3368000,
        "costAndExpenses": 33302000,
        "interestIncome": 272000,
        "interestExpense": 2016000,
        "depreciationAndAmortization": 10899000,
        "ebitda": 12562500,
        "ebitdaratio": 0.3440272757,
        "operatingIncome": 3214000,
        "operatingIncomeRatio": 0.0880162121,
        "totalOtherIncomeExpensesNet": -1736000,
        "incomeBeforeTax": 1478000,
        "incomeBeforeTaxRatio": 0.040475408,
        "incomeTaxExpense": 0,
        "netIncome": 1478000,
        "netIncomeRatio": 0.040475408,
        "eps": -0.02,
        "epsdiluted": -0.02,
        "weightedAverageShsOut": 83448120,
        "weightedAverageShsOutDil": 83448120,
        "link": "https://www.sec.gov/Archives/edgar/data/1434754/000131786114000093/0001317861-14-000093-index.htm",
        "finalLink": "https://www.sec.gov/Archives/edgar/data/1434754/000131786114000093/f101414sb6k.htm"
    },
    {
        "date": "2014-06-30",
        "symbol": "SB",
        "reportedCurrency": "USD",
        "cik": "0001434754",
        "fillingDate": "2014-07-01",
        "acceptedDate": "2014-07-01 16:48:12",
        "calendarYear": "2014",
        "period": "Q2",
        "revenue": 37178000,
        "costOfRevenue": 27972000,
        "grossProfit": 9206000,
        "grossProfitRatio": 0.24761956,
        "researchAndDevelopmentExpenses": 0,
        "generalAndAdministrativeExpenses": 3487000,
        "sellingAndMarketingExpenses": 0,
        "sellingGeneralAndAdministrativeExpenses": 3487000,
        "otherExpenses": 0,
        "operatingExpenses": 3487000,
        "costAndExpenses": 31459000,
        "interestIncome": 255000,
        "interestExpense": 2228000,
        "depreciationAndAmortization": 10766000,
        "ebitda": 15986000,
        "ebitdaratio": 0.4299854753,
        "operatingIncome": 5719000,
        "operatingIncomeRatio": 0.1538275324,
        "totalOtherIncomeExpensesNet": -3647000,
        "incomeBeforeTax": 2072000,
        "incomeBeforeTaxRatio": 0.0557318844,
        "incomeTaxExpense": 0,
        "netIncome": 2072000,
        "netIncomeRatio": 0.0557318844,
        "eps": 0.01,
        "epsdiluted": 0.01,
        "weightedAverageShsOut": 83444365,
        "weightedAverageShsOutDil": 83444365,
        "link": "https://www.sec.gov/Archives/edgar/data/1434754/000131786114000063/0001317861-14-000063-index.htm",
        "finalLink": "https://www.sec.gov/Archives/edgar/data/1434754/000131786114000063/f070114sb6k.htm"
    },
    {
        "date": "2014-03-31",
        "symbol": "SB",
        "reportedCurrency": "USD",
        "cik": "0001434754",
        "fillingDate": "2014-04-03",
        "acceptedDate": "2014-04-03 16:33:31",
        "calendarYear": "2014",
        "period": "Q1",
        "revenue": 41343000,
        "costOfRevenue": 27270000,
        "grossProfit": 14073000,
        "grossProfitRatio": 0.3403961977,
        "researchAndDevelopmentExpenses": 0,
        "generalAndAdministrativeExpenses": 3004000,
        "sellingAndMarketingExpenses": 0,
        "sellingGeneralAndAdministrativeExpenses": 3004000,
        "otherExpenses": 0,
        "operatingExpenses": 3004000,
        "costAndExpenses": 30274000,
        "interestIncome": 231000,
        "interestExpense": 2165000,
        "depreciationAndAmortization": 10267000,
        "ebitda": 21600000,
        "ebitdaratio": 0.5224584573,
        "operatingIncome": 14170000,
        "operatingIncomeRatio": 0.3427424231,
        "totalOtherIncomeExpensesNet": -2938000,
        "incomeBeforeTax": 11232000,
        "incomeBeforeTaxRatio": 0.2716783978,
        "incomeTaxExpense": 0,
        "netIncome": 11232000,
        "netIncomeRatio": 0.2716783978,
        "eps": 0.13,
        "epsdiluted": 0.13,
        "weightedAverageShsOut": 83441135,
        "weightedAverageShsOutDil": 83441135,
        "link": "https://www.sec.gov/Archives/edgar/data/1434754/000131786114000034/0001317861-14-000034-index.htm",
        "finalLink": "https://www.sec.gov/Archives/edgar/data/1434754/000131786114000034/f040314sb6k.htm"
    },
    {
        "date": "2013-12-31",
        "symbol": "SB",
        "reportedCurrency": "USD",
        "cik": "0001434754",
        "fillingDate": "2013-12-31",
        "acceptedDate": "2013-12-31 00:00:00",
        "calendarYear": "2013",
        "period": "Q4",
        "revenue": 59172000,
        "costOfRevenue": 22197000,
        "grossProfit": 36975000,
        "grossProfitRatio": 0.6248732509,
        "researchAndDevelopmentExpenses": 0,
        "generalAndAdministrativeExpenses": 3097000,
        "sellingAndMarketingExpenses": 0,
        "sellingGeneralAndAdministrativeExpenses": 3097000,
        "otherExpenses": 0,
        "operatingExpenses": 3097000,
        "costAndExpenses": 25294000,
        "interestIncome": 246000,
        "interestExpense": 2110000,
        "depreciationAndAmortization": 9780000,
        "ebitda": 53689000,
        "ebitdaratio": 0.9073379301,
        "operatingIncome": 33878000,
        "operatingIncomeRatio": 0.5725343068,
        "totalOtherIncomeExpensesNet": -2860000,
        "incomeBeforeTax": 31019000,
        "incomeBeforeTaxRatio": 0.5242175353,
        "incomeTaxExpense": 2860000,
        "netIncome": 31019000,
        "netIncomeRatio": 0.5242175353,
        "eps": 0.38,
        "epsdiluted": 0.38,
        "weightedAverageShsOut": 79916260,
        "weightedAverageShsOutDil": 79916260,
        "link": null,
        "finalLink": null
    },
    {
        "date": "2013-09-30",
        "symbol": "SB",
        "reportedCurrency": "USD",
        "cik": "0001434754",
        "fillingDate": "2013-11-12",
        "acceptedDate": "2013-11-12 16:26:26",
        "calendarYear": "2013",
        "period": "Q3",
        "revenue": 41881000,
        "costOfRevenue": 23732000,
        "grossProfit": 18149000,
        "grossProfitRatio": 0.4333468637,
        "researchAndDevelopmentExpenses": 0,
        "generalAndAdministrativeExpenses": 2703000,
        "sellingAndMarketingExpenses": 0,
        "sellingGeneralAndAdministrativeExpenses": 2703000,
        "otherExpenses": 0,
        "operatingExpenses": 2703000,
        "costAndExpenses": 26435000,
        "interestIncome": 249000,
        "interestExpense": 2104000,
        "depreciationAndAmortization": 9625000,
        "ebitda": 24650657,
        "ebitdaratio": 0.588588071,
        "operatingIncome": 15446000,
        "operatingIncomeRatio": 0.3688068575,
        "totalOtherIncomeExpensesNet": -3849000,
        "incomeBeforeTax": 11596000,
        "incomeBeforeTaxRatio": 0.2768797307,
        "incomeTaxExpense": 3850000,
        "netIncome": 11596000,
        "netIncomeRatio": 0.2768797307,
        "eps": 0.14,
        "epsdiluted": 0.14,
        "weightedAverageShsOut": 76684316,
        "weightedAverageShsOutDil": 76684316,
        "link": "https://www.sec.gov/Archives/edgar/data/1434754/000093041313005330/0000930413-13-005330-index.htm",
        "finalLink": "https://www.sec.gov/Archives/edgar/data/1434754/000093041313005330/c75587_ex99-1.htm"
    },
    {
        "date": "2013-06-30",
        "symbol": "SB",
        "reportedCurrency": "USD",
        "cik": "0001434754",
        "fillingDate": "2013-07-16",
        "acceptedDate": "2013-07-16 15:03:04",
        "calendarYear": "2013",
        "period": "Q2",
        "revenue": 41443000,
        "costOfRevenue": 20851000,
        "grossProfit": 20592000,
        "grossProfitRatio": 0.4968752262,
        "researchAndDevelopmentExpenses": 0,
        "generalAndAdministrativeExpenses": 2919000,
        "sellingAndMarketingExpenses": 0,
        "sellingGeneralAndAdministrativeExpenses": 2919000,
        "otherExpenses": 0,
        "operatingExpenses": 2919000,
        "costAndExpenses": 23770000,
        "interestIncome": 243000,
        "interestExpense": 2297000,
        "depreciationAndAmortization": 9153000,
        "ebitda": 26871000,
        "ebitdaratio": 0.6483845281,
        "operatingIncome": 24723000,
        "operatingIncomeRatio": 0.5965543035,
        "totalOtherIncomeExpensesNet": 6901000,
        "incomeBeforeTax": 24574000,
        "incomeBeforeTaxRatio": 0.5929590039,
        "incomeTaxExpense": 149000,
        "netIncome": 24574000,
        "netIncomeRatio": 0.5929590039,
        "eps": 0.32,
        "epsdiluted": 0.32,
        "weightedAverageShsOut": 76679328,
        "weightedAverageShsOutDil": 76679328,
        "link": "https://www.sec.gov/Archives/edgar/data/1434754/000131786113000051/0001317861-13-000051-index.htm",
        "finalLink": "https://www.sec.gov/Archives/edgar/data/1434754/000131786113000051/f071513sb6k.htm"
    },
    {
        "date": "2013-03-31",
        "symbol": "SB",
        "reportedCurrency": "USD",
        "cik": "0001434754",
        "fillingDate": "2013-04-05",
        "acceptedDate": "2013-04-05 17:00:49",
        "calendarYear": "2013",
        "period": "Q1",
        "revenue": 44227000,
        "costOfRevenue": 22785000,
        "grossProfit": 21442000,
        "grossProfitRatio": 0.484816967,
        "researchAndDevelopmentExpenses": 0,
        "generalAndAdministrativeExpenses": 2642000,
        "sellingAndMarketingExpenses": 0,
        "sellingGeneralAndAdministrativeExpenses": 2642000,
        "otherExpenses": 0,
        "operatingExpenses": 2642000,
        "costAndExpenses": 25427000,
        "interestIncome": 271000,
        "interestExpense": 2575000,
        "depreciationAndAmortization": 8836000,
        "ebitda": 28139000,
        "ebitdaratio": 0.6362403057,
        "operatingIncome": 18800000,
        "operatingIncomeRatio": 0.4250797024,
        "totalOtherIncomeExpensesNet": -2731000,
        "incomeBeforeTax": 16069000,
        "incomeBeforeTaxRatio": 0.3633300925,
        "incomeTaxExpense": 0,
        "netIncome": 16069000,
        "netIncomeRatio": 0.3633300925,
        "eps": 0.21,
        "epsdiluted": 0.21,
        "weightedAverageShsOut": 76673484,
        "weightedAverageShsOutDil": 76673484,
        "link": "https://www.sec.gov/Archives/edgar/data/1434754/000093041313002083/0000930413-13-002083-index.htm",
        "finalLink": "https://www.sec.gov/Archives/edgar/data/1434754/000093041313002083/c73377_6k.htm"
    },
    {
        "date": "2012-12-31",
        "symbol": "SB",
        "reportedCurrency": "USD",
        "cik": "0001434754",
        "fillingDate": "2013-02-28",
        "acceptedDate": "2013-02-28 17:31:09",
        "calendarYear": "2012",
        "period": "Q4",
        "revenue": 46363000,
        "costOfRevenue": 19927000,
        "grossProfit": 26436000,
        "grossProfitRatio": 0.5701960615,
        "researchAndDevelopmentExpenses": 0,
        "generalAndAdministrativeExpenses": 2741000,
        "sellingAndMarketingExpenses": 0,
        "sellingGeneralAndAdministrativeExpenses": 2741000,
        "otherExpenses": 0,
        "operatingExpenses": 2741000,
        "costAndExpenses": 22668000,
        "interestIncome": 288000,
        "interestExpense": 2885000,
        "depreciationAndAmortization": 8755000,
        "ebitda": 43863000,
        "ebitdaratio": 0.9460776913,
        "operatingIncome": 35372000,
        "operatingIncomeRatio": 0.7629359619,
        "totalOtherIncomeExpensesNet": -5311000,
        "incomeBeforeTax": 32223000,
        "incomeBeforeTaxRatio": 0.6950154218,
        "incomeTaxExpense": 3091000,
        "netIncome": 32223000,
        "netIncomeRatio": 0.6950154218,
        "eps": 0.42,
        "epsdiluted": 0.42,
        "weightedAverageShsOut": 76665956,
        "weightedAverageShsOutDil": 76665956,
        "link": "https://www.sec.gov/Archives/edgar/data/1434754/000093041313001278/0000930413-13-001278-index.htm",
        "finalLink": "https://www.sec.gov/Archives/edgar/data/1434754/000093041313001278/c72860_20-f.htm"
    },
    {
        "date": "2012-09-30",
        "symbol": "SB",
        "reportedCurrency": "USD",
        "cik": "0001434754",
        "fillingDate": "2012-11-14",
        "acceptedDate": "2012-11-14 16:40:07",
        "calendarYear": "2012",
        "period": "Q3",
        "revenue": 46845000,
        "costOfRevenue": 10606000,
        "grossProfit": 36239000,
        "grossProfitRatio": 0.7735937667,
        "researchAndDevelopmentExpenses": 0,
        "generalAndAdministrativeExpenses": 2403000,
        "sellingAndMarketingExpenses": 1000,
        "sellingGeneralAndAdministrativeExpenses": 2404000,
        "otherExpenses": 8275000,
        "operatingExpenses": 10679000,
        "costAndExpenses": 21285000,
        "interestIncome": 281000,
        "interestExpense": 2291000,
        "depreciationAndAmortization": 8275000,
        "ebitda": 33701000,
        "ebitdaratio": 0.7194150923,
        "operatingIncome": 25560000,
        "operatingIncomeRatio": 0.5456292027,
        "totalOtherIncomeExpensesNet": -4817000,
        "incomeBeforeTax": 20743000,
        "incomeBeforeTaxRatio": 0.4428007258,
        "incomeTaxExpense": 0,
        "netIncome": 20743000,
        "netIncomeRatio": 0.4428007258,
        "eps": 0.27,
        "epsdiluted": 0.27,
        "weightedAverageShsOut": 76658865,
        "weightedAverageShsOutDil": 76658865,
        "link": "https://www.sec.gov/Archives/edgar/data/1434754/000131786112000112/0001317861-12-000112-index.htm",
        "finalLink": "https://www.sec.gov/Archives/edgar/data/1434754/000131786112000112/f111412sb6k.htm"
    },
    {
        "date": "2012-06-30",
        "symbol": "SB",
        "reportedCurrency": "USD",
        "cik": "0001434754",
        "fillingDate": "2012-08-07",
        "acceptedDate": "2012-08-07 16:46:26",
        "calendarYear": "2012",
        "period": "Q2",
        "revenue": 47015000,
        "costOfRevenue": 10638000,
        "grossProfit": 36377000,
        "grossProfitRatio": 0.7737317877,
        "researchAndDevelopmentExpenses": 0,
        "generalAndAdministrativeExpenses": 0,
        "sellingAndMarketingExpenses": 0,
        "sellingGeneralAndAdministrativeExpenses": 2469000,
        "otherExpenses": 7898000,
        "operatingExpenses": 10367000,
        "costAndExpenses": 21005000,
        "interestIncome": 272000,
        "interestExpense": 2071000,
        "depreciationAndAmortization": 7898000,
        "ebitda": 33961000,
        "ebitdaratio": 0.7223439328,
        "operatingIncome": 26010000,
        "operatingIncomeRatio": 0.5532276933,
        "totalOtherIncomeExpensesNet": -4467000,
        "incomeBeforeTax": 21543000,
        "incomeBeforeTaxRatio": 0.4582154632,
        "incomeTaxExpense": 0,
        "netIncome": 21543000,
        "netIncomeRatio": 0.4582154632,
        "eps": 0.28,
        "epsdiluted": 0.28,
        "weightedAverageShsOut": 76653848,
        "weightedAverageShsOutDil": 76653848,
        "link": "https://www.sec.gov/Archives/edgar/data/1434754/000131786112000081/0001317861-12-000081-index.htm",
        "finalLink": "https://www.sec.gov/Archives/edgar/data/1434754/000131786112000081/f080712sb6k.htm"
    },
    {
        "date": "2012-03-31",
        "symbol": "SB",
        "reportedCurrency": "USD",
        "cik": "0001434754",
        "fillingDate": "2012-03-31",
        "acceptedDate": "2012-03-30 20:00:00",
        "calendarYear": "2012",
        "period": "Q1",
        "revenue": 44072000,
        "costOfRevenue": 9408000,
        "grossProfit": 34664000,
        "grossProfitRatio": 0.7865311309,
        "researchAndDevelopmentExpenses": 0,
        "generalAndAdministrativeExpenses": 0,
        "sellingAndMarketingExpenses": 0,
        "sellingGeneralAndAdministrativeExpenses": 2333000,
        "otherExpenses": 7322000,
        "operatingExpenses": 9655000,
        "costAndExpenses": 19063000,
        "interestIncome": 282000,
        "interestExpense": 1825000,
        "depreciationAndAmortization": 7322000,
        "ebitda": 32223000,
        "ebitdaratio": 0.7311444908,
        "operatingIncome": 25009000,
        "operatingIncomeRatio": 0.5674577963,
        "totalOtherIncomeExpensesNet": -3395000,
        "incomeBeforeTax": 21614000,
        "incomeBeforeTaxRatio": 0.4904247595,
        "incomeTaxExpense": 0,
        "netIncome": 21614000,
        "netIncomeRatio": 0.4904247595,
        "eps": 0.3,
        "epsdiluted": 0.3,
        "weightedAverageShsOut": 71868950,
        "weightedAverageShsOutDil": 71868950,
        "link": "",
        "finalLink": ""
    },
    {
        "date": "2011-12-31",
        "symbol": "SB",
        "reportedCurrency": "USD",
        "cik": "0001434754",
        "fillingDate": "2012-02-29",
        "acceptedDate": "2012-02-29 17:03:13",
        "calendarYear": "2011",
        "period": "Q4",
        "revenue": 42917000,
        "costOfRevenue": 8135000,
        "grossProfit": 34782000,
        "grossProfitRatio": 0.8104480742,
        "researchAndDevelopmentExpenses": 0,
        "generalAndAdministrativeExpenses": 0,
        "sellingAndMarketingExpenses": 0,
        "sellingGeneralAndAdministrativeExpenses": 2471000,
        "otherExpenses": 6571000,
        "operatingExpenses": 9042000,
        "costAndExpenses": 17177000,
        "interestIncome": 259000,
        "interestExpense": 1510000,
        "depreciationAndAmortization": 6571000,
        "ebitda": 33247000,
        "ebitdaratio": 0.7746813617,
        "operatingIncome": 25846000,
        "operatingIncomeRatio": 0.6022322157,
        "totalOtherIncomeExpensesNet": -25847000,
        "incomeBeforeTax": 24044000,
        "incomeBeforeTaxRatio": 0.5602441923,
        "incomeTaxExpense": 2292000,
        "netIncome": 23553000,
        "netIncomeRatio": 0.5488035044,
        "eps": 0.33,
        "epsdiluted": 0.33,
        "weightedAverageShsOut": 70894420,
        "weightedAverageShsOutDil": 70894420,
        "link": "https://www.sec.gov/Archives/edgar/data/1434754/000093041312001232/0000930413-12-001232-index.htm",
        "finalLink": "https://www.sec.gov/Archives/edgar/data/1434754/000093041312001232/c67839_20-f.htm"
    },
    {
        "date": "2011-09-30",
        "symbol": "SB",
        "reportedCurrency": "USD",
        "cik": "0001434754",
        "fillingDate": "2011-10-07",
        "acceptedDate": "2011-10-07 17:00:44",
        "calendarYear": "2011",
        "period": "Q3",
        "revenue": 42531000,
        "costOfRevenue": 6846000,
        "grossProfit": 35685000,
        "grossProfitRatio": 0.8390350568,
        "researchAndDevelopmentExpenses": 0,
        "generalAndAdministrativeExpenses": 0,
        "sellingAndMarketingExpenses": 0,
        "sellingGeneralAndAdministrativeExpenses": 2126000,
        "otherExpenses": 5838000,
        "operatingExpenses": 7964000,
        "costAndExpenses": 14810000,
        "interestIncome": 259000,
        "interestExpense": 1098000,
        "depreciationAndAmortization": 5838000,
        "ebitda": 26702000,
        "ebitdaratio": 0.6278244104,
        "operatingIncome": 27721000,
        "operatingIncomeRatio": 0.651783405,
        "totalOtherIncomeExpensesNet": -7955000,
        "incomeBeforeTax": 19766000,
        "incomeBeforeTaxRatio": 0.4647433637,
        "incomeTaxExpense": 0,
        "netIncome": 19766000,
        "netIncomeRatio": 0.4647433637,
        "eps": 0.28,
        "epsdiluted": 0.28,
        "weightedAverageShsOut": 70889569,
        "weightedAverageShsOutDil": 70889569,
        "link": "https://www.sec.gov/Archives/edgar/data/1434754/000131786111000350/0001317861-11-000350-index.htm",
        "finalLink": "https://www.sec.gov/Archives/edgar/data/1434754/000131786111000350/f090711sb6k.htm"
    },
    {
        "date": "2011-06-30",
        "symbol": "SB",
        "reportedCurrency": "USD",
        "cik": "0001434754",
        "fillingDate": "2011-06-30",
        "acceptedDate": "2011-06-30 00:00:00",
        "calendarYear": "2011",
        "period": "Q2",
        "revenue": 41186000,
        "costOfRevenue": 7277000,
        "grossProfit": 33909000,
        "grossProfitRatio": 0.8233137474,
        "researchAndDevelopmentExpenses": 0,
        "generalAndAdministrativeExpenses": 0,
        "sellingAndMarketingExpenses": 0,
        "sellingGeneralAndAdministrativeExpenses": 1954000,
        "otherExpenses": 5645000,
        "operatingExpenses": 7599000,
        "costAndExpenses": 14876000,
        "interestIncome": 242000,
        "interestExpense": 926000,
        "depreciationAndAmortization": 5645000,
        "ebitda": 32134000,
        "ebitdaratio": 0.7802165784,
        "operatingIncome": 26310000,
        "operatingIncomeRatio": 0.6388093041,
        "totalOtherIncomeExpensesNet": -7203000,
        "incomeBeforeTax": 19107000,
        "incomeBeforeTaxRatio": 0.4639197786,
        "incomeTaxExpense": 0,
        "netIncome": 19107000,
        "netIncomeRatio": 0.4639197786,
        "eps": 0.27,
        "epsdiluted": 0.27,
        "weightedAverageShsOut": 70116022,
        "weightedAverageShsOutDil": 70116022,
        "link": null,
        "finalLink": null
    },
    {
        "date": "2011-03-31",
        "symbol": "SB",
        "reportedCurrency": "USD",
        "cik": "0001434754",
        "fillingDate": "2011-05-04",
        "acceptedDate": "2011-05-04 17:24:05",
        "calendarYear": "2011",
        "period": "Q1",
        "revenue": 42274000,
        "costOfRevenue": 5795000,
        "grossProfit": 36479000,
        "grossProfitRatio": 0.8629181057,
        "researchAndDevelopmentExpenses": 0,
        "generalAndAdministrativeExpenses": 0,
        "sellingAndMarketingExpenses": 0,
        "sellingGeneralAndAdministrativeExpenses": 1938000,
        "otherExpenses": 5583000,
        "operatingExpenses": 7521000,
        "costAndExpenses": 13316000,
        "interestIncome": 286000,
        "interestExpense": 1716000,
        "depreciationAndAmortization": 5583000,
        "ebitda": 34607000,
        "ebitdaratio": 0.818635568,
        "operatingIncome": 29059000,
        "operatingIncomeRatio": 0.6873965085,
        "totalOtherIncomeExpensesNet": -220000,
        "incomeBeforeTax": 28839000,
        "incomeBeforeTaxRatio": 0.6821923641,
        "incomeTaxExpense": 1751000,
        "netIncome": 27308000,
        "netIncomeRatio": 0.6459762502,
        "eps": 0.41,
        "epsdiluted": 0.41,
        "weightedAverageShsOut": 65881600,
        "weightedAverageShsOutDil": 65881600,
        "link": "https://www.sec.gov/Archives/edgar/data/1434754/000131786111000162/0001317861-11-000162-index.htm",
        "finalLink": "https://www.sec.gov/Archives/edgar/data/1434754/000131786111000162/f050311sbex991.htm"
    },
    {
        "date": "2010-12-31",
        "symbol": "SB",
        "reportedCurrency": "USD",
        "cik": "0001434754",
        "fillingDate": "2011-02-09",
        "acceptedDate": "2011-02-09 16:36:26",
        "calendarYear": "2010",
        "period": "Q4",
        "revenue": 41287000,
        "costOfRevenue": 6424000,
        "grossProfit": 34863000,
        "grossProfitRatio": 0.8444062296,
        "researchAndDevelopmentExpenses": 0,
        "generalAndAdministrativeExpenses": 0,
        "sellingAndMarketingExpenses": 0,
        "sellingGeneralAndAdministrativeExpenses": 2010000,
        "otherExpenses": 5421000,
        "operatingExpenses": 7431000,
        "costAndExpenses": 13855000,
        "interestIncome": 381000,
        "interestExpense": 1799000,
        "depreciationAndAmortization": 5421000,
        "ebitda": 43066000,
        "ebitdaratio": 1.0430886235,
        "operatingIncome": 42763000,
        "operatingIncomeRatio": 1.0357497517,
        "totalOtherIncomeExpensesNet": -42763000,
        "incomeBeforeTax": 27432000,
        "incomeBeforeTaxRatio": 0.6644222152,
        "incomeTaxExpense": 6513000,
        "netIncome": 31132000,
        "netIncomeRatio": 0.7540388016,
        "eps": 0.32,
        "epsdiluted": 0.32,
        "weightedAverageShsOut": 65881600,
        "weightedAverageShsOutDil": 65881600,
        "link": "https://www.sec.gov/Archives/edgar/data/1434754/000131786111000039/0001317861-11-000039-index.htm",
        "finalLink": "https://www.sec.gov/Archives/edgar/data/1434754/000131786111000039/f020911sbex991.htm"
    },
    {
        "date": "2010-09-30",
        "symbol": "SB",
        "reportedCurrency": "USD",
        "cik": "0001434754",
        "fillingDate": "2010-11-08",
        "acceptedDate": "2010-11-08 16:41:50",
        "calendarYear": "2010",
        "period": "Q3",
        "revenue": 40832000,
        "costOfRevenue": 6110000,
        "grossProfit": 34722000,
        "grossProfitRatio": 0.8503624608,
        "researchAndDevelopmentExpenses": 0,
        "generalAndAdministrativeExpenses": 0,
        "sellingAndMarketingExpenses": 0,
        "sellingGeneralAndAdministrativeExpenses": 1945000,
        "otherExpenses": 5242000,
        "operatingExpenses": 7187000,
        "costAndExpenses": 13297000,
        "interestIncome": 474000,
        "interestExpense": 1803000,
        "depreciationAndAmortization": 5242000,
        "ebitda": 36974000,
        "ebitdaratio": 0.9055152821,
        "operatingIncome": 27535000,
        "operatingIncomeRatio": 0.6743485502,
        "totalOtherIncomeExpensesNet": -4197000,
        "incomeBeforeTax": 23338000,
        "incomeBeforeTaxRatio": 0.5715615204,
        "incomeTaxExpense": 5526000,
        "netIncome": 22009000,
        "netIncomeRatio": 0.5390135188,
        "eps": 0.33,
        "epsdiluted": 0.33,
        "weightedAverageShsOut": 65874601,
        "weightedAverageShsOutDil": 65874601,
        "link": "https://www.sec.gov/Archives/edgar/data/1434754/000131786110000362/0001317861-10-000362-index.htm",
        "finalLink": "https://www.sec.gov/Archives/edgar/data/1434754/000131786110000362/f110810sbex991.htm"
    },
    {
        "date": "2010-06-30",
        "symbol": "SB",
        "reportedCurrency": "USD",
        "cik": "0001434754",
        "fillingDate": "2010-07-27",
        "acceptedDate": "2010-07-27 16:18:50",
        "calendarYear": "2010",
        "period": "Q2",
        "revenue": 40627000,
        "costOfRevenue": 6185000,
        "grossProfit": 34442000,
        "grossProfitRatio": 0.847761341,
        "researchAndDevelopmentExpenses": 0,
        "generalAndAdministrativeExpenses": 0,
        "sellingAndMarketingExpenses": 0,
        "sellingGeneralAndAdministrativeExpenses": 1542000,
        "otherExpenses": 5141000,
        "operatingExpenses": 6683000,
        "costAndExpenses": 12868000,
        "interestIncome": 1301000,
        "interestExpense": 1601000,
        "depreciationAndAmortization": 5141000,
        "ebitda": 37798000,
        "ebitdaratio": 0.930366505,
        "operatingIncome": 29594000,
        "operatingIncomeRatio": 0.728431831,
        "totalOtherIncomeExpensesNet": -5198000,
        "incomeBeforeTax": 24696000,
        "incomeBeforeTaxRatio": 0.6078716125,
        "incomeTaxExpense": 5198000,
        "netIncome": 24396000,
        "netIncomeRatio": 0.6004873606,
        "eps": 0.37,
        "epsdiluted": 0.37,
        "weightedAverageShsOut": 65870573,
        "weightedAverageShsOutDil": 65870573,
        "link": "https://www.sec.gov/Archives/edgar/data/1434754/000131786110000259/0001317861-10-000259-index.htm",
        "finalLink": "https://www.sec.gov/Archives/edgar/data/1434754/000131786110000259/f072710sbex991.htm"
    },
    {
        "date": "2010-03-31",
        "symbol": "SB",
        "reportedCurrency": "USD",
        "cik": "0001434754",
        "fillingDate": "2010-05-10",
        "acceptedDate": "2010-05-10 17:24:15",
        "calendarYear": "2010",
        "period": "Q1",
        "revenue": 34274000,
        "costOfRevenue": 5020000,
        "grossProfit": 29254000,
        "grossProfitRatio": 0.8535332905,
        "researchAndDevelopmentExpenses": 0,
        "generalAndAdministrativeExpenses": 0,
        "sellingAndMarketingExpenses": 0,
        "sellingGeneralAndAdministrativeExpenses": 1521000,
        "otherExpenses": -9821000,
        "operatingExpenses": -8300000,
        "costAndExpenses": -3280000,
        "interestIncome": 471000,
        "interestExpense": 1549000,
        "depreciationAndAmortization": 3868000,
        "ebitda": 45788000,
        "ebitdaratio": 1.3359397794,
        "operatingIncome": 37554000,
        "operatingIncomeRatio": 1.0956993639,
        "totalOtherIncomeExpensesNet": -4366000,
        "incomeBeforeTax": 33188000,
        "incomeBeforeTaxRatio": 0.968314174,
        "incomeTaxExpense": 5444000,
        "netIncome": 32110000,
        "netIncomeRatio": 0.9368617611,
        "eps": 0.58,
        "epsdiluted": 0.58,
        "weightedAverageShsOut": 55435436,
        "weightedAverageShsOutDil": 55435436,
        "link": "https://www.sec.gov/Archives/edgar/data/1434754/000131786110000167/0001317861-10-000167-index.htm",
        "finalLink": "https://www.sec.gov/Archives/edgar/data/1434754/000131786110000167/f051010sbex991.htm"
    },
    {
        "date": "2009-12-31",
        "symbol": "SB",
        "reportedCurrency": "USD",
        "cik": "0001434754",
        "fillingDate": "2010-02-23",
        "acceptedDate": "2010-02-23 16:31:39",
        "calendarYear": "2009",
        "period": "Q4",
        "revenue": 36568000,
        "costOfRevenue": 5317000,
        "grossProfit": 31251000,
        "grossProfitRatio": 0.85459965,
        "researchAndDevelopmentExpenses": 0,
        "generalAndAdministrativeExpenses": 0,
        "sellingAndMarketingExpenses": 0,
        "sellingGeneralAndAdministrativeExpenses": -1066000,
        "otherExpenses": -50346000,
        "operatingExpenses": -51412000,
        "costAndExpenses": -46095000,
        "interestIncome": 298000,
        "interestExpense": 1965000,
        "depreciationAndAmortization": 3941000,
        "ebitda": 86604000,
        "ebitdaratio": 2.3683001531,
        "operatingIncome": 25766000,
        "operatingIncomeRatio": 0.7046051192,
        "totalOtherIncomeExpensesNet": 19764000,
        "incomeBeforeTax": 45530000,
        "incomeBeforeTaxRatio": 1.2450776635,
        "incomeTaxExpense": 2602000,
        "netIncome": 23164000,
        "netIncomeRatio": 0.6334500109,
        "eps": 0.77,
        "epsdiluted": 0.77,
        "weightedAverageShsOut": 54513824,
        "weightedAverageShsOutDil": 55435436,
        "link": "https://www.sec.gov/Archives/edgar/data/1434754/000093041310000920/0000930413-10-000920-index.htm",
        "finalLink": "https://www.sec.gov/Archives/edgar/data/1434754/000093041310000920/c60379_20-f.htm"
    },
    {
        "date": "2009-09-30",
        "symbol": "SB",
        "reportedCurrency": "USD",
        "cik": "0001434754",
        "fillingDate": "2009-10-06",
        "acceptedDate": "2009-10-06 13:41:01",
        "calendarYear": "2009",
        "period": "Q3",
        "revenue": 36906000,
        "costOfRevenue": 5291000,
        "grossProfit": 31615000,
        "grossProfitRatio": 0.8566357774,
        "researchAndDevelopmentExpenses": 0,
        "generalAndAdministrativeExpenses": 0,
        "sellingAndMarketingExpenses": 0,
        "sellingGeneralAndAdministrativeExpenses": 1774000,
        "otherExpenses": 3409000,
        "operatingExpenses": 2296000,
        "costAndExpenses": 7587000,
        "interestIncome": 1025000,
        "interestExpense": 2084000,
        "depreciationAndAmortization": 3409000,
        "ebitda": 29841000,
        "ebitdaratio": 0.8085677126,
        "operatingIncome": -29319000,
        "operatingIncomeRatio": -0.7944236709,
        "totalOtherIncomeExpensesNet": -470000,
        "incomeBeforeTax": 25962000,
        "incomeBeforeTaxRatio": 0.7034628516,
        "incomeTaxExpense": 7160000,
        "netIncome": -22159000,
        "netIncomeRatio": -0.6004172763,
        "eps": -0.41,
        "epsdiluted": -0.41,
        "weightedAverageShsOut": 54512014,
        "weightedAverageShsOutDil": 54512014,
        "link": "https://www.sec.gov/Archives/edgar/data/1434754/000131786109000364/0001317861-09-000364-index.htm",
        "finalLink": "https://www.sec.gov/Archives/edgar/data/1434754/000131786109000364/f100609sb6k.htm"
    },
    {
        "date": "2009-06-30",
        "symbol": "SB",
        "reportedCurrency": "USD",
        "cik": "0001434754",
        "fillingDate": "2009-07-08",
        "acceptedDate": "2009-07-08 17:21:27",
        "calendarYear": "2009",
        "period": "Q2",
        "revenue": 44271000,
        "costOfRevenue": 4767000,
        "grossProfit": 39504000,
        "grossProfitRatio": 0.8923222877,
        "researchAndDevelopmentExpenses": 0,
        "generalAndAdministrativeExpenses": 0,
        "sellingAndMarketingExpenses": 0,
        "sellingGeneralAndAdministrativeExpenses": 1881000,
        "otherExpenses": 3364000,
        "operatingExpenses": 5245000,
        "costAndExpenses": 10012000,
        "interestIncome": 384000,
        "interestExpense": 3219000,
        "depreciationAndAmortization": 3364000,
        "ebitda": 37623000,
        "ebitdaratio": 0.8498339771,
        "operatingIncome": 55938000,
        "operatingIncomeRatio": 1.263535949,
        "totalOtherIncomeExpensesNet": 4938000,
        "incomeBeforeTax": 60876000,
        "incomeBeforeTaxRatio": 1.375076235,
        "incomeTaxExpense": -2174000,
        "netIncome": 58112000,
        "netIncomeRatio": 1.3126425877,
        "eps": 1.07,
        "epsdiluted": 1.07,
        "weightedAverageShsOut": 54510002,
        "weightedAverageShsOutDil": 54510002,
        "link": "https://www.sec.gov/Archives/edgar/data/1434754/000131786109000251/0001317861-09-000251-index.htm",
        "finalLink": "https://www.sec.gov/Archives/edgar/data/1434754/000131786109000251/f070809sb6k.htm"
    },
    {
        "date": "2009-03-31",
        "symbol": "SB",
        "reportedCurrency": "USD",
        "cik": "0001434754",
        "fillingDate": "2009-05-06",
        "acceptedDate": "2009-05-06 17:09:28",
        "calendarYear": "2009",
        "period": "Q1",
        "revenue": 46860000,
        "costOfRevenue": 4829000,
        "grossProfit": 42031000,
        "grossProfitRatio": 0.8969483568,
        "researchAndDevelopmentExpenses": 0,
        "generalAndAdministrativeExpenses": 0,
        "sellingAndMarketingExpenses": 0,
        "sellingGeneralAndAdministrativeExpenses": 1847000,
        "otherExpenses": 52499000,
        "operatingExpenses": 5026000,
        "costAndExpenses": 9855000,
        "interestIncome": 457000,
        "interestExpense": 3907000,
        "depreciationAndAmortization": 3179000,
        "ebitda": 69870000,
        "ebitdaratio": 1.4910371319,
        "operatingIncome": 66691000,
        "operatingIncomeRatio": 1.4231967563,
        "totalOtherIncomeExpensesNet": 28243000,
        "incomeBeforeTax": 94934000,
        "incomeBeforeTaxRatio": 2.0259069569,
        "incomeTaxExpense": 4716000,
        "netIncome": 61975000,
        "netIncomeRatio": 1.3225565514,
        "eps": 1.14,
        "epsdiluted": 1.14,
        "weightedAverageShsOut": 54506448,
        "weightedAverageShsOutDil": 54506448,
        "link": "https://www.sec.gov/Archives/edgar/data/1434754/000131786109000129/0001317861-09-000129-index.htm",
        "finalLink": "https://www.sec.gov/Archives/edgar/data/1434754/000131786109000129/f050609sb6k.htm"
    },
    {
        "date": "2008-12-31",
        "symbol": "SB",
        "reportedCurrency": "USD",
        "cik": "0001434754",
        "fillingDate": "2009-05-19",
        "acceptedDate": "2009-05-18 17:59:08",
        "calendarYear": "2008",
        "period": "Q4",
        "revenue": 46638000,
        "costOfRevenue": 5114000,
        "grossProfit": 41524000,
        "grossProfitRatio": 0.8903469274,
        "researchAndDevelopmentExpenses": 0,
        "generalAndAdministrativeExpenses": 0,
        "sellingAndMarketingExpenses": 0,
        "sellingGeneralAndAdministrativeExpenses": 1703000,
        "otherExpenses": 2830000,
        "operatingExpenses": 4533000,
        "costAndExpenses": 9647000,
        "interestIncome": 536000,
        "interestExpense": 4010000,
        "depreciationAndAmortization": 2830000,
        "ebitda": 39821000,
        "ebitdaratio": 0.8538316394,
        "operatingIncome": 36991000,
        "operatingIncomeRatio": 0.7931515074,
        "totalOtherIncomeExpensesNet": -21630000,
        "incomeBeforeTax": 15361000,
        "incomeBeforeTaxRatio": 0.3293666109,
        "incomeTaxExpense": 25104000,
        "netIncome": 11887000,
        "netIncomeRatio": 0.2548779965,
        "eps": -0.18,
        "epsdiluted": -0.18,
        "weightedAverageShsOut": 54506448,
        "weightedAverageShsOutDil": 54506448,
        "link": "https://www.sec.gov/Archives/edgar/data/1434754/000095011709000630/0000950117-09-000630-index.htm",
        "finalLink": "https://www.sec.gov/Archives/edgar/data/1434754/000095011709000630/c57567_20f.htm"
    },
    {
        "date": "2008-09-30",
        "symbol": "SB",
        "reportedCurrency": "USD",
        "cik": "0001434754",
        "fillingDate": "2008-10-07",
        "acceptedDate": "2008-10-07 16:40:22",
        "calendarYear": "2008",
        "period": "Q3",
        "revenue": 53409000,
        "costOfRevenue": 3830000,
        "grossProfit": 49579000,
        "grossProfitRatio": 0.9282892396,
        "researchAndDevelopmentExpenses": 0,
        "generalAndAdministrativeExpenses": 0,
        "sellingAndMarketingExpenses": 0,
        "sellingGeneralAndAdministrativeExpenses": 1625000,
        "otherExpenses": 2614000,
        "operatingExpenses": 8069000,
        "costAndExpenses": 8069000,
        "interestIncome": 374000,
        "interestExpense": 4109000,
        "depreciationAndAmortization": 2614000,
        "ebitda": 47954000,
        "ebitdaratio": 0.8978636559,
        "operatingIncome": 45340000,
        "operatingIncomeRatio": 0.8489205939,
        "totalOtherIncomeExpensesNet": -2358000,
        "incomeBeforeTax": 42982000,
        "incomeBeforeTaxRatio": 0.8047707315,
        "incomeTaxExpense": 6093000,
        "netIncome": 39247000,
        "netIncomeRatio": 0.7348386976,
        "eps": 0.72,
        "epsdiluted": 0.72,
        "weightedAverageShsOut": 54500000,
        "weightedAverageShsOutDil": 54500000,
        "link": "https://www.sec.gov/Archives/edgar/data/1434754/000131786108000350/0001317861-08-000350-index.htm",
        "finalLink": "https://www.sec.gov/Archives/edgar/data/1434754/000131786108000350/f100708sb6k.htm"
    },
    {
        "date": "2008-06-30",
        "symbol": "SB",
        "reportedCurrency": "USD",
        "cik": "0001434754",
        "fillingDate": "2008-07-09",
        "acceptedDate": "2008-07-09 15:42:54",
        "calendarYear": "2008",
        "period": "Q2",
        "revenue": 51398000,
        "costOfRevenue": 4890000,
        "grossProfit": 46508000,
        "grossProfitRatio": 0.9048601113,
        "researchAndDevelopmentExpenses": 0,
        "generalAndAdministrativeExpenses": 0,
        "sellingAndMarketingExpenses": 0,
        "sellingGeneralAndAdministrativeExpenses": 2511000,
        "otherExpenses": 2782000,
        "operatingExpenses": 10183000,
        "costAndExpenses": 10183000,
        "interestIncome": 205000,
        "interestExpense": 4239000,
        "depreciationAndAmortization": 2585000,
        "ebitda": 43800000,
        "ebitdaratio": 0.8521732363,
        "operatingIncome": 41215000,
        "operatingIncomeRatio": 0.8018794506,
        "totalOtherIncomeExpensesNet": 7299000,
        "incomeBeforeTax": 48514000,
        "incomeBeforeTaxRatio": 0.9438888673,
        "incomeTaxExpense": -3265000,
        "netIncome": 44480000,
        "netIncomeRatio": 0.8654033231,
        "eps": 0.82,
        "epsdiluted": 0.82,
        "weightedAverageShsOut": 54500000,
        "weightedAverageShsOutDil": 54500000,
        "link": "https://www.sec.gov/Archives/edgar/data/1434754/000093041308004223/0000930413-08-004223-index.htm",
        "finalLink": "https://www.sec.gov/Archives/edgar/data/1434754/000093041308004223/c54214_6k.htm"
    },
    {
        "date": "2008-03-31",
        "symbol": "SB",
        "reportedCurrency": "USD",
        "cik": "0001434754",
        "fillingDate": "2008-03-31",
        "acceptedDate": "2008-03-30 20:00:00",
        "calendarYear": "2008",
        "period": "Q1",
        "revenue": 49327000,
        "costOfRevenue": 4055000,
        "grossProfit": 45272000,
        "grossProfitRatio": 0.9177935005,
        "researchAndDevelopmentExpenses": 0,
        "generalAndAdministrativeExpenses": 0,
        "sellingAndMarketingExpenses": 0,
        "sellingGeneralAndAdministrativeExpenses": 2206000,
        "otherExpenses": 2585000,
        "operatingExpenses": 4791000,
        "costAndExpenses": 8846000,
        "interestIncome": 378000,
        "interestExpense": 4034000,
        "depreciationAndAmortization": 2585000,
        "ebitda": 43066000,
        "ebitdaratio": 0.873071543,
        "operatingIncome": 40114000,
        "operatingIncomeRatio": 0.8132260223,
        "totalOtherIncomeExpensesNet": -12860000,
        "incomeBeforeTax": 27254000,
        "incomeBeforeTaxRatio": 0.5525168772,
        "incomeTaxExpense": 16883000,
        "netIncome": 23598000,
        "netIncomeRatio": 0.478399254,
        "eps": 0.43,
        "epsdiluted": 0.43,
        "weightedAverageShsOut": 54500000,
        "weightedAverageShsOutDil": 54500000,
        "link": "",
        "finalLink": ""
    },
    {
        "date": "2007-09-30",
        "symbol": "SB",
        "reportedCurrency": "USD",
        "cik": "0001434754",
        "fillingDate": "2007-09-30",
        "acceptedDate": "2007-09-29 20:00:00",
        "calendarYear": "2007",
        "period": "Q3",
        "revenue": 44460000,
        "costOfRevenue": 3167000,
        "grossProfit": 41293000,
        "grossProfitRatio": 0.9287674314,
        "researchAndDevelopmentExpenses": 0,
        "generalAndAdministrativeExpenses": 0,
        "sellingAndMarketingExpenses": 0,
        "sellingGeneralAndAdministrativeExpenses": 304000,
        "otherExpenses": 2613000,
        "operatingExpenses": 2917000,
        "costAndExpenses": 6084000,
        "interestIncome": 339000,
        "interestExpense": 2215000,
        "depreciationAndAmortization": 2613000,
        "ebitda": 40989000,
        "ebitdaratio": 0.9219298246,
        "operatingIncome": 37287000,
        "operatingIncomeRatio": 0.8386639676,
        "totalOtherIncomeExpensesNet": -14200000,
        "incomeBeforeTax": 23087000,
        "incomeBeforeTaxRatio": 0.5192757535,
        "incomeTaxExpense": 17165000,
        "netIncome": 21211000,
        "netIncomeRatio": 0.4770805218,
        "eps": 0.39,
        "epsdiluted": 0.39,
        "weightedAverageShsOut": 54500000,
        "weightedAverageShsOutDil": 54500000,
        "link": "",
        "finalLink": ""
    },
    {
        "date": "2007-06-30",
        "symbol": "SB",
        "reportedCurrency": "USD",
        "cik": "0001434754",
        "fillingDate": "2007-06-30",
        "acceptedDate": "2007-06-29 20:00:00",
        "calendarYear": "2007",
        "period": "Q2",
        "revenue": 34738000,
        "costOfRevenue": 3346000,
        "grossProfit": 31392000,
        "grossProfitRatio": 0.9036789683,
        "researchAndDevelopmentExpenses": 0,
        "generalAndAdministrativeExpenses": 0,
        "sellingAndMarketingExpenses": 0,
        "sellingGeneralAndAdministrativeExpenses": 260000,
        "otherExpenses": 2280000,
        "operatingExpenses": 2540000,
        "costAndExpenses": 5886000,
        "interestIncome": 340000,
        "interestExpense": 1626000,
        "depreciationAndAmortization": 2280000,
        "ebitda": 31132000,
        "ebitdaratio": 0.8961943693,
        "operatingIncome": 28852000,
        "operatingIncomeRatio": 0.8305601934,
        "totalOtherIncomeExpensesNet": 7254000,
        "incomeBeforeTax": 36106000,
        "incomeBeforeTaxRatio": 1.0393805055,
        "incomeTaxExpense": -5968000,
        "netIncome": 34820000,
        "netIncomeRatio": 1.0023605274,
        "eps": 0.64,
        "epsdiluted": 0.64,
        "weightedAverageShsOut": 54500000,
        "weightedAverageShsOutDil": 54500000,
        "link": "",
        "finalLink": ""
    }
]