[
    {
        "date": "2025-06-30",
        "symbol": "SBAC",
        "reportedCurrency": "USD",
        "cik": "0001034054",
        "fillingDate": "2025-08-07",
        "acceptedDate": "2025-08-07 15:38:56",
        "calendarYear": "2025",
        "period": "Q2",
        "revenue": 698981000,
        "costOfRevenue": 177983000,
        "grossProfit": 520998000,
        "grossProfitRatio": 0.7453678998,
        "researchAndDevelopmentExpenses": 0,
        "generalAndAdministrativeExpenses": 0,
        "sellingAndMarketingExpenses": 0,
        "sellingGeneralAndAdministrativeExpenses": 70852000,
        "otherExpenses": 115365000,
        "operatingExpenses": 186217000,
        "costAndExpenses": 364200000,
        "interestIncome": 8154999,
        "interestExpense": 0,
        "depreciationAndAmortization": 69964000,
        "ebitda": 448678000,
        "ebitdaratio": 0.6419029988,
        "operatingIncome": 334781000,
        "operatingIncomeRatio": 0.4789557942,
        "totalOtherIncomeExpensesNet": -74028000,
        "incomeBeforeTax": 260753000,
        "incomeBeforeTaxRatio": 0.3730473361,
        "incomeTaxExpense": 35059000,
        "netIncome": 225794000,
        "netIncomeRatio": 0.323033101,
        "eps": 2.1,
        "epsdiluted": 2.09,
        "weightedAverageShsOut": 108035406,
        "weightedAverageShsOutDil": 107797000,
        "link": "https://www.sec.gov/Archives/edgar/data/1034054/000103405425000008/0001034054-25-000008-index.htm",
        "finalLink": "https://www.sec.gov/Archives/edgar/data/1034054/000103405425000008/sbac-20250630x10q.htm"
    },
    {
        "date": "2025-03-31",
        "symbol": "SBAC",
        "reportedCurrency": "USD",
        "cik": "0001034054",
        "fillingDate": "2025-05-01",
        "acceptedDate": "2025-05-01 17:02:22",
        "calendarYear": "2025",
        "period": "Q1",
        "revenue": 664248000,
        "costOfRevenue": 161045000,
        "grossProfit": 503203000,
        "grossProfitRatio": 0.7575529019,
        "researchAndDevelopmentExpenses": 0,
        "generalAndAdministrativeExpenses": 0,
        "sellingAndMarketingExpenses": 0,
        "sellingGeneralAndAdministrativeExpenses": 66055000,
        "otherExpenses": 102238000,
        "operatingExpenses": 168293000,
        "costAndExpenses": 329338000,
        "interestIncome": 10780000,
        "interestExpense": 0,
        "depreciationAndAmortization": 65048000,
        "ebitda": 432985000,
        "ebitdaratio": 0.6518423842,
        "operatingIncome": 334910000,
        "operatingIncomeRatio": 0.5041942166,
        "totalOtherIncomeExpensesNet": -74985000,
        "incomeBeforeTax": 259925000,
        "incomeBeforeTaxRatio": 0.3913071624,
        "incomeTaxExpense": 42019000,
        "netIncome": 220732000,
        "netIncomeRatio": 0.3323035975,
        "eps": 2.05,
        "epsdiluted": 2.04,
        "weightedAverageShsOut": 108201960,
        "weightedAverageShsOutDil": 108140000,
        "link": "https://www.sec.gov/Archives/edgar/data/1034054/000103405425000004/0001034054-25-000004-index.htm",
        "finalLink": "https://www.sec.gov/Archives/edgar/data/1034054/000103405425000004/sbac-20250331x10q.htm"
    },
    {
        "date": "2024-12-31",
        "symbol": "SBAC",
        "reportedCurrency": "USD",
        "cik": "0001034054",
        "fillingDate": "2025-02-26",
        "acceptedDate": "2025-02-26 16:04:56",
        "calendarYear": "2024",
        "period": "Q4",
        "revenue": 693700000,
        "costOfRevenue": 158696000,
        "grossProfit": 535004000,
        "grossProfitRatio": 0.7712325213,
        "researchAndDevelopmentExpenses": 0,
        "generalAndAdministrativeExpenses": 0,
        "sellingAndMarketingExpenses": 0,
        "sellingGeneralAndAdministrativeExpenses": 68795000,
        "otherExpenses": 83870000,
        "operatingExpenses": 152665000,
        "costAndExpenses": 311361000,
        "interestIncome": 20603000,
        "interestExpense": 0,
        "depreciationAndAmortization": 65073000,
        "ebitda": 462506000,
        "ebitdaratio": 0.6667233674,
        "operatingIncome": 382339000,
        "operatingIncomeRatio": 0.5511590025,
        "totalOtherIncomeExpensesNet": -226465000,
        "incomeBeforeTax": 155874000,
        "incomeBeforeTaxRatio": 0.2246994378,
        "incomeTaxExpense": -22917000,
        "netIncome": 173630000,
        "netIncomeRatio": 0.2502955168,
        "eps": 1.61,
        "epsdiluted": 1.61,
        "weightedAverageShsOut": 107843246,
        "weightedAverageShsOutDil": 108105000,
        "link": "https://www.sec.gov/Archives/edgar/data/1034054/000103405425000002/0001034054-25-000002-index.htm",
        "finalLink": "https://www.sec.gov/Archives/edgar/data/1034054/000103405425000002/sbac-20241231x10k.htm"
    },
    {
        "date": "2024-09-30",
        "symbol": "SBAC",
        "reportedCurrency": "USD",
        "cik": "0001034054",
        "fillingDate": "2024-11-01",
        "acceptedDate": "2024-11-01 14:06:29",
        "calendarYear": "2024",
        "period": "Q3",
        "revenue": 667595000,
        "costOfRevenue": 155727000,
        "grossProfit": 511868000,
        "grossProfitRatio": 0.7667343225,
        "researchAndDevelopmentExpenses": 0,
        "generalAndAdministrativeExpenses": 0,
        "sellingAndMarketingExpenses": 0,
        "sellingGeneralAndAdministrativeExpenses": 59287000,
        "otherExpenses": 76985000,
        "operatingExpenses": 136272000,
        "costAndExpenses": 291999000,
        "interestIncome": 6999000,
        "interestExpense": 0,
        "depreciationAndAmortization": 63515000,
        "ebitda": 448729000,
        "ebitdaratio": 0.6721575207,
        "operatingIncome": 375596000,
        "operatingIncomeRatio": 0.5626105648,
        "totalOtherIncomeExpensesNet": -77389000,
        "incomeBeforeTax": 298207000,
        "incomeBeforeTaxRatio": 0.4466884863,
        "incomeTaxExpense": 42316000,
        "netIncome": 258534000,
        "netIncomeRatio": 0.387261738,
        "eps": 2.41,
        "epsdiluted": 2.4,
        "weightedAverageShsOut": 107722500,
        "weightedAverageShsOutDil": 107922000,
        "link": "https://www.sec.gov/Archives/edgar/data/1034054/000103405424000012/0001034054-24-000012-index.htm",
        "finalLink": "https://www.sec.gov/Archives/edgar/data/1034054/000103405424000012/sbac-20240930x10q.htm"
    },
    {
        "date": "2024-06-30",
        "symbol": "SBAC",
        "reportedCurrency": "USD",
        "cik": "0001034054",
        "fillingDate": "2024-08-02",
        "acceptedDate": "2024-08-02 14:02:09",
        "calendarYear": "2024",
        "period": "Q2",
        "revenue": 660477000,
        "costOfRevenue": 147842000,
        "grossProfit": 512635000,
        "grossProfitRatio": 0.7761587459,
        "researchAndDevelopmentExpenses": 0,
        "generalAndAdministrativeExpenses": 0,
        "sellingAndMarketingExpenses": 0,
        "sellingGeneralAndAdministrativeExpenses": 62289000,
        "otherExpenses": 95876000,
        "operatingExpenses": 158165000,
        "costAndExpenses": 306007000,
        "interestIncome": 7046000,
        "interestExpense": 0,
        "depreciationAndAmortization": 64179000,
        "ebitda": 444580000,
        "ebitdaratio": 0.6731195787,
        "operatingIncome": 354470000,
        "operatingIncomeRatio": 0.5366878786,
        "totalOtherIncomeExpensesNet": -207355000,
        "incomeBeforeTax": 147115000,
        "incomeBeforeTaxRatio": 0.2227405345,
        "incomeTaxExpense": -12337000,
        "netIncome": 162830000,
        "netIncomeRatio": 0.2465339444,
        "eps": 1.52,
        "epsdiluted": 1.51,
        "weightedAverageShsOut": 107834437,
        "weightedAverageShsOutDil": 107679000,
        "link": "https://www.sec.gov/Archives/edgar/data/1034054/000103405424000009/0001034054-24-000009-index.htm",
        "finalLink": "https://www.sec.gov/Archives/edgar/data/1034054/000103405424000009/sbac-20240630x10q.htm"
    },
    {
        "date": "2024-03-31",
        "symbol": "SBAC",
        "reportedCurrency": "USD",
        "cik": "0001034054",
        "fillingDate": "2024-05-06",
        "acceptedDate": "2024-05-06 15:33:14",
        "calendarYear": "2024",
        "period": "Q1",
        "revenue": 657862000,
        "costOfRevenue": 145408000,
        "grossProfit": 512453999,
        "grossProfitRatio": 0.77896884,
        "researchAndDevelopmentExpenses": 0,
        "generalAndAdministrativeExpenses": 0,
        "sellingAndMarketingExpenses": 0,
        "sellingGeneralAndAdministrativeExpenses": 68453000,
        "otherExpenses": 120643000,
        "operatingExpenses": 189096000,
        "costAndExpenses": 334504000,
        "interestIncome": 7314000,
        "interestExpense": 0,
        "depreciationAndAmortization": 76750000,
        "ebitda": 438762000,
        "ebitdaratio": 0.6669514275,
        "operatingIncome": 323358000,
        "operatingIncomeRatio": 0.4915286185,
        "totalOtherIncomeExpensesNet": -151888000,
        "incomeBeforeTax": 171470000,
        "incomeBeforeTaxRatio": 0.2606473698,
        "incomeTaxExpense": 16927000,
        "netIncome": 154543000,
        "netIncomeRatio": 0.2349170495,
        "eps": 1.43,
        "epsdiluted": 1.42,
        "weightedAverageShsOut": 108833098,
        "weightedAverageShsOutDil": 108616000,
        "link": "https://www.sec.gov/Archives/edgar/data/1034054/000103405424000005/0001034054-24-000005-index.htm",
        "finalLink": "https://www.sec.gov/Archives/edgar/data/1034054/000103405424000005/sbac-20240331x10q.htm"
    },
    {
        "date": "2023-12-31",
        "symbol": "SBAC",
        "reportedCurrency": "USD",
        "cik": "0001034054",
        "fillingDate": "2024-02-28",
        "acceptedDate": "2024-02-28 17:26:56",
        "calendarYear": "2023",
        "period": "Q4",
        "revenue": 675024000,
        "costOfRevenue": 149346000,
        "grossProfit": 525678000,
        "grossProfitRatio": 0.7787545332,
        "researchAndDevelopmentExpenses": 0,
        "generalAndAdministrativeExpenses": 0,
        "sellingAndMarketingExpenses": 0,
        "sellingGeneralAndAdministrativeExpenses": 67524000,
        "otherExpenses": 248467000,
        "operatingExpenses": 315991000,
        "costAndExpenses": 465337000,
        "interestIncome": 5541000,
        "interestExpense": 0,
        "depreciationAndAmortization": 171400000,
        "ebitda": 453745000,
        "ebitdaratio": 0.6721909147,
        "operatingIncome": 209687000,
        "operatingIncomeRatio": 0.3106363626,
        "totalOtherIncomeExpensesNet": -71263000,
        "incomeBeforeTax": 138424000,
        "incomeBeforeTaxRatio": 0.2050653014,
        "incomeTaxExpense": 28896000,
        "netIncome": 109528000,
        "netIncomeRatio": 0.1622579345,
        "eps": 1.01,
        "epsdiluted": 1.01,
        "weightedAverageShsOut": 108509637,
        "weightedAverageShsOutDil": 108581000,
        "link": "https://www.sec.gov/Archives/edgar/data/1034054/000103405424000002/0001034054-24-000002-index.htm",
        "finalLink": "https://www.sec.gov/Archives/edgar/data/1034054/000103405424000002/sbac-20231231x10k.htm"
    },
    {
        "date": "2023-09-30",
        "symbol": "SBAC",
        "reportedCurrency": "USD",
        "cik": "0001034054",
        "fillingDate": "2023-11-07",
        "acceptedDate": "2023-11-07 14:48:11",
        "calendarYear": "2023",
        "period": "Q3",
        "revenue": 682544000,
        "costOfRevenue": 155382000,
        "grossProfit": 527162000,
        "grossProfitRatio": 0.7723487424,
        "researchAndDevelopmentExpenses": 0,
        "generalAndAdministrativeExpenses": 0,
        "sellingAndMarketingExpenses": 0,
        "sellingGeneralAndAdministrativeExpenses": 64521000,
        "otherExpenses": 214037000,
        "operatingExpenses": 278558000,
        "costAndExpenses": 433940000,
        "interestIncome": 5266000,
        "interestExpense": 0,
        "depreciationAndAmortization": 180674000,
        "ebitda": 458573000,
        "ebitdaratio": 0.6718585175,
        "operatingIncome": 248604000,
        "operatingIncomeRatio": 0.3642314635,
        "totalOtherIncomeExpensesNet": -155381000,
        "incomeBeforeTax": 93223000,
        "incomeBeforeTaxRatio": 0.1365816709,
        "incomeTaxExpense": 7861000,
        "netIncome": 87419000,
        "netIncomeRatio": 0.1280781898,
        "eps": 0.81,
        "epsdiluted": 0.8,
        "weightedAverageShsOut": 109273750,
        "weightedAverageShsOutDil": 108891000,
        "link": "https://www.sec.gov/Archives/edgar/data/1034054/000103405423000008/0001034054-23-000008-index.htm",
        "finalLink": "https://www.sec.gov/Archives/edgar/data/1034054/000103405423000008/sbac-20230930x10q.htm"
    },
    {
        "date": "2023-06-30",
        "symbol": "SBAC",
        "reportedCurrency": "USD",
        "cik": "0001034054",
        "fillingDate": "2023-08-03",
        "acceptedDate": "2023-08-03 15:03:43",
        "calendarYear": "2023",
        "period": "Q2",
        "revenue": 678500000,
        "costOfRevenue": 159203000,
        "grossProfit": 519297000,
        "grossProfitRatio": 0.7653603537,
        "researchAndDevelopmentExpenses": 0,
        "generalAndAdministrativeExpenses": 0,
        "sellingAndMarketingExpenses": 0,
        "sellingGeneralAndAdministrativeExpenses": 63183000,
        "otherExpenses": 214887000,
        "operatingExpenses": 278070000,
        "costAndExpenses": 437273000,
        "interestIncome": 4683000,
        "interestExpense": 0,
        "depreciationAndAmortization": 181820000,
        "ebitda": 448259000,
        "ebitdaratio": 0.6606617539,
        "operatingIncome": 241227000,
        "operatingIncomeRatio": 0.3555298452,
        "totalOtherIncomeExpensesNet": -68435000,
        "incomeBeforeTax": 172792000,
        "incomeBeforeTaxRatio": 0.2546676492,
        "incomeTaxExpense": -29178000,
        "netIncome": 203648000,
        "netIncomeRatio": 0.3001444363,
        "eps": 1.88,
        "epsdiluted": 1.87,
        "weightedAverageShsOut": 108902673,
        "weightedAverageShsOutDil": 108884000,
        "link": "https://www.sec.gov/Archives/edgar/data/1034054/000103405423000006/0001034054-23-000006-index.htm",
        "finalLink": "https://www.sec.gov/Archives/edgar/data/1034054/000103405423000006/sbac-20230630x10q.htm"
    },
    {
        "date": "2023-03-31",
        "symbol": "SBAC",
        "reportedCurrency": "USD",
        "cik": "0001034054",
        "fillingDate": "2023-05-09",
        "acceptedDate": "2023-05-08 18:07:35",
        "calendarYear": "2023",
        "period": "Q1",
        "revenue": 675516000,
        "costOfRevenue": 170361000,
        "grossProfit": 505155000,
        "grossProfitRatio": 0.7478061215,
        "researchAndDevelopmentExpenses": 0,
        "generalAndAdministrativeExpenses": 0,
        "sellingAndMarketingExpenses": 0,
        "sellingGeneralAndAdministrativeExpenses": 71909000,
        "otherExpenses": 209105000,
        "operatingExpenses": 281014000,
        "costAndExpenses": 451375000,
        "interestIncome": 2816000,
        "interestExpense": 0,
        "depreciationAndAmortization": 182415000,
        "ebitda": 430842000,
        "ebitdaratio": 0.6377968842,
        "operatingIncome": 224141000,
        "operatingIncomeRatio": 0.3318070927,
        "totalOtherIncomeExpensesNet": -80079000,
        "incomeBeforeTax": 144062000,
        "incomeBeforeTaxRatio": 0.2132621581,
        "incomeTaxExpense": 43508000,
        "netIncome": 101217000,
        "netIncomeRatio": 0.1498365694,
        "eps": 0.94,
        "epsdiluted": 0.93,
        "weightedAverageShsOut": 108835483,
        "weightedAverageShsOutDil": 109271000,
        "link": "https://www.sec.gov/Archives/edgar/data/1034054/000103405423000004/0001034054-23-000004-index.htm",
        "finalLink": "https://www.sec.gov/Archives/edgar/data/1034054/000103405423000004/sbac-20230331x10q.htm"
    },
    {
        "date": "2022-12-31",
        "symbol": "SBAC",
        "reportedCurrency": "USD",
        "cik": "0001034054",
        "fillingDate": "2023-03-01",
        "acceptedDate": "2023-02-28 17:37:46",
        "calendarYear": "2022",
        "period": "Q4",
        "revenue": 686094000,
        "costOfRevenue": 180190000,
        "grossProfit": 505904000,
        "grossProfitRatio": 0.7373683489,
        "researchAndDevelopmentExpenses": 0,
        "generalAndAdministrativeExpenses": 0,
        "sellingAndMarketingExpenses": 0,
        "sellingGeneralAndAdministrativeExpenses": 70312000,
        "otherExpenses": 200930000,
        "operatingExpenses": 271242000,
        "costAndExpenses": 451432000,
        "interestIncome": 3255000,
        "interestExpense": 0,
        "depreciationAndAmortization": 183035000,
        "ebitda": 435301000,
        "ebitdaratio": 0.6344626247,
        "operatingIncome": 234662000,
        "operatingIncomeRatio": 0.3420260198,
        "totalOtherIncomeExpensesNet": -105837000,
        "incomeBeforeTax": 128824999,
        "incomeBeforeTaxRatio": 0.1877658149,
        "incomeTaxExpense": 26248000,
        "netIncome": 103279000,
        "netIncomeRatio": 0.1505318513,
        "eps": 0.96,
        "epsdiluted": 0.95,
        "weightedAverageShsOut": 108729959,
        "weightedAverageShsOutDil": 109298000,
        "link": "https://www.sec.gov/Archives/edgar/data/1034054/000103405423000002/0001034054-23-000002-index.htm",
        "finalLink": "https://www.sec.gov/Archives/edgar/data/1034054/000103405423000002/sbac-20221231x10k.htm"
    },
    {
        "date": "2022-09-30",
        "symbol": "SBAC",
        "reportedCurrency": "USD",
        "cik": "0001034054",
        "fillingDate": "2022-11-03",
        "acceptedDate": "2022-11-03 15:43:02",
        "calendarYear": "2022",
        "period": "Q3",
        "revenue": 675584000,
        "costOfRevenue": 184397000,
        "grossProfit": 491187000,
        "grossProfitRatio": 0.7270554069,
        "researchAndDevelopmentExpenses": 0,
        "generalAndAdministrativeExpenses": 0,
        "sellingAndMarketingExpenses": 0,
        "sellingGeneralAndAdministrativeExpenses": 65543000,
        "otherExpenses": 182657000,
        "operatingExpenses": 248200000,
        "costAndExpenses": 432597000,
        "interestIncome": 2858000,
        "interestExpense": 0,
        "depreciationAndAmortization": 173825000,
        "ebitda": 425039000,
        "ebitdaratio": 0.6291430821,
        "operatingIncome": 242987000,
        "operatingIncomeRatio": 0.35966956,
        "totalOtherIncomeExpensesNet": -140342000,
        "incomeBeforeTax": 102645000,
        "incomeBeforeTaxRatio": 0.1519352146,
        "incomeTaxExpense": 2883000,
        "netIncome": 100009000,
        "netIncomeRatio": 0.1480334052,
        "eps": 0.93,
        "epsdiluted": 0.91,
        "weightedAverageShsOut": 109900000,
        "weightedAverageShsOutDil": 109358000,
        "link": "https://www.sec.gov/Archives/edgar/data/1034054/000103405422000008/0001034054-22-000008-index.htm",
        "finalLink": "https://www.sec.gov/Archives/edgar/data/1034054/000103405422000008/sbac-20220930x10q.htm"
    },
    {
        "date": "2022-06-30",
        "symbol": "SBAC",
        "reportedCurrency": "USD",
        "cik": "0001034054",
        "fillingDate": "2022-08-04",
        "acceptedDate": "2022-08-04 13:41:56",
        "calendarYear": "2022",
        "period": "Q2",
        "revenue": 652006000,
        "costOfRevenue": 172841000,
        "grossProfit": 479165000,
        "grossProfitRatio": 0.7349088812,
        "researchAndDevelopmentExpenses": 0,
        "generalAndAdministrativeExpenses": 0,
        "sellingAndMarketingExpenses": 0,
        "sellingGeneralAndAdministrativeExpenses": 63013000,
        "otherExpenses": 185174000,
        "operatingExpenses": 248187000,
        "costAndExpenses": 421028000,
        "interestIncome": 1517000,
        "interestExpense": 0,
        "depreciationAndAmortization": 176393000,
        "ebitda": 415988000,
        "ebitdaratio": 0.6380125336,
        "operatingIncome": 230978000,
        "operatingIncomeRatio": 0.3542574762,
        "totalOtherIncomeExpensesNet": -165390000,
        "incomeBeforeTax": 65587999,
        "incomeBeforeTaxRatio": 0.1005941648,
        "incomeTaxExpense": -3563000,
        "netIncome": 69516000,
        "netIncomeRatio": 0.1066186507,
        "eps": 0.64,
        "epsdiluted": 0.64,
        "weightedAverageShsOut": 108618750,
        "weightedAverageShsOutDil": 109347000,
        "link": "https://www.sec.gov/Archives/edgar/data/1034054/000103405422000006/0001034054-22-000006-index.htm",
        "finalLink": "https://www.sec.gov/Archives/edgar/data/1034054/000103405422000006/sbac-20220630x10q.htm"
    },
    {
        "date": "2022-03-31",
        "symbol": "SBAC",
        "reportedCurrency": "USD",
        "cik": "0001034054",
        "fillingDate": "2022-04-29",
        "acceptedDate": "2022-04-29 15:20:03",
        "calendarYear": "2022",
        "period": "Q1",
        "revenue": 619770000,
        "costOfRevenue": 158032000,
        "grossProfit": 461738000,
        "grossProfitRatio": 0.7450150862,
        "researchAndDevelopmentExpenses": 0,
        "generalAndAdministrativeExpenses": 0,
        "sellingAndMarketingExpenses": 0,
        "sellingGeneralAndAdministrativeExpenses": 60890000,
        "otherExpenses": 184069000,
        "operatingExpenses": 244959000,
        "costAndExpenses": 402991000,
        "interestIncome": 2502000,
        "interestExpense": 0,
        "depreciationAndAmortization": 174323000,
        "ebitda": 399482000,
        "ebitdaratio": 0.6445649192,
        "operatingIncome": 216779000,
        "operatingIncomeRatio": 0.349773303,
        "totalOtherIncomeExpensesNet": 12004000,
        "incomeBeforeTax": 228783000,
        "incomeBeforeTaxRatio": 0.3691417784,
        "incomeTaxExpense": 40477000,
        "netIncome": 188623000,
        "netIncomeRatio": 0.3043435468,
        "eps": 1.75,
        "epsdiluted": 1.72,
        "weightedAverageShsOut": 109664534,
        "weightedAverageShsOutDil": 109544000,
        "link": "https://www.sec.gov/Archives/edgar/data/1034054/000103405422000004/0001034054-22-000004-index.htm",
        "finalLink": "https://www.sec.gov/Archives/edgar/data/1034054/000103405422000004/sbac-20220331x10q.htm"
    },
    {
        "date": "2021-12-31",
        "symbol": "SBAC",
        "reportedCurrency": "USD",
        "cik": "0001034054",
        "fillingDate": "2022-03-01",
        "acceptedDate": "2022-03-01 15:58:55",
        "calendarYear": "2021",
        "period": "Q4",
        "revenue": 595138000,
        "costOfRevenue": 149898000,
        "grossProfit": 445240000,
        "grossProfitRatio": 0.7481290054,
        "researchAndDevelopmentExpenses": 0,
        "generalAndAdministrativeExpenses": 0,
        "sellingAndMarketingExpenses": 0,
        "sellingGeneralAndAdministrativeExpenses": 63260000,
        "otherExpenses": 184602000,
        "operatingExpenses": 247862000,
        "costAndExpenses": 397760000,
        "interestIncome": 1324000,
        "interestExpense": 0,
        "depreciationAndAmortization": 169895000,
        "ebitda": 381026000,
        "ebitdaratio": 0.6402313413,
        "operatingIncome": 197378000,
        "operatingIncomeRatio": 0.3316508104,
        "totalOtherIncomeExpensesNet": -149028000,
        "incomeBeforeTax": 48350000,
        "incomeBeforeTaxRatio": 0.0812416616,
        "incomeTaxExpense": -554000,
        "netIncome": 48904000,
        "netIncomeRatio": 0.0821725381,
        "eps": 0.45,
        "epsdiluted": 0.44,
        "weightedAverageShsOut": 111283547,
        "weightedAverageShsOutDil": 110727000,
        "link": "https://www.sec.gov/Archives/edgar/data/1034054/000103405422000002/0001034054-22-000002-index.htm",
        "finalLink": "https://www.sec.gov/Archives/edgar/data/1034054/000103405422000002/sbac-20211231x10k.htm"
    },
    {
        "date": "2021-09-30",
        "symbol": "SBAC",
        "reportedCurrency": "USD",
        "cik": "0001034054",
        "fillingDate": "2021-11-05",
        "acceptedDate": "2021-11-05 11:35:34",
        "calendarYear": "2021",
        "period": "Q3",
        "revenue": 589305000,
        "costOfRevenue": 145753000,
        "grossProfit": 443552000,
        "grossProfitRatio": 0.7526696702,
        "researchAndDevelopmentExpenses": 0,
        "generalAndAdministrativeExpenses": 0,
        "sellingAndMarketingExpenses": 0,
        "sellingGeneralAndAdministrativeExpenses": 50771000,
        "otherExpenses": 181005000,
        "operatingExpenses": 231776000,
        "costAndExpenses": 377529000,
        "interestIncome": 945000,
        "interestExpense": 0,
        "depreciationAndAmortization": 170916000,
        "ebitda": 392145000,
        "ebitdaratio": 0.6654364039,
        "operatingIncome": 211776000,
        "operatingIncomeRatio": 0.3593656935,
        "totalOtherIncomeExpensesNet": -174812000,
        "incomeBeforeTax": 36964000,
        "incomeBeforeTaxRatio": 0.0627247351,
        "incomeTaxExpense": -10834000,
        "netIncome": 47798000,
        "netIncomeRatio": 0.0811091031,
        "eps": 0.44,
        "epsdiluted": 0.43,
        "weightedAverageShsOut": 111158139,
        "weightedAverageShsOutDil": 111565000,
        "link": "https://www.sec.gov/Archives/edgar/data/1034054/000103405421000011/0001034054-21-000011-index.htm",
        "finalLink": "https://www.sec.gov/Archives/edgar/data/1034054/000103405421000011/sbac-20210930x10q.htm"
    },
    {
        "date": "2021-06-30",
        "symbol": "SBAC",
        "reportedCurrency": "USD",
        "cik": "0001034054",
        "fillingDate": "2021-08-05",
        "acceptedDate": "2021-08-05 15:49:31",
        "calendarYear": "2021",
        "period": "Q2",
        "revenue": 575528000,
        "costOfRevenue": 142553000,
        "grossProfit": 432975000,
        "grossProfitRatio": 0.7523091839,
        "researchAndDevelopmentExpenses": 0,
        "generalAndAdministrativeExpenses": 0,
        "sellingAndMarketingExpenses": 0,
        "sellingGeneralAndAdministrativeExpenses": 53710000,
        "otherExpenses": 179501000,
        "operatingExpenses": 233211000,
        "costAndExpenses": 375764000,
        "interestIncome": 547000,
        "interestExpense": 0,
        "depreciationAndAmortization": 175469000,
        "ebitda": 378708000,
        "ebitdaratio": 0.6580183762,
        "operatingIncome": 199764000,
        "operatingIncomeRatio": 0.3470969266,
        "totalOtherIncomeExpensesNet": 155000,
        "incomeBeforeTax": 199919000,
        "incomeBeforeTaxRatio": 0.3473662446,
        "incomeTaxExpense": 47250000,
        "netIncome": 152669000,
        "netIncomeRatio": 0.2652677194,
        "eps": 1.4,
        "epsdiluted": 1.37,
        "weightedAverageShsOut": 111437226,
        "weightedAverageShsOutDil": 111301000,
        "link": "https://www.sec.gov/Archives/edgar/data/1034054/000103405421000007/0001034054-21-000007-index.htm",
        "finalLink": "https://www.sec.gov/Archives/edgar/data/1034054/000103405421000007/sbac-20210630x10q.htm"
    },
    {
        "date": "2021-03-31",
        "symbol": "SBAC",
        "reportedCurrency": "USD",
        "cik": "0001034054",
        "fillingDate": "2021-05-06",
        "acceptedDate": "2021-05-06 15:47:26",
        "calendarYear": "2021",
        "period": "Q1",
        "revenue": 548739000,
        "costOfRevenue": 134775000,
        "grossProfit": 413964000,
        "grossProfitRatio": 0.754391432,
        "researchAndDevelopmentExpenses": 0,
        "generalAndAdministrativeExpenses": 0,
        "sellingAndMarketingExpenses": 0,
        "sellingGeneralAndAdministrativeExpenses": 51381000,
        "otherExpenses": 189004000,
        "operatingExpenses": 240385000,
        "costAndExpenses": 375160000,
        "interestIncome": 632000,
        "interestExpense": 0,
        "depreciationAndAmortization": 183881000,
        "ebitda": 361943000,
        "ebitdaratio": 0.6595904428,
        "operatingIncome": 173579000,
        "operatingIncomeRatio": 0.3163234252,
        "totalOtherIncomeExpensesNet": -206246000,
        "incomeBeforeTax": -32667000,
        "incomeBeforeTaxRatio": -0.0595310339,
        "incomeTaxExpense": -20922000,
        "netIncome": -11745000,
        "netIncomeRatio": -0.0214036181,
        "eps": -0.11,
        "epsdiluted": -0.11,
        "weightedAverageShsOut": 106772727,
        "weightedAverageShsOutDil": 109469000,
        "link": "https://www.sec.gov/Archives/edgar/data/1034054/000103405421000005/0001034054-21-000005-index.htm",
        "finalLink": "https://www.sec.gov/Archives/edgar/data/1034054/000103405421000005/sbac-20210331x10q.htm"
    },
    {
        "date": "2020-12-31",
        "symbol": "SBAC",
        "reportedCurrency": "USD",
        "cik": "0001034054",
        "fillingDate": "2021-02-25",
        "acceptedDate": "2021-02-25 16:36:03",
        "calendarYear": "2020",
        "period": "Q4",
        "revenue": 535907000,
        "costOfRevenue": 132015999,
        "grossProfit": 403891000,
        "grossProfitRatio": 0.7536587505,
        "researchAndDevelopmentExpenses": 0,
        "generalAndAdministrativeExpenses": 0,
        "sellingAndMarketingExpenses": 0,
        "sellingGeneralAndAdministrativeExpenses": 47192000,
        "otherExpenses": 191596000,
        "operatingExpenses": 238788000,
        "costAndExpenses": 370804000,
        "interestIncome": 641000,
        "interestExpense": 0,
        "depreciationAndAmortization": 180383000,
        "ebitda": 356303000,
        "ebitdaratio": 0.6648597611,
        "operatingIncome": 165103000,
        "operatingIncomeRatio": 0.3080814395,
        "totalOtherIncomeExpensesNet": -24570000,
        "incomeBeforeTax": 140533000,
        "incomeBeforeTaxRatio": 0.2622339324,
        "incomeTaxExpense": 34347000,
        "netIncome": 105782000,
        "netIncomeRatio": 0.197388726,
        "eps": 0.96,
        "epsdiluted": 0.94,
        "weightedAverageShsOut": 112894223,
        "weightedAverageShsOutDil": 112538000,
        "link": "https://www.sec.gov/Archives/edgar/data/1034054/000103405421000003/0001034054-21-000003-index.htm",
        "finalLink": "https://www.sec.gov/Archives/edgar/data/1034054/000103405421000003/sbac-20201231x10k.htm"
    },
    {
        "date": "2020-09-30",
        "symbol": "SBAC",
        "reportedCurrency": "USD",
        "cik": "0001034054",
        "fillingDate": "2020-11-05",
        "acceptedDate": "2020-11-05 14:54:19",
        "calendarYear": "2020",
        "period": "Q3",
        "revenue": 522940000,
        "costOfRevenue": 125643000,
        "grossProfit": 397297000,
        "grossProfitRatio": 0.7597372548,
        "researchAndDevelopmentExpenses": 0,
        "generalAndAdministrativeExpenses": 0,
        "sellingAndMarketingExpenses": 0,
        "sellingGeneralAndAdministrativeExpenses": 47917000,
        "otherExpenses": 189043000,
        "operatingExpenses": 236960000,
        "costAndExpenses": 362603000,
        "interestIncome": 756000,
        "interestExpense": 0,
        "depreciationAndAmortization": 180302000,
        "ebitda": 348958000,
        "ebitdaratio": 0.6673002639,
        "operatingIncome": 160337000,
        "operatingIncomeRatio": 0.3066068765,
        "totalOtherIncomeExpensesNet": -147102000,
        "incomeBeforeTax": 13235000,
        "incomeBeforeTaxRatio": 0.0253088308,
        "incomeTaxExpense": -9441000,
        "netIncome": 22568000,
        "netIncomeRatio": 0.0431560026,
        "eps": 0.2,
        "epsdiluted": 0.2,
        "weightedAverageShsOut": 112840000,
        "weightedAverageShsOutDil": 113703000,
        "link": "https://www.sec.gov/Archives/edgar/data/1034054/000103405420000010/0001034054-20-000010-index.htm",
        "finalLink": "https://www.sec.gov/Archives/edgar/data/1034054/000103405420000010/c054-20200930x10q.htm"
    },
    {
        "date": "2020-06-30",
        "symbol": "SBAC",
        "reportedCurrency": "USD",
        "cik": "0001034054",
        "fillingDate": "2020-08-06",
        "acceptedDate": "2020-08-06 12:53:26",
        "calendarYear": "2020",
        "period": "Q2",
        "revenue": 507226000,
        "costOfRevenue": 116136000,
        "grossProfit": 391090000,
        "grossProfitRatio": 0.7710369737,
        "researchAndDevelopmentExpenses": 0,
        "generalAndAdministrativeExpenses": 0,
        "sellingAndMarketingExpenses": 0,
        "sellingGeneralAndAdministrativeExpenses": 48868000,
        "otherExpenses": 185168000,
        "operatingExpenses": 234036000,
        "costAndExpenses": 350172000,
        "interestIncome": 699000,
        "interestExpense": 0,
        "depreciationAndAmortization": 178706000,
        "ebitda": 341923000,
        "ebitdaratio": 0.6741038511,
        "operatingIncome": 157054000,
        "operatingIncomeRatio": 0.3096331813,
        "totalOtherIncomeExpensesNet": -134101000,
        "incomeBeforeTax": 22953000,
        "incomeBeforeTaxRatio": 0.0452520178,
        "incomeTaxExpense": -165000,
        "netIncome": 22813000,
        "netIncomeRatio": 0.0449760068,
        "eps": 0.2,
        "epsdiluted": 0.2,
        "weightedAverageShsOut": 114065000,
        "weightedAverageShsOutDil": 113634000,
        "link": "https://www.sec.gov/Archives/edgar/data/1034054/000103405420000008/0001034054-20-000008-index.htm",
        "finalLink": "https://www.sec.gov/Archives/edgar/data/1034054/000103405420000008/sbac-20200630x10q.htm"
    },
    {
        "date": "2020-03-31",
        "symbol": "SBAC",
        "reportedCurrency": "USD",
        "cik": "0001034054",
        "fillingDate": "2020-05-06",
        "acceptedDate": "2020-05-06 16:58:57",
        "calendarYear": "2020",
        "period": "Q1",
        "revenue": 517067000,
        "costOfRevenue": 119313000,
        "grossProfit": 397754000,
        "grossProfitRatio": 0.7692504066,
        "researchAndDevelopmentExpenses": 0,
        "generalAndAdministrativeExpenses": 0,
        "sellingAndMarketingExpenses": 0,
        "sellingGeneralAndAdministrativeExpenses": 49390000,
        "otherExpenses": 197161000,
        "operatingExpenses": 246551000,
        "costAndExpenses": 365864000,
        "interestIncome": 885000,
        "interestExpense": 0,
        "depreciationAndAmortization": 182579000,
        "ebitda": 347490000,
        "ebitdaratio": 0.6720405673,
        "operatingIncome": 151203000,
        "operatingIncomeRatio": 0.292424386,
        "totalOtherIncomeExpensesNet": -345674000,
        "incomeBeforeTax": -194471000,
        "incomeBeforeTaxRatio": -0.3761040639,
        "incomeTaxExpense": -66538000,
        "netIncome": -127058000,
        "netIncomeRatio": -0.2457283099,
        "eps": -1.14,
        "epsdiluted": -1.14,
        "weightedAverageShsOut": 111454385,
        "weightedAverageShsOutDil": 111908000,
        "link": "https://www.sec.gov/Archives/edgar/data/1034054/000103405420000006/0001034054-20-000006-index.htm",
        "finalLink": "https://www.sec.gov/Archives/edgar/data/1034054/000103405420000006/sbac-20200331x10q.htm"
    },
    {
        "date": "2019-12-31",
        "symbol": "SBAC",
        "reportedCurrency": "USD",
        "cik": "0001034054",
        "fillingDate": "2020-02-24",
        "acceptedDate": "2020-02-24 15:56:25",
        "calendarYear": "2019",
        "period": "Q4",
        "revenue": 513658000,
        "costOfRevenue": 126817000,
        "grossProfit": 386841000,
        "grossProfitRatio": 0.753110046,
        "researchAndDevelopmentExpenses": 0,
        "generalAndAdministrativeExpenses": 0,
        "sellingAndMarketingExpenses": 0,
        "sellingGeneralAndAdministrativeExpenses": 43629000,
        "otherExpenses": 189293000,
        "operatingExpenses": 232922000,
        "costAndExpenses": 359739000,
        "interestIncome": 808000,
        "interestExpense": 0,
        "depreciationAndAmortization": 179488000,
        "ebitda": 340625000,
        "ebitdaratio": 0.663135783,
        "operatingIncome": 153919000,
        "operatingIncomeRatio": 0.2996526872,
        "totalOtherIncomeExpensesNet": -69570000,
        "incomeBeforeTax": 84349000,
        "incomeBeforeTaxRatio": 0.1642123748,
        "incomeTaxExpense": 16794000,
        "netIncome": 67351000,
        "netIncomeRatio": 0.1311203174,
        "eps": 0.6,
        "epsdiluted": 0.59,
        "weightedAverageShsOut": 113921374,
        "weightedAverageShsOutDil": 114306000,
        "link": "https://www.sec.gov/Archives/edgar/data/1034054/000103405420000003/0001034054-20-000003-index.htm",
        "finalLink": "https://www.sec.gov/Archives/edgar/data/1034054/000103405420000003/sbac-20191231x10k.htm"
    },
    {
        "date": "2019-09-30",
        "symbol": "SBAC",
        "reportedCurrency": "USD",
        "cik": "0001034054",
        "fillingDate": "2019-11-07",
        "acceptedDate": "2019-11-07 16:05:37",
        "calendarYear": "2019",
        "period": "Q3",
        "revenue": 507547000,
        "costOfRevenue": 128201000,
        "grossProfit": 379346000,
        "grossProfitRatio": 0.7474105846,
        "researchAndDevelopmentExpenses": 0,
        "generalAndAdministrativeExpenses": 0,
        "sellingAndMarketingExpenses": 0,
        "sellingGeneralAndAdministrativeExpenses": 42058000,
        "otherExpenses": 183441000,
        "operatingExpenses": 225499000,
        "costAndExpenses": 353700000,
        "interestIncome": 1311000,
        "interestExpense": 0,
        "depreciationAndAmortization": 174988000,
        "ebitda": 336818000,
        "ebitdaratio": 0.6636193298,
        "operatingIncome": 153847000,
        "operatingIncomeRatio": 0.303118726,
        "totalOtherIncomeExpensesNet": -135083000,
        "incomeBeforeTax": 18764000,
        "incomeBeforeTaxRatio": 0.0369699752,
        "incomeTaxExpense": -3002000,
        "netIncome": 21679000,
        "netIncomeRatio": 0.0427132857,
        "eps": 0.19,
        "epsdiluted": 0.19,
        "weightedAverageShsOut": 114100000,
        "weightedAverageShsOutDil": 115184000,
        "link": "https://www.sec.gov/Archives/edgar/data/1034054/000103405419000011/0001034054-19-000011-index.htm",
        "finalLink": "https://www.sec.gov/Archives/edgar/data/1034054/000103405419000011/sbac-20190930x10q.htm"
    },
    {
        "date": "2019-06-30",
        "symbol": "SBAC",
        "reportedCurrency": "USD",
        "cik": "0001034054",
        "fillingDate": "2019-08-06",
        "acceptedDate": "2019-08-06 15:03:11",
        "calendarYear": "2019",
        "period": "Q2",
        "revenue": 500147000,
        "costOfRevenue": 126987000,
        "grossProfit": 373160000,
        "grossProfitRatio": 0.7461006464,
        "researchAndDevelopmentExpenses": 0,
        "generalAndAdministrativeExpenses": 0,
        "sellingAndMarketingExpenses": 0,
        "sellingGeneralAndAdministrativeExpenses": 55324000,
        "otherExpenses": 181384000,
        "operatingExpenses": 236708000,
        "costAndExpenses": 363695000,
        "interestIncome": 1581000,
        "interestExpense": 0,
        "depreciationAndAmortization": 171564000,
        "ebitda": 317305000,
        "ebitdaratio": 0.6344234795,
        "operatingIncome": 136452000,
        "operatingIncomeRatio": 0.2728237898,
        "totalOtherIncomeExpensesNet": -88871000,
        "incomeBeforeTax": 47581000,
        "incomeBeforeTaxRatio": 0.0951340306,
        "incomeTaxExpense": 15608000,
        "netIncome": 31973000,
        "netIncomeRatio": 0.0639272054,
        "eps": 0.28,
        "epsdiluted": 0.28,
        "weightedAverageShsOut": 114189285,
        "weightedAverageShsOutDil": 114940000,
        "link": "https://www.sec.gov/Archives/edgar/data/1034054/000103405419000008/0001034054-19-000008-index.htm",
        "finalLink": "https://www.sec.gov/Archives/edgar/data/1034054/000103405419000008/sbac-20190630x10q.htm"
    },
    {
        "date": "2019-03-31",
        "symbol": "SBAC",
        "reportedCurrency": "USD",
        "cik": "0001034054",
        "fillingDate": "2019-05-09",
        "acceptedDate": "2019-05-08 18:27:20",
        "calendarYear": "2019",
        "period": "Q1",
        "revenue": 493293000,
        "costOfRevenue": 126252000,
        "grossProfit": 367041000,
        "grossProfitRatio": 0.7440628592,
        "researchAndDevelopmentExpenses": 0,
        "generalAndAdministrativeExpenses": 0,
        "sellingAndMarketingExpenses": 0,
        "sellingGeneralAndAdministrativeExpenses": 50762000,
        "otherExpenses": 177006000,
        "operatingExpenses": 227768000,
        "costAndExpenses": 354020000,
        "interestIncome": 1800000,
        "interestExpense": 0,
        "depreciationAndAmortization": 171038000,
        "ebitda": 315771000,
        "ebitdaratio": 0.6401286862,
        "operatingIncome": 139273000,
        "operatingIncomeRatio": 0.2823332178,
        "totalOtherIncomeExpensesNet": -103077000,
        "incomeBeforeTax": 36196000,
        "incomeBeforeTaxRatio": 0.0733762693,
        "incomeTaxExpense": 10207000,
        "netIncome": 25989000,
        "netIncomeRatio": 0.0526847127,
        "eps": 0.23,
        "epsdiluted": 0.23,
        "weightedAverageShsOut": 112995652,
        "weightedAverageShsOutDil": 114344000,
        "link": "https://www.sec.gov/Archives/edgar/data/1034054/000103405419000004/0001034054-19-000004-index.htm",
        "finalLink": "https://www.sec.gov/Archives/edgar/data/1034054/000103405419000004/sbac-20190331x10q.htm"
    },
    {
        "date": "2018-12-31",
        "symbol": "SBAC",
        "reportedCurrency": "USD",
        "cik": "0001034054",
        "fillingDate": "2019-02-28",
        "acceptedDate": "2019-02-28 16:54:16",
        "calendarYear": "2018",
        "period": "Q4",
        "revenue": 483849000,
        "costOfRevenue": 124092000,
        "grossProfit": 359757000,
        "grossProfitRatio": 0.7435315563,
        "researchAndDevelopmentExpenses": 0,
        "generalAndAdministrativeExpenses": 0,
        "sellingAndMarketingExpenses": 0,
        "sellingGeneralAndAdministrativeExpenses": 35399000,
        "otherExpenses": 174036000,
        "operatingExpenses": 209435000,
        "costAndExpenses": 333527000,
        "interestIncome": 1759000,
        "interestExpense": 0,
        "depreciationAndAmortization": 169454000,
        "ebitda": 323698000,
        "ebitdaratio": 0.6690062395,
        "operatingIncome": 150322000,
        "operatingIncomeRatio": 0.3106795715,
        "totalOtherIncomeExpensesNet": -77291000,
        "incomeBeforeTax": 73031000,
        "incomeBeforeTaxRatio": 0.1509375859,
        "incomeTaxExpense": 15878000,
        "netIncome": 57153000,
        "netIncomeRatio": 0.1181215627,
        "eps": 0.5,
        "epsdiluted": 0.5,
        "weightedAverageShsOut": 115315936,
        "weightedAverageShsOutDil": 115010000,
        "link": "https://www.sec.gov/Archives/edgar/data/1034054/000103405419000002/0001034054-19-000002-index.htm",
        "finalLink": "https://www.sec.gov/Archives/edgar/data/1034054/000103405419000002/sbac-20181231x10k.htm"
    },
    {
        "date": "2018-09-30",
        "symbol": "SBAC",
        "reportedCurrency": "USD",
        "cik": "0001034054",
        "fillingDate": "2018-11-08",
        "acceptedDate": "2018-11-08 14:35:44",
        "calendarYear": "2018",
        "period": "Q3",
        "revenue": 467221000,
        "costOfRevenue": 119736000,
        "grossProfit": 347485000,
        "grossProfitRatio": 0.7437272725,
        "researchAndDevelopmentExpenses": 0,
        "generalAndAdministrativeExpenses": 0,
        "sellingAndMarketingExpenses": 0,
        "sellingGeneralAndAdministrativeExpenses": 34715000,
        "otherExpenses": 174764000,
        "operatingExpenses": 209479000,
        "costAndExpenses": 329215000,
        "interestIncome": 2005999,
        "interestExpense": 0,
        "depreciationAndAmortization": 167703000,
        "ebitda": 312179000,
        "ebitdaratio": 0.6681613198,
        "operatingIncome": 138006000,
        "operatingIncomeRatio": 0.295376278,
        "totalOtherIncomeExpensesNet": -123841000,
        "incomeBeforeTax": 14165000,
        "incomeBeforeTaxRatio": 0.0303175585,
        "incomeTaxExpense": -1979000,
        "netIncome": 16143999,
        "netIncomeRatio": 0.0345532393,
        "eps": 0.14,
        "epsdiluted": 0.14,
        "weightedAverageShsOut": 115314278,
        "weightedAverageShsOutDil": 116114000,
        "link": "https://www.sec.gov/Archives/edgar/data/1034054/000103405418000018/0001034054-18-000018-index.htm",
        "finalLink": "https://www.sec.gov/Archives/edgar/data/1034054/000103405418000018/sbac-20180930x10q.htm"
    },
    {
        "date": "2018-06-30",
        "symbol": "SBAC",
        "reportedCurrency": "USD",
        "cik": "0001034054",
        "fillingDate": "2018-08-06",
        "acceptedDate": "2018-08-06 16:00:05",
        "calendarYear": "2018",
        "period": "Q2",
        "revenue": 456323000,
        "costOfRevenue": 117547000,
        "grossProfit": 338776000,
        "grossProfitRatio": 0.7424039551,
        "researchAndDevelopmentExpenses": 0,
        "generalAndAdministrativeExpenses": 0,
        "sellingAndMarketingExpenses": 0,
        "sellingGeneralAndAdministrativeExpenses": 35753000,
        "otherExpenses": 177152000,
        "operatingExpenses": 212905000,
        "costAndExpenses": 330452000,
        "interestIncome": 1671000,
        "interestExpense": 0,
        "depreciationAndAmortization": 169558000,
        "ebitda": 302325000,
        "ebitdaratio": 0.6625241331,
        "operatingIncome": 125871000,
        "operatingIncomeRatio": 0.2758375098,
        "totalOtherIncomeExpensesNet": -201511000,
        "incomeBeforeTax": -75640000,
        "incomeBeforeTaxRatio": -0.1657597798,
        "incomeTaxExpense": -18249000,
        "netIncome": -57391000,
        "netIncomeRatio": -0.1257683702,
        "eps": -0.5,
        "epsdiluted": -0.5,
        "weightedAverageShsOut": 114782000,
        "weightedAverageShsOutDil": 115064000,
        "link": "https://www.sec.gov/Archives/edgar/data/1034054/000103405418000016/0001034054-18-000016-index.htm",
        "finalLink": "https://www.sec.gov/Archives/edgar/data/1034054/000103405418000016/sbac-20180630x10q.htm"
    },
    {
        "date": "2018-03-31",
        "symbol": "SBAC",
        "reportedCurrency": "USD",
        "cik": "0001034054",
        "fillingDate": "2018-05-07",
        "acceptedDate": "2018-05-07 17:24:39",
        "calendarYear": "2018",
        "period": "Q1",
        "revenue": 458302000,
        "costOfRevenue": 118381000,
        "grossProfit": 339921000,
        "grossProfitRatio": 0.7416965233,
        "researchAndDevelopmentExpenses": 0,
        "generalAndAdministrativeExpenses": 0,
        "sellingAndMarketingExpenses": 0,
        "sellingGeneralAndAdministrativeExpenses": 35856000,
        "otherExpenses": 174097000,
        "operatingExpenses": 209953000,
        "costAndExpenses": 328334000,
        "interestIncome": 1295000,
        "interestExpense": 0,
        "depreciationAndAmortization": 165398000,
        "ebitda": 303222000,
        "ebitdaratio": 0.6616205035,
        "operatingIncome": 129967999,
        "operatingIncomeRatio": 0.2835859302,
        "totalOtherIncomeExpensesNet": -89840999,
        "incomeBeforeTax": 40127000,
        "incomeBeforeTaxRatio": 0.0875558038,
        "incomeTaxExpense": 8582000,
        "netIncome": 31545000,
        "netIncomeRatio": 0.06883016,
        "eps": 0.27,
        "epsdiluted": 0.27,
        "weightedAverageShsOut": 116833333,
        "weightedAverageShsOutDil": 118293000,
        "link": "https://www.sec.gov/Archives/edgar/data/1034054/000103405418000007/0001034054-18-000007-index.htm",
        "finalLink": "https://www.sec.gov/Archives/edgar/data/1034054/000103405418000007/sbac-20180331x10q.htm"
    },
    {
        "date": "2017-12-31",
        "symbol": "SBAC",
        "reportedCurrency": "USD",
        "cik": "0001034054",
        "fillingDate": "2018-03-01",
        "acceptedDate": "2018-03-01 12:56:25",
        "calendarYear": "2017",
        "period": "Q4",
        "revenue": 443072000,
        "costOfRevenue": 120039000,
        "grossProfit": 323033000,
        "grossProfitRatio": 0.7290756356,
        "researchAndDevelopmentExpenses": 0,
        "generalAndAdministrativeExpenses": 0,
        "sellingAndMarketingExpenses": 0,
        "sellingGeneralAndAdministrativeExpenses": 31244000,
        "otherExpenses": 172708000,
        "operatingExpenses": 203952000,
        "costAndExpenses": 323991000,
        "interestIncome": 2689000,
        "interestExpense": 0,
        "depreciationAndAmortization": 162643000,
        "ebitda": 291669000,
        "ebitdaratio": 0.6582880435,
        "operatingIncome": 119081000,
        "operatingIncomeRatio": 0.2687621876,
        "totalOtherIncomeExpensesNet": -108351000,
        "incomeBeforeTax": 10730000,
        "incomeBeforeTaxRatio": 0.024217283,
        "incomeTaxExpense": 3071000,
        "netIncome": 7660000,
        "netIncomeRatio": 0.0172883865,
        "eps": 0.07,
        "epsdiluted": 0.06,
        "weightedAverageShsOut": 117231141,
        "weightedAverageShsOutDil": 118931000,
        "link": "https://www.sec.gov/Archives/edgar/data/1034054/000103405418000003/0001034054-18-000003-index.htm",
        "finalLink": "https://www.sec.gov/Archives/edgar/data/1034054/000103405418000003/sbac-20171231x10k.htm"
    },
    {
        "date": "2017-09-30",
        "symbol": "SBAC",
        "reportedCurrency": "USD",
        "cik": "0001034054",
        "fillingDate": "2017-11-07",
        "acceptedDate": "2017-11-07 13:11:44",
        "calendarYear": "2017",
        "period": "Q3",
        "revenue": 433945000,
        "costOfRevenue": 113051000,
        "grossProfit": 320894000,
        "grossProfitRatio": 0.7394808098,
        "researchAndDevelopmentExpenses": 0,
        "generalAndAdministrativeExpenses": 0,
        "sellingAndMarketingExpenses": 0,
        "sellingGeneralAndAdministrativeExpenses": 32101999,
        "otherExpenses": 171781000,
        "operatingExpenses": 203883000,
        "costAndExpenses": 316934000,
        "interestIncome": 2505000,
        "interestExpense": 0,
        "depreciationAndAmortization": 161906000,
        "ebitda": 287541000,
        "ebitdaratio": 0.662620839,
        "operatingIncome": 117011000,
        "operatingIncomeRatio": 0.2696447707,
        "totalOtherIncomeExpensesNet": -64472000,
        "incomeBeforeTax": 52539000,
        "incomeBeforeTaxRatio": 0.121072947,
        "incomeTaxExpense": 3378000,
        "netIncome": 49161000,
        "netIncomeRatio": 0.1132885504,
        "eps": 0.41,
        "epsdiluted": 0.41,
        "weightedAverageShsOut": 119904878,
        "weightedAverageShsOutDil": 121026000,
        "link": "https://www.sec.gov/Archives/edgar/data/1034054/000103405417000010/0001034054-17-000010-index.htm",
        "finalLink": "https://www.sec.gov/Archives/edgar/data/1034054/000103405417000010/sbac-20170930x10q.htm"
    },
    {
        "date": "2017-06-30",
        "symbol": "SBAC",
        "reportedCurrency": "USD",
        "cik": "0001034054",
        "fillingDate": "2017-08-04",
        "acceptedDate": "2017-08-04 12:02:53",
        "calendarYear": "2017",
        "period": "Q2",
        "revenue": 427294000,
        "costOfRevenue": 111650000,
        "grossProfit": 315644000,
        "grossProfitRatio": 0.7387044985,
        "researchAndDevelopmentExpenses": 0,
        "generalAndAdministrativeExpenses": 0,
        "sellingAndMarketingExpenses": 0,
        "sellingGeneralAndAdministrativeExpenses": 32927000,
        "otherExpenses": 168127000,
        "operatingExpenses": 201054000,
        "costAndExpenses": 312704000,
        "interestIncome": 2909000,
        "interestExpense": 0,
        "depreciationAndAmortization": 159520000,
        "ebitda": 280805000,
        "ebitdaratio": 0.6571704728,
        "operatingIncome": 114590000,
        "operatingIncomeRatio": 0.26817601,
        "totalOtherIncomeExpensesNet": -101967000,
        "incomeBeforeTax": 12623000,
        "incomeBeforeTaxRatio": 0.0295417207,
        "incomeTaxExpense": 3390000,
        "netIncome": 9233000,
        "netIncomeRatio": 0.0216080731,
        "eps": 0.08,
        "epsdiluted": 0.08,
        "weightedAverageShsOut": 121456477,
        "weightedAverageShsOutDil": 122437000,
        "link": "https://www.sec.gov/Archives/edgar/data/1034054/000103405417000008/0001034054-17-000008-index.htm",
        "finalLink": "https://www.sec.gov/Archives/edgar/data/1034054/000103405417000008/sbac-20170630x10q.htm"
    },
    {
        "date": "2017-03-31",
        "symbol": "SBAC",
        "reportedCurrency": "USD",
        "cik": "0001034054",
        "fillingDate": "2017-05-08",
        "acceptedDate": "2017-05-08 16:09:43",
        "calendarYear": "2017",
        "period": "Q1",
        "revenue": 423363000,
        "costOfRevenue": 113939000,
        "grossProfit": 309424000,
        "grossProfitRatio": 0.7308716161,
        "researchAndDevelopmentExpenses": 0,
        "generalAndAdministrativeExpenses": 0,
        "sellingAndMarketingExpenses": 0,
        "sellingGeneralAndAdministrativeExpenses": 33635000,
        "otherExpenses": 167970000,
        "operatingExpenses": 201605000,
        "costAndExpenses": 315544000,
        "interestIncome": 3234000,
        "interestExpense": 0,
        "depreciationAndAmortization": 159031000,
        "ebitda": 273835000,
        "ebitdaratio": 0.6468090031,
        "operatingIncome": 107819000,
        "operatingIncomeRatio": 0.254672704,
        "totalOtherIncomeExpensesNet": -66823000,
        "incomeBeforeTax": 40996000,
        "incomeBeforeTaxRatio": 0.0968341589,
        "incomeTaxExpense": 3398000,
        "netIncome": 37598000,
        "netIncomeRatio": 0.0888079497,
        "eps": 0.31,
        "epsdiluted": 0.31,
        "weightedAverageShsOut": 121283870,
        "weightedAverageShsOutDil": 121734000,
        "link": "https://www.sec.gov/Archives/edgar/data/1034054/000103405417000006/0001034054-17-000006-index.htm",
        "finalLink": "https://www.sec.gov/Archives/edgar/data/1034054/000103405417000006/sbac-20170331x10q.htm"
    },
    {
        "date": "2016-12-31",
        "symbol": "SBAC",
        "reportedCurrency": "USD",
        "cik": "0001034054",
        "fillingDate": "2017-03-01",
        "acceptedDate": "2017-03-01 14:05:19",
        "calendarYear": "2016",
        "period": "Q4",
        "revenue": 416505000,
        "costOfRevenue": 110433000,
        "grossProfit": 306072000,
        "grossProfitRatio": 0.7348579249,
        "researchAndDevelopmentExpenses": 0,
        "generalAndAdministrativeExpenses": 0,
        "sellingAndMarketingExpenses": 0,
        "sellingGeneralAndAdministrativeExpenses": 16285000,
        "otherExpenses": 182354000,
        "operatingExpenses": 198639000,
        "costAndExpenses": 309072000,
        "interestIncome": 3224000,
        "interestExpense": 0,
        "depreciationAndAmortization": 158554000,
        "ebitda": 289129000,
        "ebitdaratio": 0.6941789414,
        "operatingIncome": 107433000,
        "operatingIncomeRatio": 0.2579392804,
        "totalOtherIncomeExpensesNet": -96886000,
        "incomeBeforeTax": 10547000,
        "incomeBeforeTaxRatio": 0.0253226252,
        "incomeTaxExpense": 5285000,
        "netIncome": 5262000,
        "netIncomeRatio": 0.0126337019,
        "eps": 0.04,
        "epsdiluted": 0.04,
        "weightedAverageShsOut": 122683080,
        "weightedAverageShsOutDil": 123307000,
        "link": "https://www.sec.gov/Archives/edgar/data/1034054/000103405417000003/0001034054-17-000003-index.htm",
        "finalLink": "https://www.sec.gov/Archives/edgar/data/1034054/000103405417000003/sbac-20161231x10k.htm"
    },
    {
        "date": "2016-09-30",
        "symbol": "SBAC",
        "reportedCurrency": "USD",
        "cik": "0001034054",
        "fillingDate": "2016-11-09",
        "acceptedDate": "2016-11-09 14:39:26",
        "calendarYear": "2016",
        "period": "Q3",
        "revenue": 411319000,
        "costOfRevenue": 108438000,
        "grossProfit": 302881000,
        "grossProfitRatio": 0.7363652056,
        "researchAndDevelopmentExpenses": 0,
        "generalAndAdministrativeExpenses": 0,
        "sellingAndMarketingExpenses": 0,
        "sellingGeneralAndAdministrativeExpenses": 31706000,
        "otherExpenses": 162965000,
        "operatingExpenses": 194671000,
        "costAndExpenses": 303109000,
        "interestIncome": 3101000,
        "interestExpense": 0,
        "depreciationAndAmortization": 160111000,
        "ebitda": 269616000,
        "ebitdaratio": 0.6554912367,
        "operatingIncome": 108210000,
        "operatingIncomeRatio": 0.2630804801,
        "totalOtherIncomeExpensesNet": -122006000,
        "incomeBeforeTax": -13796000,
        "incomeBeforeTaxRatio": -0.033540877,
        "incomeTaxExpense": 1574000,
        "netIncome": -15370000,
        "netIncomeRatio": -0.0373675906,
        "eps": -0.12,
        "epsdiluted": -0.12,
        "weightedAverageShsOut": 124604783,
        "weightedAverageShsOutDil": 124604000,
        "link": "https://www.sec.gov/Archives/edgar/data/1034054/000103405416000025/0001034054-16-000025-index.htm",
        "finalLink": "https://www.sec.gov/Archives/edgar/data/1034054/000103405416000025/sbac-20160930x10q.htm"
    },
    {
        "date": "2016-06-30",
        "symbol": "SBAC",
        "reportedCurrency": "USD",
        "cik": "0001034054",
        "fillingDate": "2016-08-09",
        "acceptedDate": "2016-08-09 12:52:20",
        "calendarYear": "2016",
        "period": "Q2",
        "revenue": 405532000,
        "costOfRevenue": 109388000,
        "grossProfit": 296144000,
        "grossProfitRatio": 0.7302604973,
        "researchAndDevelopmentExpenses": 0,
        "generalAndAdministrativeExpenses": 0,
        "sellingAndMarketingExpenses": 0,
        "sellingGeneralAndAdministrativeExpenses": 47263000,
        "otherExpenses": 174815000,
        "operatingExpenses": 222078000,
        "costAndExpenses": 331466000,
        "interestIncome": 2737000,
        "interestExpense": 84142000,
        "depreciationAndAmortization": 159723000,
        "ebitda": 247263000,
        "ebitdaratio": 0.6097250032,
        "operatingIncome": 74066000,
        "operatingIncomeRatio": 0.1826391012,
        "totalOtherIncomeExpensesNet": -39354000,
        "incomeBeforeTax": 34712000,
        "incomeBeforeTaxRatio": 0.0855962045,
        "incomeTaxExpense": 2001000,
        "netIncome": 32711000,
        "netIncomeRatio": 0.0806619453,
        "eps": 0.26,
        "epsdiluted": 0.26,
        "weightedAverageShsOut": 125811538,
        "weightedAverageShsOutDil": 125783000,
        "link": "https://www.sec.gov/Archives/edgar/data/1034054/000103405416000022/0001034054-16-000022-index.htm",
        "finalLink": "https://www.sec.gov/Archives/edgar/data/1034054/000103405416000022/sbac-20160630x10q.htm"
    },
    {
        "date": "2016-03-31",
        "symbol": "SBAC",
        "reportedCurrency": "USD",
        "cik": "0001034054",
        "fillingDate": "2016-05-10",
        "acceptedDate": "2016-05-10 13:57:38",
        "calendarYear": "2016",
        "period": "Q1",
        "revenue": 399769000,
        "costOfRevenue": 105777000,
        "grossProfit": 293992000,
        "grossProfitRatio": 0.7354046962,
        "researchAndDevelopmentExpenses": 0,
        "generalAndAdministrativeExpenses": 0,
        "sellingAndMarketingExpenses": 0,
        "sellingGeneralAndAdministrativeExpenses": 29951000,
        "otherExpenses": 166439000,
        "operatingExpenses": 196390000,
        "costAndExpenses": 302167000,
        "interestIncome": 1866000,
        "interestExpense": 84259000,
        "depreciationAndAmortization": 159801000,
        "ebitda": 261599000,
        "ebitdaratio": 0.6543754018,
        "operatingIncome": 97602000,
        "operatingIncomeRatio": 0.2441459943,
        "totalOtherIncomeExpensesNet": -41758000,
        "incomeBeforeTax": 55844000,
        "incomeBeforeTaxRatio": 0.1396906714,
        "incomeTaxExpense": 2205000,
        "netIncome": 53639000,
        "netIncomeRatio": 0.1341749861,
        "eps": 0.43,
        "epsdiluted": 0.43,
        "weightedAverageShsOut": 125398012,
        "weightedAverageShsOutDil": 126124000,
        "link": "https://www.sec.gov/Archives/edgar/data/1034054/000103405416000020/0001034054-16-000020-index.htm",
        "finalLink": "https://www.sec.gov/Archives/edgar/data/1034054/000103405416000020/sbac-20160331x10q.htm"
    },
    {
        "date": "2015-12-31",
        "symbol": "SBAC",
        "reportedCurrency": "USD",
        "cik": "0001034054",
        "fillingDate": "2016-02-26",
        "acceptedDate": "2016-02-26 12:05:00",
        "calendarYear": "2015",
        "period": "Q4",
        "revenue": 406941000,
        "costOfRevenue": 113820000,
        "grossProfit": 293121000,
        "grossProfitRatio": 0.7203034347,
        "researchAndDevelopmentExpenses": 0,
        "generalAndAdministrativeExpenses": 0,
        "sellingAndMarketingExpenses": 0,
        "sellingGeneralAndAdministrativeExpenses": 28471000,
        "otherExpenses": 182522000,
        "operatingExpenses": 210993000,
        "costAndExpenses": 324813000,
        "interestIncome": 1610000,
        "interestExpense": 84380000,
        "depreciationAndAmortization": 161461000,
        "ebitda": 268477000,
        "ebitdaratio": 0.6597442873,
        "operatingIncome": 82128000,
        "operatingIncomeRatio": 0.201817954,
        "totalOtherIncomeExpensesNet": -49162000,
        "incomeBeforeTax": 32966000,
        "incomeBeforeTaxRatio": 0.0810092864,
        "incomeTaxExpense": 1948000,
        "netIncome": 31017000,
        "netIncomeRatio": 0.0762198943,
        "eps": 0.25,
        "epsdiluted": 0.24,
        "weightedAverageShsOut": 126005459,
        "weightedAverageShsOutDil": 126964000,
        "link": "https://www.sec.gov/Archives/edgar/data/1034054/000103405416000018/0001034054-16-000018-index.htm",
        "finalLink": "https://www.sec.gov/Archives/edgar/data/1034054/000103405416000018/sbac-20151231x10k.htm"
    },
    {
        "date": "2015-09-30",
        "symbol": "SBAC",
        "reportedCurrency": "USD",
        "cik": "0001034054",
        "fillingDate": "2015-11-09",
        "acceptedDate": "2015-11-09 15:27:28",
        "calendarYear": "2015",
        "period": "Q3",
        "revenue": 410735000,
        "costOfRevenue": 112097000,
        "grossProfit": 298638000,
        "grossProfitRatio": 0.7270819385,
        "researchAndDevelopmentExpenses": 0,
        "generalAndAdministrativeExpenses": 0,
        "sellingAndMarketingExpenses": 0,
        "sellingGeneralAndAdministrativeExpenses": 27429000,
        "otherExpenses": 228126000,
        "operatingExpenses": 255555000,
        "costAndExpenses": 367652000,
        "interestIncome": 1276000,
        "interestExpense": 82326000,
        "depreciationAndAmortization": 164330000,
        "ebitda": 269405000,
        "ebitdaratio": 0.655909528,
        "operatingIncome": 43083000,
        "operatingIncomeRatio": 0.1048924489,
        "totalOtherIncomeExpensesNet": -197103000,
        "incomeBeforeTax": -154020000,
        "incomeBeforeTaxRatio": -0.374986305,
        "incomeTaxExpense": 1926000,
        "netIncome": -155946000,
        "netIncomeRatio": -0.3796754598,
        "eps": -1.23,
        "epsdiluted": -1.23,
        "weightedAverageShsOut": 126785365,
        "weightedAverageShsOutDil": 127170000,
        "link": "https://www.sec.gov/Archives/edgar/data/1034054/000103405415000015/0001034054-15-000015-index.htm",
        "finalLink": "https://www.sec.gov/Archives/edgar/data/1034054/000103405415000015/sbac-20150930x10q.htm"
    },
    {
        "date": "2015-06-30",
        "symbol": "SBAC",
        "reportedCurrency": "USD",
        "cik": "0001034054",
        "fillingDate": "2015-08-06",
        "acceptedDate": "2015-08-06 12:28:43",
        "calendarYear": "2015",
        "period": "Q2",
        "revenue": 410704000,
        "costOfRevenue": 117892000,
        "grossProfit": 292812000,
        "grossProfitRatio": 0.71295142,
        "researchAndDevelopmentExpenses": 0,
        "generalAndAdministrativeExpenses": 0,
        "sellingAndMarketingExpenses": 0,
        "sellingGeneralAndAdministrativeExpenses": 27859000,
        "otherExpenses": 166790000,
        "operatingExpenses": 194649000,
        "costAndExpenses": 312541000,
        "interestIncome": 715000,
        "interestExpense": 79230000,
        "depreciationAndAmortization": 162377000,
        "ebitda": 263450000,
        "ebitdaratio": 0.6414595426,
        "operatingIncome": 98163000,
        "operatingIncomeRatio": 0.2390115509,
        "totalOtherIncomeExpensesNet": -67634000,
        "incomeBeforeTax": 30529000,
        "incomeBeforeTaxRatio": 0.0743333398,
        "incomeTaxExpense": 2224000,
        "netIncome": 28305000,
        "netIncomeRatio": 0.0689182477,
        "eps": 0.22,
        "epsdiluted": 0.22,
        "weightedAverageShsOut": 128809563,
        "weightedAverageShsOutDil": 129948000,
        "link": "https://www.sec.gov/Archives/edgar/data/1034054/000103405415000012/0001034054-15-000012-index.htm",
        "finalLink": "https://www.sec.gov/Archives/edgar/data/1034054/000103405415000012/sbac-20150630x10q.htm"
    },
    {
        "date": "2015-03-31",
        "symbol": "SBAC",
        "reportedCurrency": "USD",
        "cik": "0001034054",
        "fillingDate": "2015-05-08",
        "acceptedDate": "2015-05-08 15:47:01",
        "calendarYear": "2015",
        "period": "Q1",
        "revenue": 410094000,
        "costOfRevenue": 112449000,
        "grossProfit": 297645000,
        "grossProfitRatio": 0.7257970124,
        "researchAndDevelopmentExpenses": 0,
        "generalAndAdministrativeExpenses": 0,
        "sellingAndMarketingExpenses": 0,
        "sellingGeneralAndAdministrativeExpenses": 29427000,
        "otherExpenses": 179132000,
        "operatingExpenses": 208559000,
        "costAndExpenses": 321008000,
        "interestIncome": 293000,
        "interestExpense": 77934000,
        "depreciationAndAmortization": 171853000,
        "ebitda": 265961000,
        "ebitdaratio": 0.648536677,
        "operatingIncome": 89086000,
        "operatingIncomeRatio": 0.2172331222,
        "totalOtherIncomeExpensesNet": -165153000,
        "incomeBeforeTax": -76067000,
        "incomeBeforeTaxRatio": -0.1854867421,
        "incomeTaxExpense": 2963000,
        "netIncome": -79030000,
        "netIncomeRatio": -0.1927119148,
        "eps": -0.61,
        "epsdiluted": -0.61,
        "weightedAverageShsOut": 129235136,
        "weightedAverageShsOutDil": 129235000,
        "link": "https://www.sec.gov/Archives/edgar/data/1034054/000103405415000008/0001034054-15-000008-index.htm",
        "finalLink": "https://www.sec.gov/Archives/edgar/data/1034054/000103405415000008/sbac-20150331x10q.htm"
    },
    {
        "date": "2014-12-31",
        "symbol": "SBAC",
        "reportedCurrency": "USD",
        "cik": "0001034054",
        "fillingDate": "2015-03-02",
        "acceptedDate": "2015-03-02 14:09:56",
        "calendarYear": "2014",
        "period": "Q4",
        "revenue": 404734000,
        "costOfRevenue": 109074000,
        "grossProfit": 295660000,
        "grossProfitRatio": 0.7305044795,
        "researchAndDevelopmentExpenses": 0,
        "generalAndAdministrativeExpenses": 0,
        "sellingAndMarketingExpenses": 0,
        "sellingGeneralAndAdministrativeExpenses": 26247000,
        "otherExpenses": 172824000,
        "operatingExpenses": 199071000,
        "costAndExpenses": 308145000,
        "interestIncome": 249000,
        "interestExpense": 77186000,
        "depreciationAndAmortization": 162214000,
        "ebitda": 269050000,
        "ebitdaratio": 0.6647575939,
        "operatingIncome": 96589000,
        "operatingIncomeRatio": 0.2386480997,
        "totalOtherIncomeExpensesNet": -92274000,
        "incomeBeforeTax": 4315000,
        "incomeBeforeTaxRatio": 0.0106613232,
        "incomeTaxExpense": 3925000,
        "netIncome": 390000,
        "netIncomeRatio": 0.0009635958,
        "eps": 0.003,
        "epsdiluted": 0.003,
        "weightedAverageShsOut": 129139072,
        "weightedAverageShsOutDil": 129113000,
        "link": "https://www.sec.gov/Archives/edgar/data/1034054/000103405415000004/0001034054-15-000004-index.htm",
        "finalLink": "https://www.sec.gov/Archives/edgar/data/1034054/000103405415000004/sbac-20141231x10k.htm"
    },
    {
        "date": "2014-09-30",
        "symbol": "SBAC",
        "reportedCurrency": "USD",
        "cik": "0001034054",
        "fillingDate": "2014-11-07",
        "acceptedDate": "2014-11-06 19:25:37",
        "calendarYear": "2014",
        "period": "Q3",
        "revenue": 393293000,
        "costOfRevenue": 111818000,
        "grossProfit": 281475000,
        "grossProfitRatio": 0.7156877951,
        "researchAndDevelopmentExpenses": 0,
        "generalAndAdministrativeExpenses": 0,
        "sellingAndMarketingExpenses": 0,
        "sellingGeneralAndAdministrativeExpenses": 26229000,
        "otherExpenses": 165762000,
        "operatingExpenses": 191991000,
        "costAndExpenses": 303809000,
        "interestIncome": 161000,
        "interestExpense": 86406000,
        "depreciationAndAmortization": 159411000,
        "ebitda": 254887000,
        "ebitdaratio": 0.6480842527,
        "operatingIncome": 89484000,
        "operatingIncomeRatio": 0.2275250259,
        "totalOtherIncomeExpensesNet": -105126000,
        "incomeBeforeTax": -15642000,
        "incomeBeforeTaxRatio": -0.0397718749,
        "incomeTaxExpense": 982000,
        "netIncome": -16623999,
        "netIncomeRatio": -0.0422687386,
        "eps": -0.13,
        "epsdiluted": -0.13,
        "weightedAverageShsOut": 129046273,
        "weightedAverageShsOutDil": 129045999,
        "link": "https://www.sec.gov/Archives/edgar/data/1034054/000103405414000011/0001034054-14-000011-index.htm",
        "finalLink": "https://www.sec.gov/Archives/edgar/data/1034054/000103405414000011/sbac-20140930x10q.htm"
    },
    {
        "date": "2014-06-30",
        "symbol": "SBAC",
        "reportedCurrency": "USD",
        "cik": "0001034054",
        "fillingDate": "2014-08-05",
        "acceptedDate": "2014-08-05 17:16:24",
        "calendarYear": "2014",
        "period": "Q2",
        "revenue": 383420000,
        "costOfRevenue": 109663000,
        "grossProfit": 273757000,
        "grossProfitRatio": 0.7139872724,
        "researchAndDevelopmentExpenses": 0,
        "generalAndAdministrativeExpenses": 0,
        "sellingAndMarketingExpenses": 0,
        "sellingGeneralAndAdministrativeExpenses": 25077000,
        "otherExpenses": 165363000,
        "operatingExpenses": 190440000,
        "costAndExpenses": 300103000,
        "interestIncome": 180000,
        "interestExpense": 79791000,
        "depreciationAndAmortization": 161005000,
        "ebitda": 248316000,
        "ebitdaratio": 0.6476344479,
        "operatingIncome": 83317000,
        "operatingIncomeRatio": 0.2172995671,
        "totalOtherIncomeExpensesNet": -90741000,
        "incomeBeforeTax": -7424000,
        "incomeBeforeTaxRatio": -0.0193625789,
        "incomeTaxExpense": 2043000,
        "netIncome": -9467000,
        "netIncomeRatio": -0.0246909394,
        "eps": -0.0734,
        "epsdiluted": -0.0734,
        "weightedAverageShsOut": 128950092,
        "weightedAverageShsOutDil": 128949999,
        "link": "https://www.sec.gov/Archives/edgar/data/1034054/000103405414000009/0001034054-14-000009-index.htm",
        "finalLink": "https://www.sec.gov/Archives/edgar/data/1034054/000103405414000009/sbac-20140630x10q.htm"
    },
    {
        "date": "2014-03-31",
        "symbol": "SBAC",
        "reportedCurrency": "USD",
        "cik": "0001034054",
        "fillingDate": "2014-05-09",
        "acceptedDate": "2014-05-08 21:56:02",
        "calendarYear": "2014",
        "period": "Q1",
        "revenue": 345550000,
        "costOfRevenue": 105728000,
        "grossProfit": 239822000,
        "grossProfitRatio": 0.6940298076,
        "researchAndDevelopmentExpenses": 0,
        "generalAndAdministrativeExpenses": 0,
        "sellingAndMarketingExpenses": 0,
        "sellingGeneralAndAdministrativeExpenses": 24278000,
        "otherExpenses": 148408000,
        "operatingExpenses": 172686000,
        "costAndExpenses": 278414000,
        "interestIncome": 86000,
        "interestExpense": 76331000,
        "depreciationAndAmortization": 144442000,
        "ebitda": 215146000,
        "ebitdaratio": 0.6226190132,
        "operatingIncome": 67136000,
        "operatingIncomeRatio": 0.194287368,
        "totalOtherIncomeExpensesNet": -64043000,
        "incomeBeforeTax": 3093000,
        "incomeBeforeTaxRatio": 0.0089509478,
        "incomeTaxExpense": 1686000,
        "netIncome": 1407000,
        "netIncomeRatio": 0.0040717696,
        "eps": 0.01,
        "epsdiluted": 0.01,
        "weightedAverageShsOut": 140700000,
        "weightedAverageShsOutDil": 138356000,
        "link": "https://www.sec.gov/Archives/edgar/data/1034054/000103405414000007/0001034054-14-000007-index.htm",
        "finalLink": "https://www.sec.gov/Archives/edgar/data/1034054/000103405414000007/sbac-20140331x10q.htm"
    },
    {
        "date": "2013-12-31",
        "symbol": "SBAC",
        "reportedCurrency": "USD",
        "cik": "0001034054",
        "fillingDate": "2014-02-27",
        "acceptedDate": "2014-02-26 19:14:09",
        "calendarYear": "2013",
        "period": "Q4",
        "revenue": 335396000,
        "costOfRevenue": 108358000,
        "grossProfit": 227038000,
        "grossProfitRatio": 0.6769251869,
        "researchAndDevelopmentExpenses": 0,
        "generalAndAdministrativeExpenses": 0,
        "sellingAndMarketingExpenses": 0,
        "sellingGeneralAndAdministrativeExpenses": 21589000,
        "otherExpenses": 146005000,
        "operatingExpenses": 167594000,
        "costAndExpenses": 275952000,
        "interestIncome": 182000,
        "interestExpense": 73416000,
        "depreciationAndAmortization": 133328000,
        "ebitda": 205327000,
        "ebitdaratio": 0.6121927513,
        "operatingIncome": 59444000,
        "operatingIncomeRatio": 0.1772352682,
        "totalOtherIncomeExpensesNet": -81356000,
        "incomeBeforeTax": -21912000,
        "incomeBeforeTaxRatio": -0.0653317273,
        "incomeTaxExpense": -2750000,
        "netIncome": -19162000,
        "netIncomeRatio": -0.0571324643,
        "eps": -0.15,
        "epsdiluted": -0.15,
        "weightedAverageShsOut": 128406676,
        "weightedAverageShsOutDil": 128406000,
        "link": "https://www.sec.gov/Archives/edgar/data/1034054/000103405414000004/0001034054-14-000004-index.htm",
        "finalLink": "https://www.sec.gov/Archives/edgar/data/1034054/000103405414000004/sbac-20131231x10k.htm"
    },
    {
        "date": "2013-09-30",
        "symbol": "SBAC",
        "reportedCurrency": "USD",
        "cik": "0001034054",
        "fillingDate": "2013-11-07",
        "acceptedDate": "2013-11-07 11:27:07",
        "calendarYear": "2013",
        "period": "Q3",
        "revenue": 332094000,
        "costOfRevenue": 106894000,
        "grossProfit": 225200000,
        "grossProfitRatio": 0.6781212548,
        "researchAndDevelopmentExpenses": 0,
        "generalAndAdministrativeExpenses": 0,
        "sellingAndMarketingExpenses": 0,
        "sellingGeneralAndAdministrativeExpenses": 21582000,
        "otherExpenses": 139716000,
        "operatingExpenses": 161298000,
        "costAndExpenses": 268192000,
        "interestIncome": 274000,
        "interestExpense": 72629000,
        "depreciationAndAmortization": 133281000,
        "ebitda": 203373000,
        "ebitdaratio": 0.6123958879,
        "operatingIncome": 63902000,
        "operatingIncomeRatio": 0.1924214229,
        "totalOtherIncomeExpensesNet": -42164000,
        "incomeBeforeTax": 21738000,
        "incomeBeforeTaxRatio": 0.0654573705,
        "incomeTaxExpense": 207000,
        "netIncome": 21531000,
        "netIncomeRatio": 0.064834053,
        "eps": 0.17,
        "epsdiluted": 0.16,
        "weightedAverageShsOut": 134568750,
        "weightedAverageShsOutDil": 136912000,
        "link": "https://www.sec.gov/Archives/edgar/data/1034054/000119312513432073/0001193125-13-432073-index.htm",
        "finalLink": "https://www.sec.gov/Archives/edgar/data/1034054/000119312513432073/d588775d10q.htm"
    },
    {
        "date": "2013-06-30",
        "symbol": "SBAC",
        "reportedCurrency": "USD",
        "cik": "0001034054",
        "fillingDate": "2013-08-06",
        "acceptedDate": "2013-08-06 11:36:34",
        "calendarYear": "2013",
        "period": "Q2",
        "revenue": 324305000,
        "costOfRevenue": 105682000,
        "grossProfit": 218623000,
        "grossProfitRatio": 0.6741277501,
        "researchAndDevelopmentExpenses": 0,
        "generalAndAdministrativeExpenses": 0,
        "sellingAndMarketingExpenses": 0,
        "sellingGeneralAndAdministrativeExpenses": 21297000,
        "otherExpenses": 0,
        "operatingExpenses": 174160000,
        "costAndExpenses": 279842000,
        "interestIncome": 697000,
        "interestExpense": 75261000,
        "depreciationAndAmortization": 141089000,
        "ebitda": 197116000,
        "ebitdaratio": 0.6078105487,
        "operatingIncome": 56027000,
        "operatingIncomeRatio": 0.1727602103,
        "totalOtherIncomeExpensesNet": -90051000,
        "incomeBeforeTax": -34024000,
        "incomeBeforeTaxRatio": -0.1049135844,
        "incomeTaxExpense": 1875000,
        "netIncome": -35899000,
        "netIncomeRatio": -0.1106951789,
        "eps": -0.28,
        "epsdiluted": -0.28,
        "weightedAverageShsOut": 127713089,
        "weightedAverageShsOutDil": 127713000,
        "link": "https://www.sec.gov/Archives/edgar/data/1034054/000119312513320820/0001193125-13-320820-index.htm",
        "finalLink": "https://www.sec.gov/Archives/edgar/data/1034054/000119312513320820/d553370d10q.htm"
    },
    {
        "date": "2013-03-31",
        "symbol": "SBAC",
        "reportedCurrency": "USD",
        "cik": "0001034054",
        "fillingDate": "2013-05-10",
        "acceptedDate": "2013-05-10 07:01:07",
        "calendarYear": "2013",
        "period": "Q1",
        "revenue": 313071000,
        "costOfRevenue": 106517000,
        "grossProfit": 206554000,
        "grossProfitRatio": 0.6597672732,
        "researchAndDevelopmentExpenses": 0,
        "generalAndAdministrativeExpenses": 0,
        "sellingAndMarketingExpenses": 0,
        "sellingGeneralAndAdministrativeExpenses": 20190000,
        "otherExpenses": 0,
        "operatingExpenses": 149779000,
        "costAndExpenses": 256296000,
        "interestIncome": 641000,
        "interestExpense": 76829000,
        "depreciationAndAmortization": 125636000,
        "ebitda": 186123000,
        "ebitdaratio": 0.5945073162,
        "operatingIncome": 60487000,
        "operatingIncomeRatio": 0.1932053751,
        "totalOtherIncomeExpensesNet": -83504000,
        "incomeBeforeTax": -23017000,
        "incomeBeforeTaxRatio": -0.0735200641,
        "incomeTaxExpense": -641000,
        "netIncome": -22376000,
        "netIncomeRatio": -0.0714726053,
        "eps": -0.18,
        "epsdiluted": -0.18,
        "weightedAverageShsOut": 124311111,
        "weightedAverageShsOutDil": 127057000,
        "link": "https://www.sec.gov/Archives/edgar/data/1034054/000119312513212440/0001193125-13-212440-index.htm",
        "finalLink": "https://www.sec.gov/Archives/edgar/data/1034054/000119312513212440/d515614d10q.htm"
    },
    {
        "date": "2012-12-31",
        "symbol": "SBAC",
        "reportedCurrency": "USD",
        "cik": "0001034054",
        "fillingDate": "2013-02-27",
        "acceptedDate": "2013-02-27 16:24:41",
        "calendarYear": "2012",
        "period": "Q4",
        "revenue": 293841000,
        "costOfRevenue": 107984000,
        "grossProfit": 185857000,
        "grossProfitRatio": 0.6325087377,
        "researchAndDevelopmentExpenses": 0,
        "generalAndAdministrativeExpenses": 0,
        "sellingAndMarketingExpenses": 0,
        "sellingGeneralAndAdministrativeExpenses": 19142000,
        "otherExpenses": 0,
        "operatingExpenses": 156395000,
        "costAndExpenses": 264379000,
        "interestIncome": 709000,
        "interestExpense": 77342000,
        "depreciationAndAmortization": 131357000,
        "ebitda": 166233000,
        "ebitdaratio": 0.5657243203,
        "operatingIncome": 34876000,
        "operatingIncomeRatio": 0.1186900399,
        "totalOtherIncomeExpensesNet": -85624000,
        "incomeBeforeTax": -50748000,
        "incomeBeforeTaxRatio": -0.1727056469,
        "incomeTaxExpense": 1785000,
        "netIncome": -52436000,
        "netIncomeRatio": -0.1784502503,
        "eps": -0.41,
        "epsdiluted": -0.41,
        "weightedAverageShsOut": 126598292,
        "weightedAverageShsOutDil": 126598000,
        "link": "https://www.sec.gov/Archives/edgar/data/1034054/000119312513080059/0001193125-13-080059-index.htm",
        "finalLink": "https://www.sec.gov/Archives/edgar/data/1034054/000119312513080059/d450617d10k.htm"
    },
    {
        "date": "2012-09-30",
        "symbol": "SBAC",
        "reportedCurrency": "USD",
        "cik": "0001034054",
        "fillingDate": "2012-11-08",
        "acceptedDate": "2012-11-08 16:18:00",
        "calendarYear": "2012",
        "period": "Q3",
        "revenue": 238606000,
        "costOfRevenue": 77398000,
        "grossProfit": 161208000,
        "grossProfitRatio": 0.6756242509,
        "researchAndDevelopmentExpenses": 0,
        "generalAndAdministrativeExpenses": 0,
        "sellingAndMarketingExpenses": 0,
        "sellingGeneralAndAdministrativeExpenses": 17694000,
        "otherExpenses": 0,
        "operatingExpenses": 142531000,
        "costAndExpenses": 219929000,
        "interestIncome": 335000,
        "interestExpense": 68452000,
        "depreciationAndAmortization": 101012000,
        "ebitda": 143643000,
        "ebitdaratio": 0.6020091699,
        "operatingIncome": 42631000,
        "operatingIncomeRatio": 0.1786669237,
        "totalOtherIncomeExpensesNet": -95270000,
        "incomeBeforeTax": -52639000,
        "incomeBeforeTaxRatio": -0.2206105463,
        "incomeTaxExpense": 1029000,
        "netIncome": -53414000,
        "netIncomeRatio": -0.2238585786,
        "eps": -0.43,
        "epsdiluted": -0.43,
        "weightedAverageShsOut": 121395454,
        "weightedAverageShsOutDil": 121689000,
        "link": "https://www.sec.gov/Archives/edgar/data/1034054/000119312512460471/0001193125-12-460471-index.htm",
        "finalLink": "https://www.sec.gov/Archives/edgar/data/1034054/000119312512460471/d401566d10q.htm"
    },
    {
        "date": "2012-06-30",
        "symbol": "SBAC",
        "reportedCurrency": "USD",
        "cik": "0001034054",
        "fillingDate": "2012-08-07",
        "acceptedDate": "2012-08-07 07:03:08",
        "calendarYear": "2012",
        "period": "Q2",
        "revenue": 229147000,
        "costOfRevenue": 66205000,
        "grossProfit": 162942000,
        "grossProfitRatio": 0.71108066,
        "researchAndDevelopmentExpenses": 0,
        "generalAndAdministrativeExpenses": 17744000,
        "sellingAndMarketingExpenses": 0,
        "sellingGeneralAndAdministrativeExpenses": 17744000,
        "otherExpenses": 176665000,
        "operatingExpenses": 111742000,
        "costAndExpenses": 177947000,
        "interestIncome": 37000,
        "interestExpense": 61318000,
        "depreciationAndAmortization": 93998000,
        "ebitda": 145235000,
        "ebitdaratio": 0.6338071194,
        "operatingIncome": 34738000,
        "operatingIncomeRatio": 0.1515970098,
        "totalOtherIncomeExpensesNet": -87119000,
        "incomeBeforeTax": -52381000,
        "incomeBeforeTaxRatio": -0.2285912536,
        "incomeTaxExpense": 2453000,
        "netIncome": -53472000,
        "netIncomeRatio": -0.2333523895,
        "eps": -0.44,
        "epsdiluted": -0.44,
        "weightedAverageShsOut": 121318000,
        "weightedAverageShsOutDil": 121318000,
        "link": "https://www.sec.gov/Archives/edgar/data/1034054/000119312512339241/0001193125-12-339241-index.htm",
        "finalLink": "https://www.sec.gov/Archives/edgar/data/1034054/000119312512339241/d368344d10q.htm"
    },
    {
        "date": "2012-03-31",
        "symbol": "SBAC",
        "reportedCurrency": "USD",
        "cik": "0001034054",
        "fillingDate": "2012-05-07",
        "acceptedDate": "2012-05-07 14:40:57",
        "calendarYear": "2012",
        "period": "Q1",
        "revenue": 192490000,
        "costOfRevenue": 52193000,
        "grossProfit": 140297000,
        "grossProfitRatio": 0.7288534469,
        "researchAndDevelopmentExpenses": 0,
        "generalAndAdministrativeExpenses": 17215000,
        "sellingAndMarketingExpenses": 0,
        "sellingGeneralAndAdministrativeExpenses": 17215000,
        "otherExpenses": 134986000,
        "operatingExpenses": 99664000,
        "costAndExpenses": 151857000,
        "interestIncome": 47000,
        "interestExpense": 59239000,
        "depreciationAndAmortization": 82100000,
        "ebitda": 123129000,
        "ebitdaratio": 0.6396643982,
        "operatingIncome": 40289000,
        "operatingIncomeRatio": 0.2093043794,
        "totalOtherIncomeExpensesNet": -61613000,
        "incomeBeforeTax": -21324000,
        "incomeBeforeTaxRatio": -0.1107797808,
        "incomeTaxExpense": 1327000,
        "netIncome": -22631000,
        "netIncomeRatio": -0.1175697439,
        "eps": -0.2,
        "epsdiluted": -0.2,
        "weightedAverageShsOut": 111431000,
        "weightedAverageShsOutDil": 111431000,
        "link": "https://www.sec.gov/Archives/edgar/data/1034054/000119312512214642/0001193125-12-214642-index.htm",
        "finalLink": "https://www.sec.gov/Archives/edgar/data/1034054/000119312512214642/d326397d10q.htm"
    },
    {
        "date": "2011-12-31",
        "symbol": "SBAC",
        "reportedCurrency": "USD",
        "cik": "0001034054",
        "fillingDate": "2012-02-27",
        "acceptedDate": "2012-02-27 14:52:12",
        "calendarYear": "2011",
        "period": "Q4",
        "revenue": 183819000,
        "costOfRevenue": 50263000,
        "grossProfit": 133556000,
        "grossProfitRatio": 0.7265625425,
        "researchAndDevelopmentExpenses": 0,
        "generalAndAdministrativeExpenses": 15797000,
        "sellingAndMarketingExpenses": 0,
        "sellingGeneralAndAdministrativeExpenses": 15797000,
        "otherExpenses": 524683000,
        "operatingExpenses": 95238000,
        "costAndExpenses": 145501000,
        "interestIncome": 39000,
        "interestExpense": 58814000,
        "depreciationAndAmortization": 79441000,
        "ebitda": 109415000,
        "ebitdaratio": 0.5952322665,
        "operatingIncome": 31980000,
        "operatingIncomeRatio": 0.1739754868,
        "totalOtherIncomeExpensesNet": -60820000,
        "incomeBeforeTax": -28840000,
        "incomeBeforeTaxRatio": -0.1568934659,
        "incomeTaxExpense": 329000,
        "netIncome": -29081000,
        "netIncomeRatio": -0.1582045382,
        "eps": -0.27,
        "epsdiluted": -0.26,
        "weightedAverageShsOut": 109453000,
        "weightedAverageShsOutDil": 111431000,
        "link": "https://www.sec.gov/Archives/edgar/data/1034054/000119312512081211/0001193125-12-081211-index.htm",
        "finalLink": "https://www.sec.gov/Archives/edgar/data/1034054/000119312512081211/d261091d10k.htm"
    },
    {
        "date": "2011-09-30",
        "symbol": "SBAC",
        "reportedCurrency": "USD",
        "cik": "0001034054",
        "fillingDate": "2011-11-04",
        "acceptedDate": "2011-11-04 10:39:53",
        "calendarYear": "2011",
        "period": "Q3",
        "revenue": 175549000,
        "costOfRevenue": 51847000,
        "grossProfit": 123702000,
        "grossProfitRatio": 0.7046579587,
        "researchAndDevelopmentExpenses": 0,
        "generalAndAdministrativeExpenses": 15415000,
        "sellingAndMarketingExpenses": 0,
        "sellingGeneralAndAdministrativeExpenses": 15415000,
        "otherExpenses": 132563000,
        "operatingExpenses": 93551000,
        "costAndExpenses": 145398000,
        "interestIncome": 38000,
        "interestExpense": 58396000,
        "depreciationAndAmortization": 78136000,
        "ebitda": 108325000,
        "ebitdaratio": 0.6170641815,
        "operatingIncome": 27571000,
        "operatingIncomeRatio": 0.1570558647,
        "totalOtherIncomeExpensesNet": -60617000,
        "incomeBeforeTax": -33046000,
        "incomeBeforeTaxRatio": -0.1882437382,
        "incomeTaxExpense": 391000,
        "netIncome": -33305000,
        "netIncomeRatio": -0.1897191098,
        "eps": -0.3,
        "epsdiluted": -0.3,
        "weightedAverageShsOut": 110232000,
        "weightedAverageShsOutDil": 110232000,
        "link": "https://www.sec.gov/Archives/edgar/data/1034054/000119312511296630/0001193125-11-296630-index.htm",
        "finalLink": "https://www.sec.gov/Archives/edgar/data/1034054/000119312511296630/d228328d10q.htm"
    },
    {
        "date": "2011-06-30",
        "symbol": "SBAC",
        "reportedCurrency": "USD",
        "cik": "0001034054",
        "fillingDate": "2011-08-05",
        "acceptedDate": "2011-08-05 12:36:07",
        "calendarYear": "2011",
        "period": "Q2",
        "revenue": 171053000,
        "costOfRevenue": 50107000,
        "grossProfit": 120946000,
        "grossProfitRatio": 0.7070674002,
        "researchAndDevelopmentExpenses": 0,
        "generalAndAdministrativeExpenses": 15721000,
        "sellingAndMarketingExpenses": 0,
        "sellingGeneralAndAdministrativeExpenses": 15721000,
        "otherExpenses": 128123000,
        "operatingExpenses": 92412000,
        "costAndExpenses": 142519000,
        "interestIncome": 29000,
        "interestExpense": 54141000,
        "depreciationAndAmortization": 76691000,
        "ebitda": 105254000,
        "ebitdaratio": 0.6153297516,
        "operatingIncome": 27209000,
        "operatingIncomeRatio": 0.1590676574,
        "totalOtherIncomeExpensesNet": -56417000,
        "incomeBeforeTax": -29208000,
        "incomeBeforeTaxRatio": -0.1707540938,
        "incomeTaxExpense": 702000,
        "netIncome": -29819000,
        "netIncomeRatio": -0.1743260861,
        "eps": -0.27,
        "epsdiluted": -0.27,
        "weightedAverageShsOut": 112324000,
        "weightedAverageShsOutDil": 112324000,
        "link": "https://www.sec.gov/Archives/edgar/data/1034054/000119312511211834/0001193125-11-211834-index.htm",
        "finalLink": "https://www.sec.gov/Archives/edgar/data/1034054/000119312511211834/d10q.htm"
    },
    {
        "date": "2011-03-31",
        "symbol": "SBAC",
        "reportedCurrency": "USD",
        "cik": "0001034054",
        "fillingDate": "2011-05-06",
        "acceptedDate": "2011-05-06 12:56:00",
        "calendarYear": "2011",
        "period": "Q1",
        "revenue": 167749000,
        "costOfRevenue": 50704000,
        "grossProfit": 117045000,
        "grossProfitRatio": 0.6977388837,
        "researchAndDevelopmentExpenses": 0,
        "generalAndAdministrativeExpenses": 15895000,
        "sellingAndMarketingExpenses": 0,
        "sellingGeneralAndAdministrativeExpenses": 15895000,
        "otherExpenses": 127955000,
        "operatingExpenses": 90773000,
        "costAndExpenses": 141477000,
        "interestIncome": 30000,
        "interestExpense": 53174000,
        "depreciationAndAmortization": 74878000,
        "ebitda": 101180000,
        "ebitdaratio": 0.6031630591,
        "operatingIncome": 23899000,
        "operatingIncomeRatio": 0.1424688076,
        "totalOtherIncomeExpensesNet": -57584000,
        "incomeBeforeTax": -33685000,
        "incomeBeforeTaxRatio": -0.2008059661,
        "incomeTaxExpense": 691000,
        "netIncome": -34251000,
        "netIncomeRatio": -0.2041800547,
        "eps": -0.3,
        "epsdiluted": -0.3,
        "weightedAverageShsOut": 114416000,
        "weightedAverageShsOutDil": 114416000,
        "link": "https://www.sec.gov/Archives/edgar/data/1034054/000119312511130220/0001193125-11-130220-index.htm",
        "finalLink": "https://www.sec.gov/Archives/edgar/data/1034054/000119312511130220/d10q.htm"
    },
    {
        "date": "2010-12-31",
        "symbol": "SBAC",
        "reportedCurrency": "USD",
        "cik": "0001034054",
        "fillingDate": "2011-02-25",
        "acceptedDate": "2011-02-25 14:36:10",
        "calendarYear": "2010",
        "period": "Q4",
        "revenue": 165497000,
        "costOfRevenue": 51811000,
        "grossProfit": 113686000,
        "grossProfitRatio": 0.6869369233,
        "researchAndDevelopmentExpenses": 0,
        "generalAndAdministrativeExpenses": 14978000,
        "sellingAndMarketingExpenses": 0,
        "sellingGeneralAndAdministrativeExpenses": 14978000,
        "otherExpenses": 380651000,
        "operatingExpenses": 87701000,
        "costAndExpenses": 139512000,
        "interestIncome": 63000,
        "interestExpense": 52858000,
        "depreciationAndAmortization": 72723000,
        "ebitda": 87195000,
        "ebitdaratio": 0.5268675565,
        "operatingIncome": 16695000,
        "operatingIncomeRatio": 0.1008779615,
        "totalOtherIncomeExpensesNet": -26390000,
        "incomeBeforeTax": -38386000,
        "incomeBeforeTaxRatio": -0.2319437815,
        "incomeTaxExpense": 195000,
        "netIncome": -39161000,
        "netIncomeRatio": -0.2366266458,
        "eps": -0.34,
        "epsdiluted": -0.34,
        "weightedAverageShsOut": 114416000,
        "weightedAverageShsOutDil": 114416000,
        "link": "https://www.sec.gov/Archives/edgar/data/1034054/000119312511047174/0001193125-11-047174-index.htm",
        "finalLink": "https://www.sec.gov/Archives/edgar/data/1034054/000119312511047174/d10k.htm"
    },
    {
        "date": "2010-09-30",
        "symbol": "SBAC",
        "reportedCurrency": "USD",
        "cik": "0001034054",
        "fillingDate": "2010-11-04",
        "acceptedDate": "2010-11-04 06:06:37",
        "calendarYear": "2010",
        "period": "Q3",
        "revenue": 158642000,
        "costOfRevenue": 50601000,
        "grossProfit": 108041000,
        "grossProfitRatio": 0.6810365477,
        "researchAndDevelopmentExpenses": 0,
        "generalAndAdministrativeExpenses": 14417000,
        "sellingAndMarketingExpenses": 0,
        "sellingGeneralAndAdministrativeExpenses": 14417000,
        "otherExpenses": 123557000,
        "operatingExpenses": 84144000,
        "costAndExpenses": 134745000,
        "interestIncome": 112000,
        "interestExpense": 52657000,
        "depreciationAndAmortization": 69727000,
        "ebitda": 93736000,
        "ebitdaratio": 0.5908649664,
        "operatingIncome": 20668000,
        "operatingIncomeRatio": 0.1302807579,
        "totalOtherIncomeExpensesNet": -54524000,
        "incomeBeforeTax": -33856000,
        "incomeBeforeTaxRatio": -0.2134113287,
        "incomeTaxExpense": 719000,
        "netIncome": -34488000,
        "netIncomeRatio": -0.2173951413,
        "eps": -0.3,
        "epsdiluted": -0.3,
        "weightedAverageShsOut": 114748000,
        "weightedAverageShsOutDil": 114748000,
        "link": "https://www.sec.gov/Archives/edgar/data/1034054/000119312510246922/0001193125-10-246922-index.htm",
        "finalLink": "https://www.sec.gov/Archives/edgar/data/1034054/000119312510246922/d10q.htm"
    },
    {
        "date": "2010-06-30",
        "symbol": "SBAC",
        "reportedCurrency": "USD",
        "cik": "0001034054",
        "fillingDate": "2010-08-04",
        "acceptedDate": "2010-08-04 12:57:46",
        "calendarYear": "2010",
        "period": "Q2",
        "revenue": 154515000,
        "costOfRevenue": 49958000,
        "grossProfit": 104557000,
        "grossProfitRatio": 0.6766786396,
        "researchAndDevelopmentExpenses": 0,
        "generalAndAdministrativeExpenses": 14297000,
        "sellingAndMarketingExpenses": 0,
        "sellingGeneralAndAdministrativeExpenses": 14297000,
        "otherExpenses": 120194000,
        "operatingExpenses": 83128000,
        "costAndExpenses": 133086000,
        "interestIncome": 175000,
        "interestExpense": 52491000,
        "depreciationAndAmortization": 68831000,
        "ebitda": 90435000,
        "ebitdaratio": 0.5852829822,
        "operatingIncome": 20024000,
        "operatingIncomeRatio": 0.1295925962,
        "totalOtherIncomeExpensesNet": -103896000,
        "incomeBeforeTax": -83872000,
        "incomeBeforeTaxRatio": -0.5428081416,
        "incomeTaxExpense": -18000,
        "netIncome": -83699000,
        "netIncomeRatio": -0.5416885092,
        "eps": -0.72,
        "epsdiluted": -0.72,
        "weightedAverageShsOut": 115666000,
        "weightedAverageShsOutDil": 115666000,
        "link": "https://www.sec.gov/Archives/edgar/data/1034054/000119312510176715/0001193125-10-176715-index.htm",
        "finalLink": "https://www.sec.gov/Archives/edgar/data/1034054/000119312510176715/d10q.htm"
    },
    {
        "date": "2010-03-31",
        "symbol": "SBAC",
        "reportedCurrency": "USD",
        "cik": "0001034054",
        "fillingDate": "2010-05-07",
        "acceptedDate": "2010-05-07 09:55:08",
        "calendarYear": "2010",
        "period": "Q1",
        "revenue": 147965000,
        "costOfRevenue": 47072000,
        "grossProfit": 100893000,
        "grossProfitRatio": 0.6818707127,
        "researchAndDevelopmentExpenses": 0,
        "generalAndAdministrativeExpenses": 14506000,
        "sellingAndMarketingExpenses": 0,
        "sellingGeneralAndAdministrativeExpenses": 14506000,
        "otherExpenses": 116573000,
        "operatingExpenses": 81952000,
        "costAndExpenses": 129024000,
        "interestIncome": 82000,
        "interestExpense": 51985000,
        "depreciationAndAmortization": 67446000,
        "ebitda": 86469000,
        "ebitdaratio": 0.5843881999,
        "operatingIncome": 16886000,
        "operatingIncomeRatio": 0.1141215828,
        "totalOtherIncomeExpensesNet": -54188000,
        "incomeBeforeTax": -37302000,
        "incomeBeforeTaxRatio": -0.2521001588,
        "incomeTaxExpense": 109000,
        "netIncome": -37326000,
        "netIncomeRatio": -0.2522623593,
        "eps": -0.32,
        "epsdiluted": -0.32,
        "weightedAverageShsOut": 117118000,
        "weightedAverageShsOutDil": 117118000,
        "link": "https://www.sec.gov/Archives/edgar/data/1034054/000119312510112092/0001193125-10-112092-index.htm",
        "finalLink": "https://www.sec.gov/Archives/edgar/data/1034054/000119312510112092/d10q.htm"
    },
    {
        "date": "2009-12-31",
        "symbol": "SBAC",
        "reportedCurrency": "USD",
        "cik": "0001034054",
        "fillingDate": "2010-03-01",
        "acceptedDate": "2010-02-26 21:57:06",
        "calendarYear": "2009",
        "period": "Q4",
        "revenue": 144980000,
        "costOfRevenue": 46844000,
        "grossProfit": 98136000,
        "grossProfitRatio": 0.6768933646,
        "researchAndDevelopmentExpenses": 0,
        "generalAndAdministrativeExpenses": 14345000,
        "sellingAndMarketingExpenses": 0,
        "sellingGeneralAndAdministrativeExpenses": 14345000,
        "otherExpenses": 447774000,
        "operatingExpenses": 80032000,
        "costAndExpenses": 126876000,
        "interestIncome": 206000,
        "interestExpense": 52007000,
        "depreciationAndAmortization": 65687000,
        "ebitda": 74086000,
        "ebitdaratio": 0.511008415,
        "operatingIncome": 12056000,
        "operatingIncomeRatio": 0.0831562974,
        "totalOtherIncomeExpensesNet": -55662000,
        "incomeBeforeTax": -43608000,
        "incomeBeforeTaxRatio": -0.3007863154,
        "incomeTaxExpense": 2000,
        "netIncome": -43510000,
        "netIncomeRatio": -0.30011036,
        "eps": -0.37,
        "epsdiluted": -0.37,
        "weightedAverageShsOut": 116925000,
        "weightedAverageShsOutDil": 117118000,
        "link": "https://www.sec.gov/Archives/edgar/data/1034054/000119312510043426/0001193125-10-043426-index.htm",
        "finalLink": "https://www.sec.gov/Archives/edgar/data/1034054/000119312510043426/d10k.htm"
    },
    {
        "date": "2009-09-30",
        "symbol": "SBAC",
        "reportedCurrency": "USD",
        "cik": "0001034054",
        "fillingDate": "2009-11-04",
        "acceptedDate": "2009-11-04 15:00:06",
        "calendarYear": "2009",
        "period": "Q3",
        "revenue": 139289000,
        "costOfRevenue": 45288000,
        "grossProfit": 94001000,
        "grossProfitRatio": 0.6748630545,
        "researchAndDevelopmentExpenses": 0,
        "generalAndAdministrativeExpenses": 13204000,
        "sellingAndMarketingExpenses": 0,
        "sellingGeneralAndAdministrativeExpenses": 13204000,
        "otherExpenses": 111133000,
        "operatingExpenses": 78150000,
        "costAndExpenses": 123438000,
        "interestIncome": 334000,
        "interestExpense": 50456000,
        "depreciationAndAmortization": 64946000,
        "ebitda": 65231000,
        "ebitdaratio": 0.4683140808,
        "operatingIncome": 14952000,
        "operatingIncomeRatio": 0.1073451601,
        "totalOtherIncomeExpensesNet": -65123000,
        "incomeBeforeTax": -50171000,
        "incomeBeforeTaxRatio": -0.3601935544,
        "incomeTaxExpense": 18000,
        "netIncome": -50109000,
        "netIncomeRatio": -0.3597484367,
        "eps": -0.43,
        "epsdiluted": -0.43,
        "weightedAverageShsOut": 116686000,
        "weightedAverageShsOutDil": 116686000,
        "link": "https://www.sec.gov/Archives/edgar/data/1034054/000119312509223633/0001193125-09-223633-index.htm",
        "finalLink": "https://www.sec.gov/Archives/edgar/data/1034054/000119312509223633/d10q.htm"
    },
    {
        "date": "2009-06-30",
        "symbol": "SBAC",
        "reportedCurrency": "USD",
        "cik": "0001034054",
        "fillingDate": "2009-08-06",
        "acceptedDate": "2009-08-05 19:45:39",
        "calendarYear": "2009",
        "period": "Q2",
        "revenue": 136195000,
        "costOfRevenue": 43872000,
        "grossProfit": 92323000,
        "grossProfitRatio": 0.6778736371,
        "researchAndDevelopmentExpenses": 0,
        "generalAndAdministrativeExpenses": 13164000,
        "sellingAndMarketingExpenses": 0,
        "sellingGeneralAndAdministrativeExpenses": 13164000,
        "otherExpenses": 109433000,
        "operatingExpenses": 77415000,
        "costAndExpenses": 121287000,
        "interestIncome": 294000,
        "interestExpense": 42616000,
        "depreciationAndAmortization": 64251000,
        "ebitda": 77668000,
        "ebitdaratio": 0.5702705679,
        "operatingIncome": 13598000,
        "operatingIncomeRatio": 0.0998421381,
        "totalOtherIncomeExpensesNet": -42797000,
        "incomeBeforeTax": -29199000,
        "incomeBeforeTaxRatio": -0.2143911304,
        "incomeTaxExpense": 229000,
        "netIncome": -29360000,
        "netIncomeRatio": -0.2155732589,
        "eps": -0.25,
        "epsdiluted": -0.25,
        "weightedAverageShsOut": 117079000,
        "weightedAverageShsOutDil": 117079000,
        "link": "https://www.sec.gov/Archives/edgar/data/1034054/000119312509165747/0001193125-09-165747-index.htm",
        "finalLink": "https://www.sec.gov/Archives/edgar/data/1034054/000119312509165747/d10q.htm"
    },
    {
        "date": "2009-03-31",
        "symbol": "SBAC",
        "reportedCurrency": "USD",
        "cik": "0001034054",
        "fillingDate": "2009-05-08",
        "acceptedDate": "2009-05-08 14:30:58",
        "calendarYear": "2009",
        "period": "Q1",
        "revenue": 135050000,
        "costOfRevenue": 44538000,
        "grossProfit": 90512000,
        "grossProfitRatio": 0.670211033,
        "researchAndDevelopmentExpenses": 0,
        "generalAndAdministrativeExpenses": 12075000,
        "sellingAndMarketingExpenses": 0,
        "sellingGeneralAndAdministrativeExpenses": 12075000,
        "otherExpenses": 108625000,
        "operatingExpenses": 75728000,
        "costAndExpenses": 120266000,
        "interestIncome": 288000,
        "interestExpense": 35671000,
        "depreciationAndAmortization": 63653000,
        "ebitda": 81676000,
        "ebitdaratio": 0.6047834136,
        "operatingIncome": 14350000,
        "operatingIncomeRatio": 0.1062569419,
        "totalOtherIncomeExpensesNet": -31998000,
        "incomeBeforeTax": -17648000,
        "incomeBeforeTaxRatio": -0.1306775268,
        "incomeTaxExpense": 242000,
        "netIncome": -17890000,
        "netIncomeRatio": -0.1324694558,
        "eps": -0.15,
        "epsdiluted": -0.15,
        "weightedAverageShsOut": 117984000,
        "weightedAverageShsOutDil": 117984000,
        "link": "https://www.sec.gov/Archives/edgar/data/1034054/000119312509105128/0001193125-09-105128-index.htm",
        "finalLink": "https://www.sec.gov/Archives/edgar/data/1034054/000119312509105128/d10q.htm"
    },
    {
        "date": "2008-12-31",
        "symbol": "SBAC",
        "reportedCurrency": "USD",
        "cik": "0001034054",
        "fillingDate": "2009-02-27",
        "acceptedDate": "2009-02-27 16:43:15",
        "calendarYear": "2008",
        "period": "Q4",
        "revenue": 134429000,
        "costOfRevenue": 46561000,
        "grossProfit": 87868000,
        "grossProfitRatio": 0.6536387238,
        "researchAndDevelopmentExpenses": 0,
        "generalAndAdministrativeExpenses": 13305000,
        "sellingAndMarketingExpenses": 0,
        "sellingGeneralAndAdministrativeExpenses": 13305000,
        "otherExpenses": 380531000,
        "operatingExpenses": 75419000,
        "costAndExpenses": 121980000,
        "interestIncome": 0,
        "interestExpense": 0,
        "depreciationAndAmortization": 53874000,
        "ebitda": 78759000,
        "ebitdaratio": 0.5858780471,
        "operatingIncome": 11528000,
        "operatingIncomeRatio": 0.0857553058,
        "totalOtherIncomeExpensesNet": -8499000,
        "incomeBeforeTax": 3029000,
        "incomeBeforeTaxRatio": 0.0225323405,
        "incomeTaxExpense": 345000,
        "netIncome": 2684000,
        "netIncomeRatio": 0.01996593,
        "eps": 0.0227,
        "epsdiluted": 0.0227,
        "weightedAverageShsOut": 116545000,
        "weightedAverageShsOutDil": 117984000,
        "link": "https://www.sec.gov/Archives/edgar/data/1034054/000119312509041076/0001193125-09-041076-index.htm",
        "finalLink": "https://www.sec.gov/Archives/edgar/data/1034054/000119312509041076/d10k.htm"
    },
    {
        "date": "2008-09-30",
        "symbol": "SBAC",
        "reportedCurrency": "USD",
        "cik": "0001034054",
        "fillingDate": "2008-11-05",
        "acceptedDate": "2008-11-05 17:04:20",
        "calendarYear": "2008",
        "period": "Q3",
        "revenue": 118656000,
        "costOfRevenue": 42008000,
        "grossProfit": 76648000,
        "grossProfitRatio": 0.6459681769,
        "researchAndDevelopmentExpenses": 0,
        "generalAndAdministrativeExpenses": 12496000,
        "sellingAndMarketingExpenses": 0,
        "sellingGeneralAndAdministrativeExpenses": 12496000,
        "otherExpenses": 94733000,
        "operatingExpenses": 65221000,
        "costAndExpenses": 107229000,
        "interestIncome": 1847000,
        "interestExpense": 36624000,
        "depreciationAndAmortization": 55840000,
        "ebitda": 68345000,
        "ebitdaratio": 0.5759927859,
        "operatingIncome": 11427000,
        "operatingIncomeRatio": 0.0963036003,
        "totalOtherIncomeExpensesNet": -38651000,
        "incomeBeforeTax": -15999000,
        "incomeBeforeTaxRatio": -0.1348351537,
        "incomeTaxExpense": 424000,
        "netIncome": -16423000,
        "netIncomeRatio": -0.1384085086,
        "eps": -0.15,
        "epsdiluted": -0.15,
        "weightedAverageShsOut": 107384000,
        "weightedAverageShsOutDil": 107384000,
        "link": "https://www.sec.gov/Archives/edgar/data/1034054/000119312508226025/0001193125-08-226025-index.htm",
        "finalLink": "https://www.sec.gov/Archives/edgar/data/1034054/000119312508226025/d10q.htm"
    },
    {
        "date": "2008-06-30",
        "symbol": "SBAC",
        "reportedCurrency": "USD",
        "cik": "0001034054",
        "fillingDate": "2008-08-07",
        "acceptedDate": "2008-08-06 20:19:50",
        "calendarYear": "2008",
        "period": "Q2",
        "revenue": 111952000,
        "costOfRevenue": 39361000,
        "grossProfit": 72591000,
        "grossProfitRatio": 0.6484118194,
        "researchAndDevelopmentExpenses": 0,
        "generalAndAdministrativeExpenses": 12548000,
        "sellingAndMarketingExpenses": 0,
        "sellingGeneralAndAdministrativeExpenses": 12548000,
        "otherExpenses": 88614000,
        "operatingExpenses": 61801000,
        "costAndExpenses": 101162000,
        "interestIncome": 1630000,
        "interestExpense": 33236000,
        "depreciationAndAmortization": 52029000,
        "ebitda": 65500000,
        "ebitdaratio": 0.5850721738,
        "operatingIncome": 10790000,
        "operatingIncomeRatio": 0.0963805917,
        "totalOtherIncomeExpensesNet": -36843000,
        "incomeBeforeTax": -18200000,
        "incomeBeforeTaxRatio": -0.1625696727,
        "incomeTaxExpense": 190000,
        "netIncome": -18390000,
        "netIncomeRatio": -0.1642668286,
        "eps": -0.17,
        "epsdiluted": -0.17,
        "weightedAverageShsOut": 107131000,
        "weightedAverageShsOutDil": 107131000,
        "link": "https://www.sec.gov/Archives/edgar/data/1034054/000119312508168654/0001193125-08-168654-index.htm",
        "finalLink": "https://www.sec.gov/Archives/edgar/data/1034054/000119312508168654/d10q.htm"
    },
    {
        "date": "2008-03-31",
        "symbol": "SBAC",
        "reportedCurrency": "USD",
        "cik": "0001034054",
        "fillingDate": "2008-05-07",
        "acceptedDate": "2008-05-07 15:35:04",
        "calendarYear": "2008",
        "period": "Q1",
        "revenue": 109917000,
        "costOfRevenue": 40235000,
        "grossProfit": 69682000,
        "grossProfitRatio": 0.6339510722,
        "researchAndDevelopmentExpenses": 0,
        "generalAndAdministrativeExpenses": 10491000,
        "sellingAndMarketingExpenses": 0,
        "sellingGeneralAndAdministrativeExpenses": 10491000,
        "otherExpenses": 87588000,
        "operatingExpenses": 57844000,
        "costAndExpenses": 98079000,
        "interestIncome": 2098000,
        "interestExpense": 28370000,
        "depreciationAndAmortization": 49702000,
        "ebitda": 64028000,
        "ebitdaratio": 0.5825122593,
        "operatingIncome": 11838000,
        "operatingIncomeRatio": 0.1076994459,
        "totalOtherIncomeExpensesNet": -30986000,
        "incomeBeforeTax": -14556000,
        "incomeBeforeTaxRatio": -0.1324271951,
        "incomeTaxExpense": 78000,
        "netIncome": -14634000,
        "netIncomeRatio": -0.1331368214,
        "eps": -0.13,
        "epsdiluted": -0.13,
        "weightedAverageShsOut": 108469000,
        "weightedAverageShsOutDil": 108469000,
        "link": "https://www.sec.gov/Archives/edgar/data/1034054/000119312508105796/0001193125-08-105796-index.htm",
        "finalLink": "https://www.sec.gov/Archives/edgar/data/1034054/000119312508105796/d10q.htm"
    },
    {
        "date": "2007-12-31",
        "symbol": "SBAC",
        "reportedCurrency": "USD",
        "cik": "0001034054",
        "fillingDate": "2008-02-28",
        "acceptedDate": "2008-02-27 18:02:20",
        "calendarYear": "2007",
        "period": "Q4",
        "revenue": 108903000,
        "costOfRevenue": 42985000,
        "grossProfit": 65918000,
        "grossProfitRatio": 0.605290947,
        "researchAndDevelopmentExpenses": 0,
        "generalAndAdministrativeExpenses": 11878000,
        "sellingAndMarketingExpenses": 0,
        "sellingGeneralAndAdministrativeExpenses": 11878000,
        "otherExpenses": 227618000,
        "operatingExpenses": 56218000,
        "costAndExpenses": 99203000,
        "interestIncome": 0,
        "interestExpense": 0,
        "depreciationAndAmortization": 46474000,
        "ebitda": 56315000,
        "ebitdaratio": 0.517111558,
        "operatingIncome": 9700000,
        "operatingIncomeRatio": 0.0890700899,
        "totalOtherIncomeExpensesNet": -38446000,
        "incomeBeforeTax": -28746000,
        "incomeBeforeTaxRatio": -0.2639596705,
        "incomeTaxExpense": 133000,
        "netIncome": -28879000,
        "netIncomeRatio": -0.2651809408,
        "eps": -0.27,
        "epsdiluted": -0.27,
        "weightedAverageShsOut": 105973000,
        "weightedAverageShsOutDil": 108469000,
        "link": "https://www.sec.gov/Archives/edgar/data/1034054/000119312508040304/0001193125-08-040304-index.htm",
        "finalLink": "https://www.sec.gov/Archives/edgar/data/1034054/000119312508040304/d10k.htm"
    },
    {
        "date": "2007-09-30",
        "symbol": "SBAC",
        "reportedCurrency": "USD",
        "cik": "0001034054",
        "fillingDate": "2007-11-07",
        "acceptedDate": "2007-11-07 16:31:36",
        "calendarYear": "2007",
        "period": "Q3",
        "revenue": 103201000,
        "costOfRevenue": 43652000,
        "grossProfit": 59549000,
        "grossProfitRatio": 0.5770196025,
        "researchAndDevelopmentExpenses": 0,
        "generalAndAdministrativeExpenses": 11289000,
        "sellingAndMarketingExpenses": 0,
        "sellingGeneralAndAdministrativeExpenses": 11289000,
        "otherExpenses": 86601000,
        "operatingExpenses": 54238000,
        "costAndExpenses": 97890000,
        "interestIncome": 0,
        "interestExpense": 0,
        "depreciationAndAmortization": 45053000,
        "ebitda": 50428000,
        "ebitdaratio": 0.488638676,
        "operatingIncome": 5311000,
        "operatingIncomeRatio": 0.0514626796,
        "totalOtherIncomeExpensesNet": -22303000,
        "incomeBeforeTax": -16992000,
        "incomeBeforeTaxRatio": -0.1646495673,
        "incomeTaxExpense": 542000,
        "netIncome": -17534000,
        "netIncomeRatio": -0.1699014544,
        "eps": -0.17,
        "epsdiluted": -0.17,
        "weightedAverageShsOut": 104188000,
        "weightedAverageShsOutDil": 104188000,
        "link": "https://www.sec.gov/Archives/edgar/data/1034054/000119312507238502/0001193125-07-238502-index.htm",
        "finalLink": "https://www.sec.gov/Archives/edgar/data/1034054/000119312507238502/d10q.htm"
    },
    {
        "date": "2007-06-30",
        "symbol": "SBAC",
        "reportedCurrency": "USD",
        "cik": "0001034054",
        "fillingDate": "2007-08-06",
        "acceptedDate": "2007-08-06 15:50:49",
        "calendarYear": "2007",
        "period": "Q2",
        "revenue": 100289000,
        "costOfRevenue": 39250000,
        "grossProfit": 61039000,
        "grossProfitRatio": 0.6086310562,
        "researchAndDevelopmentExpenses": 0,
        "generalAndAdministrativeExpenses": 11578000,
        "sellingAndMarketingExpenses": 0,
        "sellingGeneralAndAdministrativeExpenses": 11578000,
        "otherExpenses": 80900000,
        "operatingExpenses": 53228000,
        "costAndExpenses": 92478000,
        "interestIncome": 0,
        "interestExpense": 0,
        "depreciationAndAmortization": 43731000,
        "ebitda": 51683000,
        "ebitdaratio": 0.5153406655,
        "operatingIncome": 7811000,
        "operatingIncomeRatio": 0.0778849126,
        "totalOtherIncomeExpensesNet": -22782000,
        "incomeBeforeTax": -14971000,
        "incomeBeforeTaxRatio": -0.1492785849,
        "incomeTaxExpense": 101000,
        "netIncome": -15072000,
        "netIncomeRatio": -0.1502856744,
        "eps": -0.15,
        "epsdiluted": -0.15,
        "weightedAverageShsOut": 103160000,
        "weightedAverageShsOutDil": 103160000,
        "link": "https://www.sec.gov/Archives/edgar/data/1034054/000119312507171939/0001193125-07-171939-index.htm",
        "finalLink": "https://www.sec.gov/Archives/edgar/data/1034054/000119312507171939/d10q.htm"
    },
    {
        "date": "2007-03-31",
        "symbol": "SBAC",
        "reportedCurrency": "USD",
        "cik": "0001034054",
        "fillingDate": "2007-05-09",
        "acceptedDate": "2007-05-09 16:31:52",
        "calendarYear": "2007",
        "period": "Q1",
        "revenue": 95808000,
        "costOfRevenue": 37466000,
        "grossProfit": 58342000,
        "grossProfitRatio": 0.6089470608,
        "researchAndDevelopmentExpenses": 0,
        "generalAndAdministrativeExpenses": 10824000,
        "sellingAndMarketingExpenses": 0,
        "sellingGeneralAndAdministrativeExpenses": 10824000,
        "otherExpenses": 77759000,
        "operatingExpenses": 51117000,
        "costAndExpenses": 88583000,
        "interestIncome": 0,
        "interestExpense": 0,
        "depreciationAndAmortization": 41943000,
        "ebitda": 49275000,
        "ebitdaratio": 0.5143098697,
        "operatingIncome": 7225000,
        "operatingIncomeRatio": 0.0754112391,
        "totalOtherIncomeExpensesNet": -23527000,
        "incomeBeforeTax": -16302000,
        "incomeBeforeTaxRatio": -0.1701528056,
        "incomeTaxExpense": 92000,
        "netIncome": -16394000,
        "netIncomeRatio": -0.1711130595,
        "eps": -0.16,
        "epsdiluted": -0.16,
        "weightedAverageShsOut": 105666000,
        "weightedAverageShsOutDil": 105666000,
        "link": "https://www.sec.gov/Archives/edgar/data/1034054/000119312507108248/0001193125-07-108248-index.htm",
        "finalLink": "https://www.sec.gov/Archives/edgar/data/1034054/000119312507108248/d10q.htm"
    },
    {
        "date": "2006-12-31",
        "symbol": "SBAC",
        "reportedCurrency": "USD",
        "cik": "0001034054",
        "fillingDate": "2007-03-01",
        "acceptedDate": "2007-03-01 12:54:28",
        "calendarYear": "2006",
        "period": "Q4",
        "revenue": 96750000,
        "costOfRevenue": 39993000,
        "grossProfit": 56757000,
        "grossProfitRatio": 0.5866356589,
        "researchAndDevelopmentExpenses": 0,
        "generalAndAdministrativeExpenses": 10810000,
        "sellingAndMarketingExpenses": 0,
        "sellingGeneralAndAdministrativeExpenses": 10810000,
        "otherExpenses": 289317000,
        "operatingExpenses": 50703000,
        "costAndExpenses": 90696000,
        "interestIncome": 0,
        "interestExpense": 0,
        "depreciationAndAmortization": 41288000,
        "ebitda": 48788000,
        "ebitdaratio": 0.5042687339,
        "operatingIncome": 6054000,
        "operatingIncomeRatio": 0.0625736434,
        "totalOtherIncomeExpensesNet": -30366000,
        "incomeBeforeTax": -24312000,
        "incomeBeforeTaxRatio": -0.2512868217,
        "incomeTaxExpense": -47000,
        "netIncome": -24265000,
        "netIncomeRatio": -0.2508010336,
        "eps": -0.23,
        "epsdiluted": -0.23,
        "weightedAverageShsOut": 105006000,
        "weightedAverageShsOutDil": 105666000,
        "link": "https://www.sec.gov/Archives/edgar/data/1034054/000119312507043928/0001193125-07-043928-index.htm",
        "finalLink": "https://www.sec.gov/Archives/edgar/data/1034054/000119312507043928/d10k.htm"
    },
    {
        "date": "2006-09-30",
        "symbol": "SBAC",
        "reportedCurrency": "USD",
        "cik": "0001034054",
        "fillingDate": "2006-11-09",
        "acceptedDate": "2006-11-09 16:00:07",
        "calendarYear": "2006",
        "period": "Q3",
        "revenue": 98172000,
        "costOfRevenue": 42154000,
        "grossProfit": 56018000,
        "grossProfitRatio": 0.5706107648,
        "researchAndDevelopmentExpenses": 0,
        "generalAndAdministrativeExpenses": 11044000,
        "sellingAndMarketingExpenses": 0,
        "sellingGeneralAndAdministrativeExpenses": 11044000,
        "otherExpenses": 80812000,
        "operatingExpenses": 49702000,
        "costAndExpenses": 91856000,
        "interestIncome": 0,
        "interestExpense": 0,
        "depreciationAndAmortization": 43718000,
        "ebitda": 50034000,
        "ebitdaratio": 0.5096565212,
        "operatingIncome": 6316000,
        "operatingIncomeRatio": 0.0643360632,
        "totalOtherIncomeExpensesNet": -30463000,
        "incomeBeforeTax": -24147000,
        "incomeBeforeTaxRatio": -0.2459662633,
        "incomeTaxExpense": 194000,
        "netIncome": -24341000,
        "netIncomeRatio": -0.2479423868,
        "eps": -0.23,
        "epsdiluted": -0.23,
        "weightedAverageShsOut": 103733000,
        "weightedAverageShsOutDil": 103733000,
        "link": "https://www.sec.gov/Archives/edgar/data/1034054/000119312506230301/0001193125-06-230301-index.htm",
        "finalLink": "https://www.sec.gov/Archives/edgar/data/1034054/000119312506230301/d10q.htm"
    },
    {
        "date": "2006-06-30",
        "symbol": "SBAC",
        "reportedCurrency": "USD",
        "cik": "0001034054",
        "fillingDate": "2006-08-09",
        "acceptedDate": "2006-08-09 16:45:01",
        "calendarYear": "2006",
        "period": "Q2",
        "revenue": 87376000,
        "costOfRevenue": 40176000,
        "grossProfit": 47200000,
        "grossProfitRatio": 0.5401941036,
        "researchAndDevelopmentExpenses": 0,
        "generalAndAdministrativeExpenses": 11495000,
        "sellingAndMarketingExpenses": 0,
        "sellingGeneralAndAdministrativeExpenses": 11495000,
        "otherExpenses": 73061000,
        "operatingExpenses": 44380000,
        "costAndExpenses": 84556000,
        "interestIncome": 0,
        "interestExpense": 0,
        "depreciationAndAmortization": 37654000,
        "ebitda": 40474000,
        "ebitdaratio": 0.4632164439,
        "operatingIncome": 2820000,
        "operatingIncomeRatio": 0.0322743087,
        "totalOtherIncomeExpensesNet": -78261000,
        "incomeBeforeTax": 75441000,
        "incomeBeforeTaxRatio": 0.8634064274,
        "incomeTaxExpense": 197000,
        "netIncome": -75638000,
        "netIncomeRatio": -0.8656610511,
        "eps": -0.77,
        "epsdiluted": -0.77,
        "weightedAverageShsOut": 98138000,
        "weightedAverageShsOutDil": 98138000,
        "link": "https://www.sec.gov/Archives/edgar/data/1034054/000119312506167858/0001193125-06-167858-index.htm",
        "finalLink": "https://www.sec.gov/Archives/edgar/data/1034054/000119312506167858/d10q.htm"
    },
    {
        "date": "2006-03-31",
        "symbol": "SBAC",
        "reportedCurrency": "USD",
        "cik": "0001034054",
        "fillingDate": "2006-05-10",
        "acceptedDate": "2006-05-10 17:02:41",
        "calendarYear": "2006",
        "period": "Q1",
        "revenue": 68804000,
        "costOfRevenue": 34263000,
        "grossProfit": 34541000,
        "grossProfitRatio": 0.5020202314,
        "researchAndDevelopmentExpenses": 0,
        "generalAndAdministrativeExpenses": 8703000,
        "sellingAndMarketingExpenses": 0,
        "sellingGeneralAndAdministrativeExpenses": 8703000,
        "otherExpenses": 55271000,
        "operatingExpenses": 39371000,
        "costAndExpenses": 73634000,
        "interestIncome": 0,
        "interestExpense": 0,
        "depreciationAndAmortization": 26487000,
        "ebitda": 21657000,
        "ebitdaratio": 0.3147636765,
        "operatingIncome": -4830000,
        "operatingIncomeRatio": -0.070199407,
        "totalOtherIncomeExpensesNet": -3977000,
        "incomeBeforeTax": -8807000,
        "incomeBeforeTaxRatio": -0.128001279,
        "incomeTaxExpense": 398000,
        "netIncome": -9205000,
        "netIncomeRatio": -0.1337858264,
        "eps": -0.11,
        "epsdiluted": -0.11,
        "weightedAverageShsOut": 85694000,
        "weightedAverageShsOutDil": 85694000,
        "link": "https://www.sec.gov/Archives/edgar/data/1034054/000119312506107773/0001193125-06-107773-index.htm",
        "finalLink": "https://www.sec.gov/Archives/edgar/data/1034054/000119312506107773/d10q.htm"
    },
    {
        "date": "2005-12-31",
        "symbol": "SBAC",
        "reportedCurrency": "USD",
        "cik": "0001034054",
        "fillingDate": "2006-03-10",
        "acceptedDate": "2006-03-10 06:14:08",
        "calendarYear": "2005",
        "period": "Q4",
        "revenue": 72419000,
        "costOfRevenue": 38974000,
        "grossProfit": 33445000,
        "grossProfitRatio": 0.4618263163,
        "researchAndDevelopmentExpenses": 0,
        "generalAndAdministrativeExpenses": 7141000,
        "sellingAndMarketingExpenses": 0,
        "sellingGeneralAndAdministrativeExpenses": 7141000,
        "otherExpenses": 227618000,
        "operatingExpenses": 29559000,
        "costAndExpenses": 68533000,
        "interestIncome": 0,
        "interestExpense": 0,
        "depreciationAndAmortization": 28213000,
        "ebitda": 32099000,
        "ebitdaratio": 0.4432400337,
        "operatingIncome": 3886000,
        "operatingIncomeRatio": 0.0536599511,
        "totalOtherIncomeExpensesNet": -34995000,
        "incomeBeforeTax": -31109000,
        "incomeBeforeTaxRatio": -0.4295695881,
        "incomeTaxExpense": 1173000,
        "netIncome": -32297000,
        "netIncomeRatio": -0.4459741228,
        "eps": -0.38,
        "epsdiluted": -0.38,
        "weightedAverageShsOut": 85112000,
        "weightedAverageShsOutDil": 85694000,
        "link": "https://www.sec.gov/Archives/edgar/data/1034054/000119312506050160/0001193125-06-050160-index.htm",
        "finalLink": "https://www.sec.gov/Archives/edgar/data/1034054/000119312506050160/d10k.htm"
    },
    {
        "date": "2005-09-30",
        "symbol": "SBAC",
        "reportedCurrency": "USD",
        "cik": "0001034054",
        "fillingDate": "2005-11-09",
        "acceptedDate": "2005-11-09 17:00:32",
        "calendarYear": "2005",
        "period": "Q3",
        "revenue": 66021000,
        "costOfRevenue": 35005000,
        "grossProfit": 31016000,
        "grossProfitRatio": 0.4697899153,
        "researchAndDevelopmentExpenses": 0,
        "generalAndAdministrativeExpenses": 6725000,
        "sellingAndMarketingExpenses": 0,
        "sellingGeneralAndAdministrativeExpenses": 6725000,
        "otherExpenses": 56693000,
        "operatingExpenses": 28382000,
        "costAndExpenses": 63387000,
        "interestIncome": 0,
        "interestExpense": 0,
        "depreciationAndAmortization": 28402000,
        "ebitda": 31036000,
        "ebitdaratio": 0.4700928492,
        "operatingIncome": 2603000,
        "operatingIncomeRatio": 0.039426849,
        "totalOtherIncomeExpensesNet": -16696000,
        "incomeBeforeTax": -14093000,
        "incomeBeforeTaxRatio": -0.2134623832,
        "incomeTaxExpense": 354000,
        "netIncome": -14444000,
        "netIncomeRatio": -0.2187788734,
        "eps": -0.19,
        "epsdiluted": -0.19,
        "weightedAverageShsOut": 74487000,
        "weightedAverageShsOutDil": 74487000,
        "link": "https://www.sec.gov/Archives/edgar/data/1034054/000119312505221702/0001193125-05-221702-index.htm",
        "finalLink": "https://www.sec.gov/Archives/edgar/data/1034054/000119312505221702/d10q.htm"
    },
    {
        "date": "2005-06-30",
        "symbol": "SBAC",
        "reportedCurrency": "USD",
        "cik": "0001034054",
        "fillingDate": "2005-08-09",
        "acceptedDate": "2005-08-09 16:02:44",
        "calendarYear": "2005",
        "period": "Q2",
        "revenue": 63248000,
        "costOfRevenue": 34679000,
        "grossProfit": 28569000,
        "grossProfitRatio": 0.4516980774,
        "researchAndDevelopmentExpenses": 0,
        "generalAndAdministrativeExpenses": 7112000,
        "sellingAndMarketingExpenses": 0,
        "sellingGeneralAndAdministrativeExpenses": 7112000,
        "otherExpenses": 56365000,
        "operatingExpenses": 28796000,
        "costAndExpenses": 63475000,
        "interestIncome": 0,
        "interestExpense": 0,
        "depreciationAndAmortization": 29591000,
        "ebitda": 29364000,
        "ebitdaratio": 0.4642676448,
        "operatingIncome": -229000,
        "operatingIncomeRatio": -0.0036206678,
        "totalOtherIncomeExpensesNet": -25816000,
        "incomeBeforeTax": -26045000,
        "incomeBeforeTaxRatio": -0.4117916772,
        "incomeTaxExpense": 331000,
        "netIncome": -26255000,
        "netIncomeRatio": -0.4151119403,
        "eps": -0.37,
        "epsdiluted": -0.37,
        "weightedAverageShsOut": 70330000,
        "weightedAverageShsOutDil": 70330000,
        "link": "https://www.sec.gov/Archives/edgar/data/1034054/000119312505162569/0001193125-05-162569-index.htm",
        "finalLink": "https://www.sec.gov/Archives/edgar/data/1034054/000119312505162569/d10q.htm"
    },
    {
        "date": "2005-03-31",
        "symbol": "SBAC",
        "reportedCurrency": "USD",
        "cik": "0001034054",
        "fillingDate": "2005-05-10",
        "acceptedDate": "2005-05-10 17:18:03",
        "calendarYear": "2005",
        "period": "Q1",
        "revenue": 58304000,
        "costOfRevenue": 31294000,
        "grossProfit": 27010000,
        "grossProfitRatio": 0.4632615258,
        "researchAndDevelopmentExpenses": 0,
        "generalAndAdministrativeExpenses": 7200000,
        "sellingAndMarketingExpenses": 0,
        "sellingGeneralAndAdministrativeExpenses": 7200000,
        "otherExpenses": 21874000,
        "operatingExpenses": 29057000,
        "costAndExpenses": 60351000,
        "interestIncome": 0,
        "interestExpense": 0,
        "depreciationAndAmortization": 29750000,
        "ebitda": 27703000,
        "ebitdaratio": 0.4751475027,
        "operatingIncome": -2064000,
        "operatingIncomeRatio": -0.0354006586,
        "totalOtherIncomeExpensesNet": -19233000,
        "incomeBeforeTax": -21297000,
        "incomeBeforeTaxRatio": -0.3652751098,
        "incomeTaxExpense": 246000,
        "netIncome": -21713000,
        "netIncomeRatio": -0.3724101262,
        "eps": -0.33,
        "epsdiluted": -0.33,
        "weightedAverageShsOut": 65260000,
        "weightedAverageShsOutDil": 65260000,
        "link": "https://www.sec.gov/Archives/edgar/data/1034054/000119312505102996/0001193125-05-102996-index.htm",
        "finalLink": "https://www.sec.gov/Archives/edgar/data/1034054/000119312505102996/d10q.htm"
    },
    {
        "date": "2004-12-31",
        "symbol": "SBAC",
        "reportedCurrency": "USD",
        "cik": "0001034054",
        "fillingDate": "2005-03-16",
        "acceptedDate": "2005-03-16 17:05:11",
        "calendarYear": "2004",
        "period": "Q4",
        "revenue": 65533000,
        "costOfRevenue": 41557000,
        "grossProfit": 23976000,
        "grossProfitRatio": 0.3658614744,
        "researchAndDevelopmentExpenses": 0,
        "generalAndAdministrativeExpenses": 14327000,
        "sellingAndMarketingExpenses": 0,
        "sellingGeneralAndAdministrativeExpenses": 14327000,
        "otherExpenses": 97795000,
        "operatingExpenses": 41311000,
        "costAndExpenses": 82868000,
        "interestIncome": 0,
        "interestExpense": 0,
        "depreciationAndAmortization": 36403000,
        "ebitda": 19068000,
        "ebitdaratio": 0.2909679093,
        "operatingIncome": -17362000,
        "operatingIncomeRatio": -0.2649352235,
        "totalOtherIncomeExpensesNet": -34601000,
        "incomeBeforeTax": -51927000,
        "incomeBeforeTaxRatio": -0.7923794119,
        "incomeTaxExpense": -117000,
        "netIncome": -52103000,
        "netIncomeRatio": -0.7950650817,
        "eps": -0.82,
        "epsdiluted": -0.8,
        "weightedAverageShsOut": 63661000,
        "weightedAverageShsOutDil": 65260000,
        "link": "https://www.sec.gov/Archives/edgar/data/1034054/000119312505052876/0001193125-05-052876-index.htm",
        "finalLink": "https://www.sec.gov/Archives/edgar/data/1034054/000119312505052876/d10k.htm"
    },
    {
        "date": "2004-09-30",
        "symbol": "SBAC",
        "reportedCurrency": "USD",
        "cik": "0001034054",
        "fillingDate": "2004-11-08",
        "acceptedDate": "2004-11-08 17:10:20",
        "calendarYear": "2004",
        "period": "Q3",
        "revenue": 58743000,
        "costOfRevenue": 30701000,
        "grossProfit": 28042000,
        "grossProfitRatio": 0.4773675161,
        "researchAndDevelopmentExpenses": 0,
        "generalAndAdministrativeExpenses": 7374000,
        "sellingAndMarketingExpenses": 0,
        "sellingGeneralAndAdministrativeExpenses": 7374000,
        "otherExpenses": 20669000,
        "operatingExpenses": 28040000,
        "costAndExpenses": 58741000,
        "interestIncome": 0,
        "interestExpense": 0,
        "depreciationAndAmortization": 28246000,
        "ebitda": 31193000,
        "ebitdaratio": 0.5310079499,
        "operatingIncome": -1000,
        "operatingIncomeRatio": -1.70233e-05,
        "totalOtherIncomeExpensesNet": -17791000,
        "incomeBeforeTax": -21194000,
        "incomeBeforeTaxRatio": -0.3607919241,
        "incomeTaxExpense": 278000,
        "netIncome": -24010000,
        "netIncomeRatio": -0.4087295508,
        "eps": -0.42,
        "epsdiluted": -0.42,
        "weightedAverageShsOut": 57776000,
        "weightedAverageShsOutDil": 57776000,
        "link": "https://www.sec.gov/Archives/edgar/data/1034054/000119312504189626/0001193125-04-189626-index.htm",
        "finalLink": "https://www.sec.gov/Archives/edgar/data/1034054/000119312504189626/d10q.htm"
    },
    {
        "date": "2004-06-30",
        "symbol": "SBAC",
        "reportedCurrency": "USD",
        "cik": "0001034054",
        "fillingDate": "2004-08-09",
        "acceptedDate": "2004-08-06 20:07:47",
        "calendarYear": "2004",
        "period": "Q2",
        "revenue": 56347000,
        "costOfRevenue": 29847000,
        "grossProfit": 26500000,
        "grossProfitRatio": 0.4703001047,
        "researchAndDevelopmentExpenses": 0,
        "generalAndAdministrativeExpenses": 7096000,
        "sellingAndMarketingExpenses": 0,
        "sellingGeneralAndAdministrativeExpenses": 7096000,
        "otherExpenses": 22160000,
        "operatingExpenses": 29198000,
        "costAndExpenses": 59045000,
        "interestIncome": 0,
        "interestExpense": 0,
        "depreciationAndAmortization": 27941000,
        "ebitda": 23177000,
        "ebitdaratio": 0.4113262463,
        "operatingIncome": -2756000,
        "operatingIncomeRatio": -0.0489112109,
        "totalOtherIncomeExpensesNet": -19737000,
        "incomeBeforeTax": -22493000,
        "incomeBeforeTaxRatio": -0.3991871794,
        "incomeTaxExpense": 274000,
        "netIncome": -23246000,
        "netIncomeRatio": -0.4125508013,
        "eps": -0.41,
        "epsdiluted": -0.41,
        "weightedAverageShsOut": 56933000,
        "weightedAverageShsOutDil": 56933000,
        "link": "https://www.sec.gov/Archives/edgar/data/1034054/000119312504134645/0001193125-04-134645-index.htm",
        "finalLink": "https://www.sec.gov/Archives/edgar/data/1034054/000119312504134645/d10q.htm"
    },
    {
        "date": "2004-03-31",
        "symbol": "SBAC",
        "reportedCurrency": "USD",
        "cik": "0001034054",
        "fillingDate": "2004-05-07",
        "acceptedDate": "2004-05-07 16:52:14",
        "calendarYear": "2004",
        "period": "Q1",
        "revenue": 57301000,
        "costOfRevenue": 32865000,
        "grossProfit": 24436000,
        "grossProfitRatio": 0.4264498002,
        "researchAndDevelopmentExpenses": 0,
        "generalAndAdministrativeExpenses": 7322000,
        "sellingAndMarketingExpenses": 0,
        "sellingGeneralAndAdministrativeExpenses": 7322000,
        "otherExpenses": 20912000,
        "operatingExpenses": 28071000,
        "costAndExpenses": 60936000,
        "interestIncome": 0,
        "interestExpense": 0,
        "depreciationAndAmortization": 28111000,
        "ebitda": 23009000,
        "ebitdaratio": 0.4015462208,
        "operatingIncome": -3798000,
        "operatingIncomeRatio": -0.0662815658,
        "totalOtherIncomeExpensesNet": -47469000,
        "incomeBeforeTax": -47734000,
        "incomeBeforeTaxRatio": -0.833039563,
        "incomeTaxExpense": 276000,
        "netIncome": -47922000,
        "netIncomeRatio": -0.8363204831,
        "eps": -0.86,
        "epsdiluted": -0.86,
        "weightedAverageShsOut": 55684000,
        "weightedAverageShsOutDil": 55684000,
        "link": "https://www.sec.gov/Archives/edgar/data/1034054/000119312504082214/0001193125-04-082214-index.htm",
        "finalLink": "https://www.sec.gov/Archives/edgar/data/1034054/000119312504082214/d10q.htm"
    },
    {
        "date": "2003-12-31",
        "symbol": "SBAC",
        "reportedCurrency": "USD",
        "cik": "0001034054",
        "fillingDate": "2004-03-12",
        "acceptedDate": "2004-03-11 21:50:12",
        "calendarYear": "2003",
        "period": "Q4",
        "revenue": 57633000,
        "costOfRevenue": 33103000,
        "grossProfit": 24530000,
        "grossProfitRatio": 0.4256242084,
        "researchAndDevelopmentExpenses": 0,
        "generalAndAdministrativeExpenses": 7859000,
        "sellingAndMarketingExpenses": 0,
        "sellingGeneralAndAdministrativeExpenses": 7859000,
        "otherExpenses": 103850000,
        "operatingExpenses": 34965000,
        "costAndExpenses": 68068000,
        "interestIncome": 0,
        "interestExpense": 0,
        "depreciationAndAmortization": 22898000,
        "ebitda": 12463000,
        "ebitdaratio": 0.2162476359,
        "operatingIncome": -10502000,
        "operatingIncomeRatio": -0.1822219909,
        "totalOtherIncomeExpensesNet": -42094000,
        "incomeBeforeTax": -52703000,
        "incomeBeforeTaxRatio": -0.9144587302,
        "incomeTaxExpense": 452000,
        "netIncome": -51168000,
        "netIncomeRatio": -0.8878246838,
        "eps": -0.95,
        "epsdiluted": -0.92,
        "weightedAverageShsOut": 54145000,
        "weightedAverageShsOutDil": 55684000,
        "link": "https://www.sec.gov/Archives/edgar/data/1034054/000119312504039482/0001193125-04-039482-index.htm",
        "finalLink": "https://www.sec.gov/Archives/edgar/data/1034054/000119312504039482/d10k.htm"
    },
    {
        "date": "2003-09-30",
        "symbol": "SBAC",
        "reportedCurrency": "USD",
        "cik": "0001034054",
        "fillingDate": "2003-11-14",
        "acceptedDate": "2003-11-14 16:07:39",
        "calendarYear": "2003",
        "period": "Q3",
        "revenue": 52375000,
        "costOfRevenue": 29815000,
        "grossProfit": 22560000,
        "grossProfitRatio": 0.4307398568,
        "researchAndDevelopmentExpenses": 0,
        "generalAndAdministrativeExpenses": 7933000,
        "sellingAndMarketingExpenses": 0,
        "sellingGeneralAndAdministrativeExpenses": 7933000,
        "otherExpenses": 0,
        "operatingExpenses": 29049000,
        "costAndExpenses": 58864000,
        "interestIncome": 0,
        "interestExpense": 0,
        "depreciationAndAmortization": 22238000,
        "ebitda": 15978000,
        "ebitdaratio": 0.3050692124,
        "operatingIncome": -7555000,
        "operatingIncomeRatio": -0.14424821,
        "totalOtherIncomeExpensesNet": -24600000,
        "incomeBeforeTax": -32155000,
        "incomeBeforeTaxRatio": -0.6139379475,
        "incomeTaxExpense": 433000,
        "netIncome": -19666000,
        "netIncomeRatio": -0.3754844869,
        "eps": -0.38,
        "epsdiluted": -0.38,
        "weightedAverageShsOut": 52394000,
        "weightedAverageShsOutDil": 52394000,
        "link": "https://www.sec.gov/Archives/edgar/data/1034054/000119312503081994/0001193125-03-081994-index.htm",
        "finalLink": "https://www.sec.gov/Archives/edgar/data/1034054/000119312503081994/d10q.htm"
    },
    {
        "date": "2003-06-30",
        "symbol": "SBAC",
        "reportedCurrency": "USD",
        "cik": "0001034054",
        "fillingDate": "2003-08-14",
        "acceptedDate": "2003-08-14 15:30:58",
        "calendarYear": "2003",
        "period": "Q2",
        "revenue": 50375000,
        "costOfRevenue": 27504000,
        "grossProfit": 22871000,
        "grossProfitRatio": 0.4540148883,
        "researchAndDevelopmentExpenses": 0,
        "generalAndAdministrativeExpenses": 7242000,
        "sellingAndMarketingExpenses": 0,
        "sellingGeneralAndAdministrativeExpenses": 7242000,
        "otherExpenses": 3877000,
        "operatingExpenses": 38227000,
        "costAndExpenses": 65731000,
        "interestIncome": 0,
        "interestExpense": 0,
        "depreciationAndAmortization": 17906000,
        "ebitda": 6636000,
        "ebitdaratio": 0.1317320099,
        "operatingIncome": -15752000,
        "operatingIncomeRatio": -0.3126947891,
        "totalOtherIncomeExpensesNet": -29261000,
        "incomeBeforeTax": -45013000,
        "incomeBeforeTaxRatio": -0.8935583127,
        "incomeTaxExpense": 435000,
        "netIncome": -56408000,
        "netIncomeRatio": -1.1197617866,
        "eps": -1.1,
        "epsdiluted": -1.1,
        "weightedAverageShsOut": 51133000,
        "weightedAverageShsOutDil": 51133000,
        "link": "https://www.sec.gov/Archives/edgar/data/1034054/000119312503037852/0001193125-03-037852-index.htm",
        "finalLink": "https://www.sec.gov/Archives/edgar/data/1034054/000119312503037852/d10q.htm"
    },
    {
        "date": "2003-03-31",
        "symbol": "SBAC",
        "reportedCurrency": "USD",
        "cik": "0001034054",
        "fillingDate": "2003-05-15",
        "acceptedDate": "2003-05-15 17:34:58",
        "calendarYear": "2003",
        "period": "Q1",
        "revenue": 58221000,
        "costOfRevenue": 31654000,
        "grossProfit": 26567000,
        "grossProfitRatio": 0.4563130142,
        "researchAndDevelopmentExpenses": 0,
        "generalAndAdministrativeExpenses": 8483000,
        "sellingAndMarketingExpenses": 0,
        "sellingGeneralAndAdministrativeExpenses": 8483000,
        "otherExpenses": 0,
        "operatingExpenses": 34540000,
        "costAndExpenses": 66194000,
        "interestIncome": 0,
        "interestExpense": 0,
        "depreciationAndAmortization": 31673000,
        "ebitda": 23700000,
        "ebitdaratio": 0.4070696141,
        "operatingIncome": -8949000,
        "operatingIncomeRatio": -0.1537074252,
        "totalOtherIncomeExpensesNet": -23740000,
        "incomeBeforeTax": -32689000,
        "incomeBeforeTaxRatio": -0.5614640765,
        "incomeTaxExpense": 521000,
        "netIncome": -33755000,
        "netIncomeRatio": -0.5797736212,
        "eps": -0.66,
        "epsdiluted": -0.66,
        "weightedAverageShsOut": 51130000,
        "weightedAverageShsOutDil": 51130000,
        "link": "https://www.sec.gov/Archives/edgar/data/1034054/000091664103001588/0000916641-03-001588-index.htm",
        "finalLink": "https://www.sec.gov/Archives/edgar/data/1034054/000091664103001588/d10q.htm"
    },
    {
        "date": "2002-12-31",
        "symbol": "SBAC",
        "reportedCurrency": "USD",
        "cik": "0001034054",
        "fillingDate": "2003-03-31",
        "acceptedDate": "2003-03-31 14:29:26",
        "calendarYear": "2002",
        "period": "Q4",
        "revenue": 64075000,
        "costOfRevenue": 36706000,
        "grossProfit": 27369000,
        "grossProfitRatio": 0.4271400702,
        "researchAndDevelopmentExpenses": 0,
        "generalAndAdministrativeExpenses": 8249000,
        "sellingAndMarketingExpenses": 0,
        "sellingGeneralAndAdministrativeExpenses": 8249000,
        "otherExpenses": 179888000,
        "operatingExpenses": 33952000,
        "costAndExpenses": 70658000,
        "interestIncome": 0,
        "interestExpense": 0,
        "depreciationAndAmortization": 34340000,
        "ebitda": 29162000,
        "ebitdaratio": 0.4551229028,
        "operatingIncome": -7715000,
        "operatingIncomeRatio": -0.1204057745,
        "totalOtherIncomeExpensesNet": -23868000,
        "incomeBeforeTax": -31587000,
        "incomeBeforeTaxRatio": -0.4929691767,
        "incomeTaxExpense": -1254000,
        "netIncome": -30333000,
        "netIncomeRatio": -0.4733983613,
        "eps": -0.59,
        "epsdiluted": -0.59,
        "weightedAverageShsOut": 51130000,
        "weightedAverageShsOutDil": 51130000,
        "link": "https://www.sec.gov/Archives/edgar/data/1034054/000091664103000889/0000916641-03-000889-index.htm",
        "finalLink": "https://www.sec.gov/Archives/edgar/data/1034054/000091664103000889/d10k.htm"
    },
    {
        "date": "2002-09-30",
        "symbol": "SBAC",
        "reportedCurrency": "USD",
        "cik": "0001034054",
        "fillingDate": "2002-11-14",
        "acceptedDate": "2002-11-14 12:26:58",
        "calendarYear": "2002",
        "period": "Q3",
        "revenue": 67048000,
        "costOfRevenue": 39216000,
        "grossProfit": 27832000,
        "grossProfitRatio": 0.415105596,
        "researchAndDevelopmentExpenses": 0,
        "generalAndAdministrativeExpenses": 8983000,
        "sellingAndMarketingExpenses": 0,
        "sellingGeneralAndAdministrativeExpenses": 8983000,
        "otherExpenses": 0,
        "operatingExpenses": 35361000,
        "costAndExpenses": 74577000,
        "interestIncome": 0,
        "interestExpense": 0,
        "depreciationAndAmortization": 34839000,
        "ebitda": 27310000,
        "ebitdaratio": 0.4073201289,
        "operatingIncome": -8754000,
        "operatingIncomeRatio": -0.1305631786,
        "totalOtherIncomeExpensesNet": -22361000,
        "incomeBeforeTax": -31115000,
        "incomeBeforeTaxRatio": -0.4640705166,
        "incomeTaxExpense": 558000,
        "netIncome": -31673000,
        "netIncomeRatio": -0.4723929125,
        "eps": -0.62,
        "epsdiluted": -0.62,
        "weightedAverageShsOut": 50745000,
        "weightedAverageShsOutDil": 50745000,
        "link": "https://www.sec.gov/Archives/edgar/data/1034054/000091664102001945/0000916641-02-001945-index.htm",
        "finalLink": "https://www.sec.gov/Archives/edgar/data/1034054/000091664102001945/d10q.txt"
    },
    {
        "date": "2002-06-30",
        "symbol": "SBAC",
        "reportedCurrency": "USD",
        "cik": "0001034054",
        "fillingDate": "2002-08-14",
        "acceptedDate": "2002-08-13 21:42:14",
        "calendarYear": "2002",
        "period": "Q2",
        "revenue": 69608000,
        "costOfRevenue": 40273000,
        "grossProfit": 29335000,
        "grossProfitRatio": 0.4214314447,
        "researchAndDevelopmentExpenses": 0,
        "generalAndAdministrativeExpenses": 8998000,
        "sellingAndMarketingExpenses": 0,
        "sellingGeneralAndAdministrativeExpenses": 8998000,
        "otherExpenses": 5004000,
        "operatingExpenses": 33190000,
        "costAndExpenses": 73463000,
        "interestIncome": 0,
        "interestExpense": 0,
        "depreciationAndAmortization": 32479000,
        "ebitda": 15874000,
        "ebitdaratio": 0.2280485002,
        "operatingIncome": -24940000,
        "operatingIncomeRatio": -0.3582921503,
        "totalOtherIncomeExpensesNet": -61357000,
        "incomeBeforeTax": -46836000,
        "incomeBeforeTaxRatio": -0.672853695,
        "incomeTaxExpense": 500000,
        "netIncome": -47336000,
        "netIncomeRatio": -0.6800367774,
        "eps": -0.94,
        "epsdiluted": -0.94,
        "weightedAverageShsOut": 50392000,
        "weightedAverageShsOutDil": 50392000,
        "link": "https://www.sec.gov/Archives/edgar/data/1034054/000095013002005808/0000950130-02-005808-index.htm",
        "finalLink": "https://www.sec.gov/Archives/edgar/data/1034054/000095013002005808/d10q.htm"
    },
    {
        "date": "2002-03-31",
        "symbol": "SBAC",
        "reportedCurrency": "USD",
        "cik": "0001034054",
        "fillingDate": "2002-05-15",
        "acceptedDate": "2002-05-15 14:55:34",
        "calendarYear": "2002",
        "period": "Q1",
        "revenue": 63944000,
        "costOfRevenue": 35920000,
        "grossProfit": 28024000,
        "grossProfitRatio": 0.4382584762,
        "researchAndDevelopmentExpenses": 0,
        "generalAndAdministrativeExpenses": 9374000,
        "sellingAndMarketingExpenses": 0,
        "sellingGeneralAndAdministrativeExpenses": 9374000,
        "otherExpenses": 0,
        "operatingExpenses": 35427000,
        "costAndExpenses": 71347000,
        "interestIncome": 0,
        "interestExpense": 0,
        "depreciationAndAmortization": 34055000,
        "ebitda": 10271000,
        "ebitdaratio": 0.1606249218,
        "operatingIncome": -61520000,
        "operatingIncomeRatio": -0.9620918304,
        "totalOtherIncomeExpensesNet": -21130000,
        "incomeBeforeTax": -82650000,
        "incomeBeforeTaxRatio": -1.2925372201,
        "incomeTaxExpense": 579000,
        "netIncome": -83229000,
        "netIncomeRatio": -1.301592018,
        "eps": -1.7,
        "epsdiluted": -1.7,
        "weightedAverageShsOut": 49010000,
        "weightedAverageShsOutDil": 49010000,
        "link": "https://www.sec.gov/Archives/edgar/data/1034054/000091664102000840/0000916641-02-000840-index.htm",
        "finalLink": "https://www.sec.gov/Archives/edgar/data/1034054/000091664102000840/d10q.txt"
    },
    {
        "date": "2001-12-31",
        "symbol": "SBAC",
        "reportedCurrency": "USD",
        "cik": "0001034054",
        "fillingDate": "2002-03-21",
        "acceptedDate": "2002-03-21 00:00:00",
        "calendarYear": "2001",
        "period": "Q4",
        "revenue": 69150000,
        "costOfRevenue": 41075000,
        "grossProfit": 28075000,
        "grossProfitRatio": 0.4060014461,
        "researchAndDevelopmentExpenses": 0,
        "generalAndAdministrativeExpenses": 9933000,
        "sellingAndMarketingExpenses": 0,
        "sellingGeneralAndAdministrativeExpenses": 9933000,
        "otherExpenses": 104864000,
        "operatingExpenses": 12479000,
        "costAndExpenses": 53554000,
        "interestIncome": 0,
        "interestExpense": 0,
        "depreciationAndAmortization": 5075000,
        "ebitda": -75238000,
        "ebitdaratio": -1.0880404917,
        "operatingIncome": -8803000,
        "operatingIncomeRatio": -0.1273029646,
        "totalOtherIncomeExpensesNet": -20493000,
        "incomeBeforeTax": -29296000,
        "incomeBeforeTaxRatio": -0.4236587129,
        "incomeTaxExpense": 414000,
        "netIncome": -29710000,
        "netIncomeRatio": -0.4296456978,
        "eps": -0.62,
        "epsdiluted": -0.61,
        "weightedAverageShsOut": 47768000,
        "weightedAverageShsOutDil": 49010000,
        "link": "https://www.sec.gov/Archives/edgar/data/1034054/000091664102000492/0000916641-02-000492-index.htm",
        "finalLink": "https://www.sec.gov/Archives/edgar/data/1034054/000091664102000492/d10k.htm"
    },
    {
        "date": "2001-09-30",
        "symbol": "SBAC",
        "reportedCurrency": "USD",
        "cik": "0001034054",
        "fillingDate": "2001-11-13",
        "acceptedDate": "2001-11-13 00:00:00",
        "calendarYear": "2001",
        "period": "Q3",
        "revenue": 63033000,
        "costOfRevenue": 37109000,
        "grossProfit": 25924000,
        "grossProfitRatio": 0.4112766329,
        "researchAndDevelopmentExpenses": 0,
        "generalAndAdministrativeExpenses": 10009000,
        "sellingAndMarketingExpenses": 0,
        "sellingGeneralAndAdministrativeExpenses": 10009000,
        "otherExpenses": 0,
        "operatingExpenses": 54553000,
        "costAndExpenses": 91662000,
        "interestIncome": 0,
        "interestExpense": 0,
        "depreciationAndAmortization": 27759000,
        "ebitda": 23529000,
        "ebitdaratio": 0.3732806625,
        "operatingIncome": -28629000,
        "operatingIncomeRatio": -0.454190662,
        "totalOtherIncomeExpensesNet": -20081000,
        "incomeBeforeTax": -48710000,
        "incomeBeforeTaxRatio": -0.772769819,
        "incomeTaxExpense": 408000,
        "netIncome": -49118000,
        "netIncomeRatio": -0.7792426189,
        "eps": -1.03,
        "epsdiluted": -1.03,
        "weightedAverageShsOut": 47600000,
        "weightedAverageShsOutDil": 47600000,
        "link": "https://www.sec.gov/Archives/edgar/data/1034054/000091664101501536/0000916641-01-501536-index.htm",
        "finalLink": "https://www.sec.gov/Archives/edgar/data/1034054/000091664101501536/d10q.txt"
    },
    {
        "date": "2001-06-30",
        "symbol": "SBAC",
        "reportedCurrency": "USD",
        "cik": "0001034054",
        "fillingDate": "2001-08-14",
        "acceptedDate": "2001-08-14 00:00:00",
        "calendarYear": "2001",
        "period": "Q2",
        "revenue": 57755000,
        "costOfRevenue": 34324000,
        "grossProfit": 23431000,
        "grossProfitRatio": 0.4056964765,
        "researchAndDevelopmentExpenses": 0,
        "generalAndAdministrativeExpenses": 10759000,
        "sellingAndMarketingExpenses": 0,
        "sellingGeneralAndAdministrativeExpenses": 10759000,
        "otherExpenses": 0,
        "operatingExpenses": 29127000,
        "costAndExpenses": 63451000,
        "interestIncome": 0,
        "interestExpense": 0,
        "depreciationAndAmortization": 25656000,
        "ebitda": 19960000,
        "ebitdaratio": 0.3455977837,
        "operatingIncome": -5696000,
        "operatingIncomeRatio": -0.0986234958,
        "totalOtherIncomeExpensesNet": -17147000,
        "incomeBeforeTax": -22843000,
        "incomeBeforeTaxRatio": -0.3955155398,
        "incomeTaxExpense": 478000,
        "netIncome": -23321000,
        "netIncomeRatio": -0.4037918795,
        "eps": -0.5,
        "epsdiluted": -0.5,
        "weightedAverageShsOut": 47105000,
        "weightedAverageShsOutDil": 47105000,
        "link": "https://www.sec.gov/Archives/edgar/data/1034054/000091664101500979/0000916641-01-500979-index.htm",
        "finalLink": "https://www.sec.gov/Archives/edgar/data/1034054/000091664101500979/d10q.txt"
    },
    {
        "date": "2001-03-31",
        "symbol": "SBAC",
        "reportedCurrency": "USD",
        "cik": "0001034054",
        "fillingDate": "2001-05-15",
        "acceptedDate": "2001-05-15 00:00:00",
        "calendarYear": "2001",
        "period": "Q1",
        "revenue": 52956000,
        "costOfRevenue": 32146000,
        "grossProfit": 20810000,
        "grossProfitRatio": 0.3929677468,
        "researchAndDevelopmentExpenses": 0,
        "generalAndAdministrativeExpenses": 10641000,
        "sellingAndMarketingExpenses": 0,
        "sellingGeneralAndAdministrativeExpenses": 10641000,
        "otherExpenses": 0,
        "operatingExpenses": 25648000,
        "costAndExpenses": 57794000,
        "interestIncome": 0,
        "interestExpense": 0,
        "depreciationAndAmortization": 21975000,
        "ebitda": 17137000,
        "ebitdaratio": 0.3236082786,
        "operatingIncome": -4838000,
        "operatingIncomeRatio": -0.091358864,
        "totalOtherIncomeExpensesNet": -12735000,
        "incomeBeforeTax": -17573000,
        "incomeBeforeTaxRatio": -0.3318415288,
        "incomeTaxExpense": 354000,
        "netIncome": -22996000,
        "netIncomeRatio": -0.4342472996,
        "eps": -0.49,
        "epsdiluted": -0.49,
        "weightedAverageShsOut": 46801000,
        "weightedAverageShsOutDil": 46801000,
        "link": "https://www.sec.gov/Archives/edgar/data/1034054/000091664101500394/0000916641-01-500394-index.htm",
        "finalLink": "https://www.sec.gov/Archives/edgar/data/1034054/000091664101500394/d10q.txt"
    },
    {
        "date": "2000-12-31",
        "symbol": "SBAC",
        "reportedCurrency": "USD",
        "cik": "0001034054",
        "fillingDate": "2001-04-02",
        "acceptedDate": "2001-04-02 00:00:00",
        "calendarYear": "2000",
        "period": "Q4",
        "revenue": 53578755,
        "costOfRevenue": 61022379,
        "grossProfit": -7443624,
        "grossProfitRatio": -0.1389286481,
        "researchAndDevelopmentExpenses": 0,
        "generalAndAdministrativeExpenses": 8305637,
        "sellingAndMarketingExpenses": 0,
        "sellingGeneralAndAdministrativeExpenses": 8305637,
        "otherExpenses": 0,
        "operatingExpenses": -357890,
        "costAndExpenses": 60664489,
        "interestIncome": 0,
        "interestExpense": 0,
        "depreciationAndAmortization": -8663527,
        "ebitda": -15749261,
        "ebitdaratio": -0.2939460053,
        "operatingIncome": -7085734,
        "operatingIncomeRatio": -0.1322489483,
        "totalOtherIncomeExpensesNet": 2027950,
        "incomeBeforeTax": -5057784,
        "incomeBeforeTaxRatio": -0.094399058,
        "incomeTaxExpense": 321149,
        "netIncome": -5378933,
        "netIncomeRatio": -0.1003930196,
        "eps": -0.12,
        "epsdiluted": -0.11,
        "weightedAverageShsOut": 46594334,
        "weightedAverageShsOutDil": 46801000,
        "link": "https://www.sec.gov/Archives/edgar/data/1034054/000095010901500417/0000950109-01-500417-index.htm",
        "finalLink": "https://www.sec.gov/Archives/edgar/data/1034054/000095010901500417/d10k.txt"
    },
    {
        "date": "2000-09-30",
        "symbol": "SBAC",
        "reportedCurrency": "USD",
        "cik": "0001034054",
        "fillingDate": "2000-11-14",
        "acceptedDate": "2000-11-14 00:00:00",
        "calendarYear": "2000",
        "period": "Q3",
        "revenue": 45395003,
        "costOfRevenue": 28834848,
        "grossProfit": 16560155,
        "grossProfitRatio": 0.3648012756,
        "researchAndDevelopmentExpenses": 0,
        "generalAndAdministrativeExpenses": 7036945,
        "sellingAndMarketingExpenses": 0,
        "sellingGeneralAndAdministrativeExpenses": 7036945,
        "otherExpenses": 0,
        "operatingExpenses": 23107590,
        "costAndExpenses": 51942438,
        "interestIncome": 0,
        "interestExpense": 0,
        "depreciationAndAmortization": 16163376,
        "ebitda": 9615941,
        "ebitdaratio": 0.2118281829,
        "operatingIncome": -6547435,
        "operatingIncomeRatio": -0.1442325051,
        "totalOtherIncomeExpensesNet": 977186,
        "incomeBeforeTax": -5570249,
        "incomeBeforeTaxRatio": -0.122706215,
        "incomeTaxExpense": 335079,
        "netIncome": -5905328,
        "netIncomeRatio": -0.1300876222,
        "eps": -0.14,
        "epsdiluted": -0.14,
        "weightedAverageShsOut": 43370255,
        "weightedAverageShsOutDil": 43370255,
        "link": "https://www.sec.gov/Archives/edgar/data/1034054/000091664100001702/0000916641-00-001702-index.htm",
        "finalLink": "https://www.sec.gov/Archives/edgar/data/1034054/000091664100001702/0000916641-00-001702-0001.txt"
    },
    {
        "date": "2000-06-30",
        "symbol": "SBAC",
        "reportedCurrency": "USD",
        "cik": "0001034054",
        "fillingDate": "2000-08-14",
        "acceptedDate": "2000-08-14 00:00:00",
        "calendarYear": "2000",
        "period": "Q2",
        "revenue": 38502886,
        "costOfRevenue": 18755998,
        "grossProfit": 19746888,
        "grossProfitRatio": 0.5128677367,
        "researchAndDevelopmentExpenses": 0,
        "generalAndAdministrativeExpenses": 6338187,
        "sellingAndMarketingExpenses": 0,
        "sellingGeneralAndAdministrativeExpenses": 6338187,
        "otherExpenses": 0,
        "operatingExpenses": 20622532,
        "costAndExpenses": 39378530,
        "interestIncome": 0,
        "interestExpense": 0,
        "depreciationAndAmortization": 14284345,
        "ebitda": 13408701,
        "ebitdaratio": 0.3482518427,
        "operatingIncome": -875644,
        "operatingIncomeRatio": -0.0227422952,
        "totalOtherIncomeExpensesNet": -6679432,
        "incomeBeforeTax": -7555076,
        "incomeBeforeTaxRatio": -0.1962210313,
        "incomeTaxExpense": 352551,
        "netIncome": -7907627,
        "netIncomeRatio": -0.2053775138,
        "eps": -0.2,
        "epsdiluted": -0.2,
        "weightedAverageShsOut": 39234008,
        "weightedAverageShsOutDil": 39234008,
        "link": "https://www.sec.gov/Archives/edgar/data/1034054/000091664100001165/0000916641-00-001165-index.htm",
        "finalLink": "https://www.sec.gov/Archives/edgar/data/1034054/000091664100001165/0000916641-00-001165-0001.txt"
    },
    {
        "date": "2000-03-31",
        "symbol": "SBAC",
        "reportedCurrency": "USD",
        "cik": "0001034054",
        "fillingDate": "2000-05-15",
        "acceptedDate": "2000-05-15 00:00:00",
        "calendarYear": "2000",
        "period": "Q1",
        "revenue": 30429025,
        "costOfRevenue": 13360952,
        "grossProfit": 17068073,
        "grossProfitRatio": 0.5609142258,
        "researchAndDevelopmentExpenses": 0,
        "generalAndAdministrativeExpenses": 5974932,
        "sellingAndMarketingExpenses": 0,
        "sellingGeneralAndAdministrativeExpenses": 5974932,
        "otherExpenses": 0,
        "operatingExpenses": 19022132,
        "costAndExpenses": 32383084,
        "interestIncome": 0,
        "interestExpense": 0,
        "depreciationAndAmortization": 13047200,
        "ebitda": 11093141,
        "ebitdaratio": 0.3645578851,
        "operatingIncome": -1954059,
        "operatingIncomeRatio": -0.0642169442,
        "totalOtherIncomeExpensesNet": -7544872,
        "incomeBeforeTax": -9498931,
        "incomeBeforeTaxRatio": -0.3121667881,
        "incomeTaxExpense": 224486,
        "netIncome": -9723417,
        "netIncomeRatio": -0.3195441523,
        "eps": -0.27,
        "epsdiluted": -0.27,
        "weightedAverageShsOut": 35382348,
        "weightedAverageShsOutDil": 35382348,
        "link": "https://www.sec.gov/Archives/edgar/data/1034054/000091664100000699/0000916641-00-000699-index.html",
        "finalLink": "https://www.sec.gov/Archives/edgar/data/1034054/000091664100000699/"
    },
    {
        "date": "1999-12-31",
        "symbol": "SBAC",
        "reportedCurrency": "USD",
        "cik": "0001034054",
        "fillingDate": "2000-03-30",
        "acceptedDate": "2000-03-30 00:00:00",
        "calendarYear": "1999",
        "period": "Q4",
        "revenue": 29300000,
        "costOfRevenue": 19700000,
        "grossProfit": 9600000,
        "grossProfitRatio": 0.3276450512,
        "researchAndDevelopmentExpenses": 0,
        "generalAndAdministrativeExpenses": 5600000,
        "sellingAndMarketingExpenses": 0,
        "sellingGeneralAndAdministrativeExpenses": 5600000,
        "otherExpenses": 0,
        "operatingExpenses": 33200000,
        "costAndExpenses": 52900000,
        "interestIncome": 0,
        "interestExpense": 0,
        "depreciationAndAmortization": 27600000,
        "ebitda": 4000000,
        "ebitdaratio": 0.1365187713,
        "operatingIncome": -23600000,
        "operatingIncomeRatio": -0.8054607509,
        "totalOtherIncomeExpensesNet": 14200000,
        "incomeBeforeTax": -9400000,
        "incomeBeforeTaxRatio": -0.3208191126,
        "incomeTaxExpense": 100000,
        "netIncome": -9500000,
        "netIncomeRatio": -0.3242320819,
        "eps": -0.27,
        "epsdiluted": -0.27,
        "weightedAverageShsOut": 35382348,
        "weightedAverageShsOutDil": 35382348,
        "link": "https://www.sec.gov/Archives/edgar/data/1034054/000091664100000391/0000916641-00-000391-index.html",
        "finalLink": "https://www.sec.gov/Archives/edgar/data/1034054/000091664100000391/"
    },
    {
        "date": "1999-09-30",
        "symbol": "SBAC",
        "reportedCurrency": "USD",
        "cik": "0001034054",
        "fillingDate": "1999-11-15",
        "acceptedDate": "1999-11-15 00:00:00",
        "calendarYear": "1999",
        "period": "Q3",
        "revenue": 24600000,
        "costOfRevenue": 16900000,
        "grossProfit": 7700000,
        "grossProfitRatio": 0.3130081301,
        "researchAndDevelopmentExpenses": 0,
        "generalAndAdministrativeExpenses": 4800000,
        "sellingAndMarketingExpenses": 0,
        "sellingGeneralAndAdministrativeExpenses": 4800000,
        "otherExpenses": 0,
        "operatingExpenses": 9100000,
        "costAndExpenses": 26000000,
        "interestIncome": 0,
        "interestExpense": 0,
        "depreciationAndAmortization": 4300000,
        "ebitda": 2900000,
        "ebitdaratio": 0.1178861789,
        "operatingIncome": -1400000,
        "operatingIncomeRatio": -0.0569105691,
        "totalOtherIncomeExpensesNet": -6400000,
        "incomeBeforeTax": -7800000,
        "incomeBeforeTaxRatio": -0.3170731707,
        "incomeTaxExpense": 200000,
        "netIncome": -8000000,
        "netIncomeRatio": -0.325203252,
        "eps": -0.28,
        "epsdiluted": -0.28,
        "weightedAverageShsOut": 28571429,
        "weightedAverageShsOutDil": 28571429,
        "link": "https://www.sec.gov/Archives/edgar/data/1034054/000095010999004114/0000950109-99-004114-index.html",
        "finalLink": "https://www.sec.gov/Archives/edgar/data/1034054/000095010999004114/"
    },
    {
        "date": "1999-06-30",
        "symbol": "SBAC",
        "reportedCurrency": "USD",
        "cik": "0001034054",
        "fillingDate": "1999-08-16",
        "acceptedDate": "1999-08-16 00:00:00",
        "calendarYear": "1999",
        "period": "Q2",
        "revenue": 19400000,
        "costOfRevenue": 12800000,
        "grossProfit": 6600000,
        "grossProfitRatio": 0.3402061856,
        "researchAndDevelopmentExpenses": 0,
        "generalAndAdministrativeExpenses": 4900000,
        "sellingAndMarketingExpenses": 0,
        "sellingGeneralAndAdministrativeExpenses": 4900000,
        "otherExpenses": 0,
        "operatingExpenses": 8400000,
        "costAndExpenses": 21200000,
        "interestIncome": 0,
        "interestExpense": 0,
        "depreciationAndAmortization": -1600000,
        "ebitda": 1700000,
        "ebitdaratio": 0.087628866,
        "operatingIncome": -1800000,
        "operatingIncomeRatio": -0.0927835052,
        "totalOtherIncomeExpensesNet": -7100000,
        "incomeBeforeTax": -8900000,
        "incomeBeforeTaxRatio": -0.4587628866,
        "incomeTaxExpense": -200000,
        "netIncome": -8700000,
        "netIncomeRatio": -0.4484536082,
        "eps": -0.55,
        "epsdiluted": -0.55,
        "weightedAverageShsOut": 15781250,
        "weightedAverageShsOutDil": 15781250,
        "link": "https://www.sec.gov/Archives/edgar/data/1034054/000102140899001422/0001021408-99-001422-index.html",
        "finalLink": "https://www.sec.gov/Archives/edgar/data/1034054/000102140899001422/"
    },
    {
        "date": "1999-03-31",
        "symbol": "SBAC",
        "reportedCurrency": "USD",
        "cik": "0001034054",
        "fillingDate": "1999-05-07",
        "acceptedDate": "1999-05-07 00:00:00",
        "calendarYear": "1999",
        "period": "Q1",
        "revenue": 13700000,
        "costOfRevenue": 9000000,
        "grossProfit": 4700000,
        "grossProfitRatio": 0.3430656934,
        "researchAndDevelopmentExpenses": 0,
        "generalAndAdministrativeExpenses": 4100000,
        "sellingAndMarketingExpenses": 0,
        "sellingGeneralAndAdministrativeExpenses": 4100000,
        "otherExpenses": 0,
        "operatingExpenses": 12400000,
        "costAndExpenses": 21400000,
        "interestIncome": 0,
        "interestExpense": 0,
        "depreciationAndAmortization": 8300000,
        "ebitda": 600000,
        "ebitdaratio": 0.0437956204,
        "operatingIncome": -7700000,
        "operatingIncomeRatio": -0.5620437956,
        "totalOtherIncomeExpensesNet": -300000,
        "incomeBeforeTax": -8000000,
        "incomeBeforeTaxRatio": -0.5839416058,
        "incomeTaxExpense": -800000,
        "netIncome": -8300000,
        "netIncomeRatio": -0.6058394161,
        "eps": -0.97,
        "epsdiluted": -0.97,
        "weightedAverageShsOut": 8526052,
        "weightedAverageShsOutDil": 8526052,
        "link": "https://www.sec.gov/Archives/edgar/data/1034054/000094018099000506/0000940180-99-000506-index.html",
        "finalLink": "https://www.sec.gov/Archives/edgar/data/1034054/"
    },
    {
        "date": "1998-12-31",
        "symbol": "SBAC",
        "reportedCurrency": "USD",
        "cik": "0001034054",
        "fillingDate": "1999-03-31",
        "acceptedDate": "1999-03-31 00:00:00",
        "calendarYear": "1998",
        "period": "Q4",
        "revenue": 17300000,
        "costOfRevenue": 12700000,
        "grossProfit": 4600000,
        "grossProfitRatio": 0.2658959538,
        "researchAndDevelopmentExpenses": 0,
        "generalAndAdministrativeExpenses": 5200000,
        "sellingAndMarketingExpenses": 3000000,
        "sellingGeneralAndAdministrativeExpenses": 8200000,
        "otherExpenses": 0,
        "operatingExpenses": 8200000,
        "costAndExpenses": 20900000,
        "interestIncome": 0,
        "interestExpense": -5200000,
        "depreciationAndAmortization": 3000000,
        "ebitda": -10900000,
        "ebitdaratio": -0.6300578035,
        "operatingIncome": -3600000,
        "operatingIncomeRatio": -0.2080924855,
        "totalOtherIncomeExpensesNet": -5200000,
        "incomeBeforeTax": -8800000,
        "incomeBeforeTaxRatio": -0.5086705202,
        "incomeTaxExpense": -1500000,
        "netIncome": -7200000,
        "netIncomeRatio": -0.4161849711,
        "eps": -0.86,
        "epsdiluted": -0.86,
        "weightedAverageShsOut": 8400000,
        "weightedAverageShsOutDil": 8400000,
        "link": "https://www.sec.gov/Archives/edgar/data/1034054/000095010999001231/0000950109-99-001231-index.html",
        "finalLink": "https://www.sec.gov/Archives/edgar/data/1034054/"
    },
    {
        "date": "1998-09-30",
        "symbol": "SBAC",
        "reportedCurrency": "USD",
        "cik": "0001034054",
        "fillingDate": "1998-11-16",
        "acceptedDate": "1998-11-16 00:00:00",
        "calendarYear": "1998",
        "period": "Q3",
        "revenue": 13300000,
        "costOfRevenue": 10000000,
        "grossProfit": 3300000,
        "grossProfitRatio": 0.2481203008,
        "researchAndDevelopmentExpenses": 0,
        "generalAndAdministrativeExpenses": 4300000,
        "sellingAndMarketingExpenses": 1300000,
        "sellingGeneralAndAdministrativeExpenses": 5600000,
        "otherExpenses": 0,
        "operatingExpenses": 5600000,
        "costAndExpenses": 15600000,
        "interestIncome": 0,
        "interestExpense": -3400000,
        "depreciationAndAmortization": 1300000,
        "ebitda": -7800000,
        "ebitdaratio": -0.5864661654,
        "operatingIncome": -2300000,
        "operatingIncomeRatio": -0.1729323308,
        "totalOtherIncomeExpensesNet": -3400000,
        "incomeBeforeTax": -5700000,
        "incomeBeforeTaxRatio": -0.4285714286,
        "incomeTaxExpense": -600000,
        "netIncome": -5100000,
        "netIncomeRatio": -0.3834586466,
        "eps": -0.57,
        "epsdiluted": -0.57,
        "weightedAverageShsOut": 8900000,
        "weightedAverageShsOutDil": 8900000,
        "link": "https://www.sec.gov/Archives/edgar/data/1034054/000102140898000908/0001021408-98-000908-index.html",
        "finalLink": "https://www.sec.gov/Archives/edgar/data/1034054/"
    }
]