[
    {
        "date": "2025-06-30",
        "symbol": "SDS",
        "reportedCurrency": "USD",
        "cik": "0001174610",
        "fillingDate": "2025-08-12",
        "acceptedDate": "2025-08-12 16:55:39",
        "calendarYear": "2025",
        "period": "Q2",
        "revenue": 66806,
        "costOfRevenue": 5358,
        "grossProfit": 61448,
        "grossProfitRatio": 0.919797623,
        "researchAndDevelopmentExpenses": 0,
        "generalAndAdministrativeExpenses": 1644283,
        "sellingAndMarketingExpenses": 602,
        "sellingGeneralAndAdministrativeExpenses": 1644885,
        "otherExpenses": 0,
        "operatingExpenses": 1644885,
        "costAndExpenses": 1650243,
        "interestIncome": 7037,
        "interestExpense": 0,
        "depreciationAndAmortization": 54861,
        "ebitda": -1311823,
        "ebitdaratio": -19.6363051223,
        "operatingIncome": -1583437,
        "operatingIncomeRatio": -23.7020177828,
        "totalOtherIncomeExpensesNet": 216753,
        "incomeBeforeTax": -1366684,
        "incomeBeforeTaxRatio": -20.457503817,
        "incomeTaxExpense": 0,
        "netIncome": -1366684,
        "netIncomeRatio": -20.457503817,
        "eps": -0.39,
        "epsdiluted": -0.39,
        "weightedAverageShsOut": 3518625,
        "weightedAverageShsOutDil": 3518625,
        "link": "https://www.sec.gov/Archives/edgar/data/1898474/000121390025075040/0001213900-25-075040-index.htm",
        "finalLink": "https://www.sec.gov/Archives/edgar/data/1898474/000121390025075040/ea0252555-10q_signing.htm"
    },
    {
        "date": "2025-03-31",
        "symbol": "SDS",
        "reportedCurrency": "USD",
        "cik": "0001174610",
        "fillingDate": "2025-05-15",
        "acceptedDate": "2025-05-15 16:16:12",
        "calendarYear": "2025",
        "period": "Q1",
        "revenue": 148358,
        "costOfRevenue": 14301,
        "grossProfit": 134057,
        "grossProfitRatio": 0.9036047938,
        "researchAndDevelopmentExpenses": 0,
        "generalAndAdministrativeExpenses": 969869,
        "sellingAndMarketingExpenses": 536,
        "sellingGeneralAndAdministrativeExpenses": 970405,
        "otherExpenses": 0,
        "operatingExpenses": 970405,
        "costAndExpenses": 984706,
        "interestIncome": 3584,
        "interestExpense": 20994,
        "depreciationAndAmortization": 54863,
        "ebitda": -836348,
        "ebitdaratio": -5.6373636744,
        "operatingIncome": -836348,
        "operatingIncomeRatio": -5.6373636744,
        "totalOtherIncomeExpensesNet": -6646,
        "incomeBeforeTax": -842994,
        "incomeBeforeTaxRatio": -5.6821607193,
        "incomeTaxExpense": 0,
        "netIncome": -842994,
        "netIncomeRatio": -5.6821607193,
        "eps": -0.45,
        "epsdiluted": -0.44,
        "weightedAverageShsOut": 1893127,
        "weightedAverageShsOutDil": 1923308,
        "link": "https://www.sec.gov/Archives/edgar/data/1898474/000121390025044223/0001213900-25-044223-index.htm",
        "finalLink": "https://www.sec.gov/Archives/edgar/data/1898474/000121390025044223/ea0241509-10q_signingday.htm"
    },
    {
        "date": "2024-12-31",
        "symbol": "SDS",
        "reportedCurrency": "USD",
        "cik": "0001174610",
        "fillingDate": "2024-12-31",
        "acceptedDate": "2024-12-31 00:00:00",
        "calendarYear": "2024",
        "period": "Q4",
        "revenue": 120599,
        "costOfRevenue": 39348,
        "grossProfit": 81251,
        "grossProfitRatio": 0.6737286379,
        "researchAndDevelopmentExpenses": 0,
        "generalAndAdministrativeExpenses": 3039070,
        "sellingAndMarketingExpenses": 2524,
        "sellingGeneralAndAdministrativeExpenses": 3041594,
        "otherExpenses": 0,
        "operatingExpenses": 3041594,
        "costAndExpenses": 3080942,
        "interestIncome": 0,
        "interestExpense": 587582,
        "depreciationAndAmortization": 61873,
        "ebitda": -2663716,
        "ebitdaratio": -22.0873804924,
        "operatingIncome": -2960343,
        "operatingIncomeRatio": -24.5469945854,
        "totalOtherIncomeExpensesNet": -352828,
        "incomeBeforeTax": -3313171,
        "incomeBeforeTaxRatio": -27.4726241511,
        "incomeTaxExpense": 0,
        "netIncome": -3313171,
        "netIncomeRatio": -27.4726241511,
        "eps": 0,
        "epsdiluted": 0,
        "weightedAverageShsOut": 0,
        "weightedAverageShsOutDil": 0,
        "link": null,
        "finalLink": null
    },
    {
        "date": "2024-09-30",
        "symbol": "SDS",
        "reportedCurrency": "USD",
        "cik": "0001174610",
        "fillingDate": "2024-11-14",
        "acceptedDate": "2024-11-14 16:45:04",
        "calendarYear": "2024",
        "period": "Q3",
        "revenue": 55363,
        "costOfRevenue": 30259,
        "grossProfit": 25104,
        "grossProfitRatio": 0.4534436356,
        "researchAndDevelopmentExpenses": 0,
        "generalAndAdministrativeExpenses": 1463768,
        "sellingAndMarketingExpenses": -1319,
        "sellingGeneralAndAdministrativeExpenses": 1462449,
        "otherExpenses": 0,
        "operatingExpenses": 1462449,
        "costAndExpenses": 1492708,
        "interestIncome": -43955,
        "interestExpense": 120753,
        "depreciationAndAmortization": 121014,
        "ebitda": -1360286,
        "ebitdaratio": -24.5703086899,
        "operatingIncome": -1437345,
        "operatingIncomeRatio": -25.9621949678,
        "totalOtherIncomeExpensesNet": -164708,
        "incomeBeforeTax": -1602053,
        "incomeBeforeTaxRatio": -28.9372505103,
        "incomeTaxExpense": 0,
        "netIncome": -1602053,
        "netIncomeRatio": -28.9372505103,
        "eps": -4.32,
        "epsdiluted": -4.32,
        "weightedAverageShsOut": 365791,
        "weightedAverageShsOutDil": 381822,
        "link": "https://www.sec.gov/Archives/edgar/data/1898474/000121390024098515/0001213900-24-098515-index.htm",
        "finalLink": "https://www.sec.gov/Archives/edgar/data/1898474/000121390024098515/ea0221008-10q_signing.htm"
    },
    {
        "date": "2024-06-30",
        "symbol": "SDS",
        "reportedCurrency": "USD",
        "cik": "0001174610",
        "fillingDate": "2024-08-19",
        "acceptedDate": "2024-08-19 16:57:17",
        "calendarYear": "2024",
        "period": "Q2",
        "revenue": 204962,
        "costOfRevenue": 62160,
        "grossProfit": 142802,
        "grossProfitRatio": 0.6967242708,
        "researchAndDevelopmentExpenses": 0,
        "generalAndAdministrativeExpenses": 1267952,
        "sellingAndMarketingExpenses": 884,
        "sellingGeneralAndAdministrativeExpenses": 1268836,
        "otherExpenses": 0,
        "operatingExpenses": 1252265,
        "costAndExpenses": 1330996,
        "interestIncome": 27832,
        "interestExpense": 41156,
        "depreciationAndAmortization": -7339,
        "ebitda": -1271686,
        "ebitdaratio": -6.2044964432,
        "operatingIncome": -1126034,
        "operatingIncomeRatio": -5.4938671559,
        "totalOtherIncomeExpensesNet": -186808,
        "incomeBeforeTax": -1312842,
        "incomeBeforeTaxRatio": -6.40529464,
        "incomeTaxExpense": 0,
        "netIncome": -1312842,
        "netIncomeRatio": -6.40529464,
        "eps": -0.0884,
        "epsdiluted": -0.0838,
        "weightedAverageShsOut": 14842944,
        "weightedAverageShsOutDil": 15660964,
        "link": "https://www.sec.gov/Archives/edgar/data/1898474/000121390024070757/0001213900-24-070757-index.htm",
        "finalLink": "https://www.sec.gov/Archives/edgar/data/1898474/000121390024070757/ea0211660-10q_signing.htm"
    },
    {
        "date": "2024-03-31",
        "symbol": "SDS",
        "reportedCurrency": "USD",
        "cik": "0001174610",
        "fillingDate": "2024-05-15",
        "acceptedDate": "2024-05-15 16:24:45",
        "calendarYear": "2024",
        "period": "Q1",
        "revenue": 234627,
        "costOfRevenue": 69034,
        "grossProfit": 165593,
        "grossProfitRatio": 0.705771288,
        "researchAndDevelopmentExpenses": 0,
        "generalAndAdministrativeExpenses": 2042969,
        "sellingAndMarketingExpenses": 92725,
        "sellingGeneralAndAdministrativeExpenses": 2135694,
        "otherExpenses": 0,
        "operatingExpenses": 2135694,
        "costAndExpenses": 2204728,
        "interestIncome": 0,
        "interestExpense": 38073,
        "depreciationAndAmortization": 56851,
        "ebitda": -2402962,
        "ebitdaratio": -10.2416260703,
        "operatingIncome": -1970101,
        "operatingIncomeRatio": -8.396736096,
        "totalOtherIncomeExpensesNet": -527785,
        "incomeBeforeTax": -2497886,
        "incomeBeforeTaxRatio": -10.6462001389,
        "incomeTaxExpense": 0,
        "netIncome": -2497886,
        "netIncomeRatio": -10.6462001389,
        "eps": -0.16,
        "epsdiluted": -0.16,
        "weightedAverageShsOut": 15383528,
        "weightedAverageShsOutDil": 15383528,
        "link": "https://www.sec.gov/Archives/edgar/data/1898474/000121390024043648/0001213900-24-043648-index.htm",
        "finalLink": "https://www.sec.gov/Archives/edgar/data/1898474/000121390024043648/ea0205843-10q_signing.htm"
    },
    {
        "date": "2023-12-31",
        "symbol": "SDS",
        "reportedCurrency": "USD",
        "cik": "0001174610",
        "fillingDate": "2024-03-29",
        "acceptedDate": "2024-03-29 16:53:23",
        "calendarYear": "2023",
        "period": "Q4",
        "revenue": 81536,
        "costOfRevenue": 4114,
        "grossProfit": 77422,
        "grossProfitRatio": 0.9495437598,
        "researchAndDevelopmentExpenses": 0,
        "generalAndAdministrativeExpenses": 2737646,
        "sellingAndMarketingExpenses": 127405,
        "sellingGeneralAndAdministrativeExpenses": 2865051,
        "otherExpenses": 0,
        "operatingExpenses": 2865051,
        "costAndExpenses": 2869165,
        "interestIncome": 0,
        "interestExpense": 91854,
        "depreciationAndAmortization": 187545,
        "ebitda": -2522920,
        "ebitdaratio": -30.9424058085,
        "operatingIncome": -2787629,
        "operatingIncomeRatio": -34.188934949,
        "totalOtherIncomeExpensesNet": -14690,
        "incomeBeforeTax": -2802319,
        "incomeBeforeTaxRatio": -34.3691007653,
        "incomeTaxExpense": 0,
        "netIncome": -2802319,
        "netIncomeRatio": -34.3691007653,
        "eps": -0.21,
        "epsdiluted": -0.21,
        "weightedAverageShsOut": 13248552,
        "weightedAverageShsOutDil": 13248552,
        "link": "https://www.sec.gov/Archives/edgar/data/1898474/000121390024028032/0001213900-24-028032-index.htm",
        "finalLink": "https://www.sec.gov/Archives/edgar/data/1898474/000121390024028032/ea0202749-10k_signing.htm"
    },
    {
        "date": "2023-09-30",
        "symbol": "SDS",
        "reportedCurrency": "USD",
        "cik": "0001174610",
        "fillingDate": "2023-12-29",
        "acceptedDate": "2023-12-29 16:16:03",
        "calendarYear": "2023",
        "period": "Q3",
        "revenue": 55212,
        "costOfRevenue": 10238,
        "grossProfit": 44974,
        "grossProfitRatio": 0.8145692965,
        "researchAndDevelopmentExpenses": 0,
        "generalAndAdministrativeExpenses": 567522,
        "sellingAndMarketingExpenses": 75565,
        "sellingGeneralAndAdministrativeExpenses": 643087,
        "otherExpenses": 0,
        "operatingExpenses": 643087,
        "costAndExpenses": 653325,
        "interestIncome": 0,
        "interestExpense": 309271,
        "depreciationAndAmortization": -24429,
        "ebitda": -610354,
        "ebitdaratio": -11.054734478,
        "operatingIncome": -598113,
        "operatingIncomeRatio": -10.8330254293,
        "totalOtherIncomeExpensesNet": -321512,
        "incomeBeforeTax": -919625,
        "incomeBeforeTaxRatio": -16.656252264,
        "incomeTaxExpense": 0,
        "netIncome": -919625,
        "netIncomeRatio": -16.656252264,
        "eps": -0.1,
        "epsdiluted": -0.1,
        "weightedAverageShsOut": 8937652,
        "weightedAverageShsOutDil": 8937652,
        "link": "https://www.sec.gov/Archives/edgar/data/1898474/000121390023099909/0001213900-23-099909-index.htm",
        "finalLink": "https://www.sec.gov/Archives/edgar/data/1898474/000121390023099909/f10q0923a1_signingday.htm"
    },
    {
        "date": "2023-06-30",
        "symbol": "SDS",
        "reportedCurrency": "USD",
        "cik": "0001174610",
        "fillingDate": "2023-06-30",
        "acceptedDate": "2023-06-29 20:00:00",
        "calendarYear": "2023",
        "period": "Q2",
        "revenue": 116810,
        "costOfRevenue": 9686,
        "grossProfit": 107124,
        "grossProfitRatio": 0.9170790172,
        "researchAndDevelopmentExpenses": 0,
        "generalAndAdministrativeExpenses": 586716,
        "sellingAndMarketingExpenses": 107194,
        "sellingGeneralAndAdministrativeExpenses": 693910,
        "otherExpenses": 0,
        "operatingExpenses": 693910,
        "costAndExpenses": 703596,
        "interestIncome": 0,
        "interestExpense": 255141,
        "depreciationAndAmortization": 23918,
        "ebitda": -611864,
        "ebitdaratio": -5.2381131752,
        "operatingIncome": -586786,
        "operatingIncomeRatio": -5.0234226522,
        "totalOtherIncomeExpensesNet": -146781,
        "incomeBeforeTax": -812245,
        "incomeBeforeTaxRatio": -6.9535570585,
        "incomeTaxExpense": 284823,
        "netIncome": -812245,
        "netIncomeRatio": -6.9535570585,
        "eps": -0.0879,
        "epsdiluted": -0.0879,
        "weightedAverageShsOut": 9237652,
        "weightedAverageShsOutDil": 9237652,
        "link": null,
        "finalLink": null
    },
    {
        "date": "2023-03-31",
        "symbol": "SDS",
        "reportedCurrency": "USD",
        "cik": "0001174610",
        "fillingDate": "2023-03-31",
        "acceptedDate": "2023-03-31 00:00:00",
        "calendarYear": "2023",
        "period": "Q1",
        "revenue": 43567,
        "costOfRevenue": 71439,
        "grossProfit": -27872,
        "grossProfitRatio": -0.6397502697,
        "researchAndDevelopmentExpenses": 0,
        "generalAndAdministrativeExpenses": 676685,
        "sellingAndMarketingExpenses": 58241,
        "sellingGeneralAndAdministrativeExpenses": 734926,
        "otherExpenses": 0,
        "operatingExpenses": 734926,
        "costAndExpenses": 806365,
        "interestIncome": 1100,
        "interestExpense": 202651,
        "depreciationAndAmortization": 2353,
        "ebitda": -660247,
        "ebitdaratio": -15.1547501549,
        "operatingIncome": -762798,
        "operatingIncomeRatio": -17.5086189088,
        "totalOtherIncomeExpensesNet": -102453,
        "incomeBeforeTax": -935767,
        "incomeBeforeTaxRatio": -21.4788027636,
        "incomeTaxExpense": 231233,
        "netIncome": -935767,
        "netIncomeRatio": -21.4788027636,
        "eps": -0.0825,
        "epsdiluted": -0.0825,
        "weightedAverageShsOut": 11341152,
        "weightedAverageShsOutDil": 11341152,
        "link": null,
        "finalLink": null
    },
    {
        "date": "2022-12-31",
        "symbol": "SDS",
        "reportedCurrency": "USD",
        "cik": "0001174610",
        "fillingDate": "2022-12-31",
        "acceptedDate": "2022-12-30 19:00:00",
        "calendarYear": "2022",
        "period": "Q4",
        "revenue": 6635,
        "costOfRevenue": 102507,
        "grossProfit": -95872,
        "grossProfitRatio": -14.4494348154,
        "researchAndDevelopmentExpenses": 0,
        "generalAndAdministrativeExpenses": -303815,
        "sellingAndMarketingExpenses": 1024638,
        "sellingGeneralAndAdministrativeExpenses": 720823,
        "otherExpenses": 0,
        "operatingExpenses": 720823,
        "costAndExpenses": 823330,
        "interestIncome": 0,
        "interestExpense": 597747,
        "depreciationAndAmortization": 1768,
        "ebitda": -1351561,
        "ebitdaratio": -203.7017332329,
        "operatingIncome": -1637646,
        "operatingIncomeRatio": -246.8192916353,
        "totalOtherIncomeExpensesNet": -313430,
        "incomeBeforeTax": -1951076,
        "incomeBeforeTaxRatio": -294.0581763376,
        "incomeTaxExpense": 0,
        "netIncome": -1951076,
        "netIncomeRatio": -294.0581763376,
        "eps": 0,
        "epsdiluted": 0,
        "weightedAverageShsOut": 0,
        "weightedAverageShsOutDil": 0,
        "link": null,
        "finalLink": null
    },
    {
        "date": "2022-09-30",
        "symbol": "SDS",
        "reportedCurrency": "USD",
        "cik": "0001174610",
        "fillingDate": "2022-09-30",
        "acceptedDate": "2022-09-29 20:00:00",
        "calendarYear": "2022",
        "period": "Q3",
        "revenue": 3352,
        "costOfRevenue": 162050,
        "grossProfit": -158698,
        "grossProfitRatio": -47.3442720764,
        "researchAndDevelopmentExpenses": 0,
        "generalAndAdministrativeExpenses": 733191,
        "sellingAndMarketingExpenses": 131075,
        "sellingGeneralAndAdministrativeExpenses": 864266,
        "otherExpenses": 0,
        "operatingExpenses": 864266,
        "costAndExpenses": 1026316,
        "interestIncome": 5,
        "interestExpense": 0,
        "depreciationAndAmortization": 27081,
        "ebitda": -993277,
        "ebitdaratio": -296.3236873508,
        "operatingIncome": -1022964,
        "operatingIncomeRatio": -305.1801909308,
        "totalOtherIncomeExpensesNet": 29687,
        "incomeBeforeTax": -993277,
        "incomeBeforeTaxRatio": -296.3236873508,
        "incomeTaxExpense": -5,
        "netIncome": -993277,
        "netIncomeRatio": -296.3236873508,
        "eps": -0.11,
        "epsdiluted": -0.11,
        "weightedAverageShsOut": 9237652,
        "weightedAverageShsOutDil": 9237652,
        "link": null,
        "finalLink": null
    },
    {
        "date": "2022-03-31",
        "symbol": "SDS",
        "reportedCurrency": "USD",
        "cik": "0001174610",
        "fillingDate": "2022-03-31",
        "acceptedDate": "2022-03-31 00:00:00",
        "calendarYear": "2022",
        "period": "Q1",
        "revenue": 0,
        "costOfRevenue": 0,
        "grossProfit": 0,
        "grossProfitRatio": 0,
        "researchAndDevelopmentExpenses": 0,
        "generalAndAdministrativeExpenses": 0,
        "sellingAndMarketingExpenses": 0,
        "sellingGeneralAndAdministrativeExpenses": 0,
        "otherExpenses": 0,
        "operatingExpenses": 0,
        "costAndExpenses": 0,
        "interestIncome": 812,
        "interestExpense": 2069,
        "depreciationAndAmortization": 60459,
        "ebitda": -2014158,
        "ebitdaratio": 0,
        "operatingIncome": 0,
        "operatingIncomeRatio": 0,
        "totalOtherIncomeExpensesNet": -25837,
        "incomeBeforeTax": 0,
        "incomeBeforeTaxRatio": 0,
        "incomeTaxExpense": 0,
        "netIncome": 0,
        "netIncomeRatio": 0,
        "eps": -10.65,
        "epsdiluted": -10.65,
        "weightedAverageShsOut": 9091152,
        "weightedAverageShsOutDil": 9091152,
        "link": null,
        "finalLink": null
    }
]