[
    {
        "date": "2025-06-30",
        "symbol": "SEDG",
        "reportedCurrency": "USD",
        "cik": "0001419612",
        "fillingDate": "2025-08-07",
        "acceptedDate": "2025-08-07 16:32:05",
        "calendarYear": "2025",
        "period": "Q2",
        "revenue": 289429000,
        "costOfRevenue": 257298000,
        "grossProfit": 32131000,
        "grossProfitRatio": 0.1110151367,
        "researchAndDevelopmentExpenses": 53386000,
        "generalAndAdministrativeExpenses": 19789000,
        "sellingAndMarketingExpenses": 28725000,
        "sellingGeneralAndAdministrativeExpenses": 48514000,
        "otherExpenses": 45724000,
        "operatingExpenses": 147624000,
        "costAndExpenses": 404922000,
        "interestIncome": 0,
        "interestExpense": 3138000,
        "depreciationAndAmortization": 4226000,
        "ebitda": -111435000,
        "ebitdaratio": -0.3850167053,
        "operatingIncome": -115493000,
        "operatingIncomeRatio": -0.399037415,
        "totalOtherIncomeExpensesNet": -3306000,
        "incomeBeforeTax": -118799000,
        "incomeBeforeTaxRatio": -0.4104599055,
        "incomeTaxExpense": 5657000,
        "netIncome": -124744000,
        "netIncomeRatio": -0.431000349,
        "eps": -2.15,
        "epsdiluted": -2.15,
        "weightedAverageShsOut": 58122000,
        "weightedAverageShsOutDil": 58122000,
        "link": "https://www.sec.gov/Archives/edgar/data/1419612/000117891325002690/0001178913-25-002690-index.htm",
        "finalLink": "https://www.sec.gov/Archives/edgar/data/1419612/000117891325002690/zk2533509.htm"
    },
    {
        "date": "2025-03-31",
        "symbol": "SEDG",
        "reportedCurrency": "USD",
        "cik": "0001419612",
        "fillingDate": "2025-05-08",
        "acceptedDate": "2025-05-08 07:52:03",
        "calendarYear": "2025",
        "period": "Q1",
        "revenue": 219480000,
        "costOfRevenue": 201944000,
        "grossProfit": 17536000,
        "grossProfitRatio": 0.0798979406,
        "researchAndDevelopmentExpenses": 61997000,
        "generalAndAdministrativeExpenses": 29288000,
        "sellingAndMarketingExpenses": 30827000,
        "sellingGeneralAndAdministrativeExpenses": 60115000,
        "otherExpenses": -1850000,
        "operatingExpenses": 120262000,
        "costAndExpenses": 322206000,
        "interestIncome": 10068000,
        "interestExpense": 0,
        "depreciationAndAmortization": 12001000,
        "ebitda": -90700000,
        "ebitdaratio": -0.4132494988,
        "operatingIncome": -102726000,
        "operatingIncomeRatio": -0.4680426463,
        "totalOtherIncomeExpensesNet": 10216000,
        "incomeBeforeTax": -92510000,
        "incomeBeforeTaxRatio": -0.4214962639,
        "incomeTaxExpense": 6013000,
        "netIncome": -98523000,
        "netIncomeRatio": -0.4488928376,
        "eps": -1.7,
        "epsdiluted": -1.7,
        "weightedAverageShsOut": 58122000,
        "weightedAverageShsOutDil": 58122000,
        "link": "https://www.sec.gov/Archives/edgar/data/1419612/000117891325001662/0001178913-25-001662-index.htm",
        "finalLink": "https://www.sec.gov/Archives/edgar/data/1419612/000117891325001662/zk2533074.htm"
    },
    {
        "date": "2024-12-31",
        "symbol": "SEDG",
        "reportedCurrency": "USD",
        "cik": "0001419612",
        "fillingDate": "2025-02-25",
        "acceptedDate": "2025-02-25 08:51:57",
        "calendarYear": "2024",
        "period": "Q4",
        "revenue": 170749000,
        "costOfRevenue": 308471000,
        "grossProfit": -137722000,
        "grossProfitRatio": -0.806575734,
        "researchAndDevelopmentExpenses": 62238000,
        "generalAndAdministrativeExpenses": 36370000,
        "sellingAndMarketingExpenses": 30549000,
        "sellingGeneralAndAdministrativeExpenses": 66919000,
        "otherExpenses": 22256000,
        "operatingExpenses": 151413000,
        "costAndExpenses": 459884000,
        "interestIncome": 0,
        "interestExpense": 12418000,
        "depreciationAndAmortization": 12650000,
        "ebitda": -250874000,
        "ebitdaratio": -1.4692560425,
        "operatingIncome": -289135000,
        "operatingIncomeRatio": -1.6933334895,
        "totalOtherIncomeExpensesNet": -12731000,
        "incomeBeforeTax": -301866000,
        "incomeBeforeTaxRatio": -1.7678932234,
        "incomeTaxExpense": 11041000,
        "netIncome": -287439000,
        "netIncomeRatio": -1.6834007813,
        "eps": -5,
        "epsdiluted": -5,
        "weightedAverageShsOut": 57488000,
        "weightedAverageShsOutDil": 57488000,
        "link": "https://www.sec.gov/Archives/edgar/data/1419612/000117891325000605/0001178913-25-000605-index.htm",
        "finalLink": "https://www.sec.gov/Archives/edgar/data/1419612/000117891325000605/zk2532709.htm"
    },
    {
        "date": "2024-09-30",
        "symbol": "SEDG",
        "reportedCurrency": "USD",
        "cik": "0001419612",
        "fillingDate": "2024-11-07",
        "acceptedDate": "2024-11-07 13:34:52",
        "calendarYear": "2024",
        "period": "Q3",
        "revenue": 260903000,
        "costOfRevenue": 963229000,
        "grossProfit": -702326000,
        "grossProfitRatio": -2.6919046542,
        "researchAndDevelopmentExpenses": 70372000,
        "generalAndAdministrativeExpenses": 41212000,
        "sellingAndMarketingExpenses": 37427000,
        "sellingGeneralAndAdministrativeExpenses": 78639000,
        "otherExpenses": 233929000,
        "operatingExpenses": 382940000,
        "costAndExpenses": 1346169000,
        "interestIncome": 4781000,
        "interestExpense": 0,
        "depreciationAndAmortization": 16785000,
        "ebitda": -839512000,
        "ebitdaratio": -3.2177169293,
        "operatingIncome": -1085266000,
        "operatingIncomeRatio": -4.1596532044,
        "totalOtherIncomeExpensesNet": 1630000,
        "incomeBeforeTax": -1083636000,
        "incomeBeforeTaxRatio": -4.1534056718,
        "incomeTaxExpense": 121685000,
        "netIncome": -1205321000,
        "netIncomeRatio": -4.6198050617,
        "eps": -21.13,
        "epsdiluted": -21.13,
        "weightedAverageShsOut": 57030000,
        "weightedAverageShsOutDil": 57030000,
        "link": "https://www.sec.gov/Archives/edgar/data/1419612/000117891324003529/0001178913-24-003529-index.htm",
        "finalLink": "https://www.sec.gov/Archives/edgar/data/1419612/000117891324003529/zk2432199.htm"
    },
    {
        "date": "2024-06-30",
        "symbol": "SEDG",
        "reportedCurrency": "USD",
        "cik": "0001419612",
        "fillingDate": "2024-08-07",
        "acceptedDate": "2024-08-07 16:26:14",
        "calendarYear": "2024",
        "period": "Q2",
        "revenue": 265405000,
        "costOfRevenue": 272632000,
        "grossProfit": -7227000,
        "grossProfitRatio": -0.0272300823,
        "researchAndDevelopmentExpenses": 69126000,
        "generalAndAdministrativeExpenses": 39008000,
        "sellingAndMarketingExpenses": 39978000,
        "sellingGeneralAndAdministrativeExpenses": 78920000,
        "otherExpenses": 0,
        "operatingExpenses": 148046000,
        "costAndExpenses": 425587000,
        "interestIncome": 0,
        "interestExpense": 3026000,
        "depreciationAndAmortization": 15442000,
        "ebitda": -124028000,
        "ebitdaratio": -0.4673159888,
        "operatingIncome": -170918000,
        "operatingIncomeRatio": -0.6439893747,
        "totalOtherIncomeExpensesNet": 28422000,
        "incomeBeforeTax": -142496000,
        "incomeBeforeTaxRatio": -0.5369002091,
        "incomeTaxExpense": -12245000,
        "netIncome": -130818000,
        "netIncomeRatio": -0.4928995309,
        "eps": -2.31,
        "epsdiluted": -2.31,
        "weightedAverageShsOut": 56687006,
        "weightedAverageShsOutDil": 56687006,
        "link": "https://www.sec.gov/Archives/edgar/data/1419612/000117891324002470/0001178913-24-002470-index.htm",
        "finalLink": "https://www.sec.gov/Archives/edgar/data/1419612/000117891324002470/zk2431757.htm"
    },
    {
        "date": "2024-03-31",
        "symbol": "SEDG",
        "reportedCurrency": "USD",
        "cik": "0001419612",
        "fillingDate": "2024-05-09",
        "acceptedDate": "2024-05-09 16:04:49",
        "calendarYear": "2024",
        "period": "Q1",
        "revenue": 204399000,
        "costOfRevenue": 225303000,
        "grossProfit": -20904000,
        "grossProfitRatio": -0.1022705591,
        "researchAndDevelopmentExpenses": 75351000,
        "generalAndAdministrativeExpenses": 30865000,
        "sellingAndMarketingExpenses": 38270000,
        "sellingGeneralAndAdministrativeExpenses": 68793000,
        "otherExpenses": -2079000,
        "operatingExpenses": 142065000,
        "costAndExpenses": 367368000,
        "interestIncome": 0,
        "interestExpense": 7676000,
        "depreciationAndAmortization": 14988000,
        "ebitda": -158105000,
        "ebitdaratio": -0.7735116121,
        "operatingIncome": -162969000,
        "operatingIncomeRatio": -0.797308206,
        "totalOtherIncomeExpensesNet": -17800000,
        "incomeBeforeTax": -180769000,
        "incomeBeforeTaxRatio": -0.8843927808,
        "incomeTaxExpense": -23754000,
        "netIncome": -157311000,
        "netIncomeRatio": -0.769627053,
        "eps": -2.75,
        "epsdiluted": -2.75,
        "weightedAverageShsOut": 57140126,
        "weightedAverageShsOutDil": 57140126,
        "link": "https://www.sec.gov/Archives/edgar/data/1419612/000117891324001670/0001178913-24-001670-index.htm",
        "finalLink": "https://www.sec.gov/Archives/edgar/data/1419612/000117891324001670/zk2431390.htm"
    },
    {
        "date": "2023-12-31",
        "symbol": "SEDG",
        "reportedCurrency": "USD",
        "cik": "0001419612",
        "fillingDate": "2024-02-26",
        "acceptedDate": "2024-02-26 12:34:02",
        "calendarYear": "2023",
        "period": "Q4",
        "revenue": 316044000,
        "costOfRevenue": 372469000,
        "grossProfit": -56425000,
        "grossProfitRatio": -0.1785352672,
        "researchAndDevelopmentExpenses": 75001000,
        "generalAndAdministrativeExpenses": 34628000,
        "sellingAndMarketingExpenses": 38779000,
        "sellingGeneralAndAdministrativeExpenses": 73407000,
        "otherExpenses": 32748000,
        "operatingExpenses": 181156000,
        "costAndExpenses": 553625000,
        "interestIncome": 22055000,
        "interestExpense": 0,
        "depreciationAndAmortization": 15177000,
        "ebitda": -175877000,
        "ebitdaratio": -0.5564952981,
        "operatingIncome": -237581000,
        "operatingIncomeRatio": -0.7517339358,
        "totalOtherIncomeExpensesNet": 22346000,
        "incomeBeforeTax": -215235000,
        "incomeBeforeTaxRatio": -0.681028591,
        "incomeTaxExpense": -53202000,
        "netIncome": -162383000,
        "netIncomeRatio": -0.5137987116,
        "eps": -2.85,
        "epsdiluted": -2.85,
        "weightedAverageShsOut": 56916831,
        "weightedAverageShsOutDil": 56916831,
        "link": "https://www.sec.gov/Archives/edgar/data/1419612/000117891324000717/0001178913-24-000717-index.htm",
        "finalLink": "https://www.sec.gov/Archives/edgar/data/1419612/000117891324000717/zk2431010.htm"
    },
    {
        "date": "2023-09-30",
        "symbol": "SEDG",
        "reportedCurrency": "USD",
        "cik": "0001419612",
        "fillingDate": "2023-11-06",
        "acceptedDate": "2023-11-06 16:05:24",
        "calendarYear": "2023",
        "period": "Q3",
        "revenue": 725305000,
        "costOfRevenue": 582488000,
        "grossProfit": 142817000,
        "grossProfitRatio": 0.1969061291,
        "researchAndDevelopmentExpenses": 80082000,
        "generalAndAdministrativeExpenses": 39110000,
        "sellingAndMarketingExpenses": 40351000,
        "sellingGeneralAndAdministrativeExpenses": 79461000,
        "otherExpenses": 0,
        "operatingExpenses": 159543000,
        "costAndExpenses": 742031000,
        "interestIncome": 0,
        "interestExpense": 7901000,
        "depreciationAndAmortization": 15294000,
        "ebitda": -1432000,
        "ebitdaratio": -0.0019743418,
        "operatingIncome": -16726000,
        "operatingIncomeRatio": -0.0230606435,
        "totalOtherIncomeExpensesNet": -8385000,
        "incomeBeforeTax": -25111000,
        "incomeBeforeTaxRatio": -0.0346212972,
        "incomeTaxExpense": 36065000,
        "netIncome": -61176000,
        "netIncomeRatio": -0.0843452065,
        "eps": -1.08,
        "epsdiluted": -1.08,
        "weightedAverageShsOut": 56671504,
        "weightedAverageShsOutDil": 56671504,
        "link": "https://www.sec.gov/Archives/edgar/data/1419612/000117891323003538/0001178913-23-003538-index.htm",
        "finalLink": "https://www.sec.gov/Archives/edgar/data/1419612/000117891323003538/zk2330473.htm"
    },
    {
        "date": "2023-06-30",
        "symbol": "SEDG",
        "reportedCurrency": "USD",
        "cik": "0001419612",
        "fillingDate": "2023-08-07",
        "acceptedDate": "2023-08-07 15:31:13",
        "calendarYear": "2023",
        "period": "Q2",
        "revenue": 991290000,
        "costOfRevenue": 673985000,
        "grossProfit": 317305000,
        "grossProfitRatio": 0.3200930101,
        "researchAndDevelopmentExpenses": 86526000,
        "generalAndAdministrativeExpenses": 36199000,
        "sellingAndMarketingExpenses": 44222000,
        "sellingGeneralAndAdministrativeExpenses": 80421000,
        "otherExpenses": 0,
        "operatingExpenses": 166947000,
        "costAndExpenses": 840932000,
        "interestIncome": 3384000,
        "interestExpense": 0,
        "depreciationAndAmortization": 13261000,
        "ebitda": 163619000,
        "ebitdaratio": 0.1650566434,
        "operatingIncome": 150358000,
        "operatingIncomeRatio": 0.1516791252,
        "totalOtherIncomeExpensesNet": 3384000,
        "incomeBeforeTax": 153742000,
        "incomeBeforeTaxRatio": 0.1550928588,
        "incomeTaxExpense": 34232000,
        "netIncome": 119510000,
        "netIncomeRatio": 0.1205600783,
        "eps": 2.12,
        "epsdiluted": 2.03,
        "weightedAverageShsOut": 56415636,
        "weightedAverageShsOutDil": 59183666,
        "link": "https://www.sec.gov/Archives/edgar/data/1419612/000117891323002728/0001178913-23-002728-index.htm",
        "finalLink": "https://www.sec.gov/Archives/edgar/data/1419612/000117891323002728/zk2330103.htm"
    },
    {
        "date": "2023-03-31",
        "symbol": "SEDG",
        "reportedCurrency": "USD",
        "cik": "0001419612",
        "fillingDate": "2023-05-08",
        "acceptedDate": "2023-05-08 12:45:37",
        "calendarYear": "2023",
        "period": "Q1",
        "revenue": 943889000,
        "costOfRevenue": 643763000,
        "grossProfit": 300126000,
        "grossProfitRatio": 0.3179674729,
        "researchAndDevelopmentExpenses": 79873000,
        "generalAndAdministrativeExpenses": 36567000,
        "sellingAndMarketingExpenses": 40966000,
        "sellingGeneralAndAdministrativeExpenses": 77533000,
        "otherExpenses": -125000,
        "operatingExpenses": 157406000,
        "costAndExpenses": 801169000,
        "interestIncome": 23674000,
        "interestExpense": 0,
        "depreciationAndAmortization": 13464000,
        "ebitda": 156184000,
        "ebitdaratio": 0.1654686091,
        "operatingIncome": 144154000,
        "operatingIncomeRatio": 0.1527234664,
        "totalOtherIncomeExpensesNet": 23549000,
        "incomeBeforeTax": 167703000,
        "incomeBeforeTaxRatio": 0.1776723746,
        "incomeTaxExpense": 29325000,
        "netIncome": 138378000,
        "netIncomeRatio": 0.1466041028,
        "eps": 2.46,
        "epsdiluted": 2.35,
        "weightedAverageShsOut": 56215490,
        "weightedAverageShsOutDil": 59193831,
        "link": "https://www.sec.gov/Archives/edgar/data/1419612/000117891323001734/0001178913-23-001734-index.htm",
        "finalLink": "https://www.sec.gov/Archives/edgar/data/1419612/000117891323001734/zk2329654.htm"
    },
    {
        "date": "2022-12-31",
        "symbol": "SEDG",
        "reportedCurrency": "USD",
        "cik": "0001419612",
        "fillingDate": "2023-02-22",
        "acceptedDate": "2023-02-22 14:08:47",
        "calendarYear": "2022",
        "period": "Q4",
        "revenue": 890702000,
        "costOfRevenue": 629655000,
        "grossProfit": 261047000,
        "grossProfitRatio": 0.2930800649,
        "researchAndDevelopmentExpenses": 78959000,
        "generalAndAdministrativeExpenses": 30013000,
        "sellingAndMarketingExpenses": 42663000,
        "sellingGeneralAndAdministrativeExpenses": 72676000,
        "otherExpenses": 186000,
        "operatingExpenses": 268173000,
        "costAndExpenses": 897828000,
        "interestIncome": 56101000,
        "interestExpense": 274000,
        "depreciationAndAmortization": 12364000,
        "ebitda": 63762000,
        "ebitdaratio": 0.071586232,
        "operatingIncome": -5163000,
        "operatingIncomeRatio": -0.0057965515,
        "totalOtherIncomeExpensesNet": 56287000,
        "incomeBeforeTax": 51124000,
        "incomeBeforeTaxRatio": 0.0573974236,
        "incomeTaxExpense": 30295000,
        "netIncome": 20829000,
        "netIncomeRatio": 0.0233849256,
        "eps": 0.37,
        "epsdiluted": 0.35,
        "weightedAverageShsOut": 56133404,
        "weightedAverageShsOutDil": 58734719,
        "link": "https://www.sec.gov/Archives/edgar/data/1419612/000117891323000707/0001178913-23-000707-index.htm",
        "finalLink": "https://www.sec.gov/Archives/edgar/data/1419612/000117891323000707/zk2329263.htm"
    },
    {
        "date": "2022-09-30",
        "symbol": "SEDG",
        "reportedCurrency": "USD",
        "cik": "0001419612",
        "fillingDate": "2022-11-08",
        "acceptedDate": "2022-11-08 13:14:08",
        "calendarYear": "2022",
        "period": "Q3",
        "revenue": 836723000,
        "costOfRevenue": 614722000,
        "grossProfit": 222001000,
        "grossProfitRatio": 0.2653219763,
        "researchAndDevelopmentExpenses": 69659000,
        "generalAndAdministrativeExpenses": 27933000,
        "sellingAndMarketingExpenses": 42726000,
        "sellingGeneralAndAdministrativeExpenses": 70659000,
        "otherExpenses": 0,
        "operatingExpenses": 140318000,
        "costAndExpenses": 755040000,
        "interestIncome": 0,
        "interestExpense": 32859000,
        "depreciationAndAmortization": 13174000,
        "ebitda": 94857000,
        "ebitdaratio": 0.1133672673,
        "operatingIncome": 84407000,
        "operatingIncomeRatio": 0.1008780684,
        "totalOtherIncomeExpensesNet": -25492000,
        "incomeBeforeTax": 58915000,
        "incomeBeforeTaxRatio": 0.0704115938,
        "incomeTaxExpense": 34172000,
        "netIncome": 24743000,
        "netIncomeRatio": 0.0295713157,
        "eps": 0.42,
        "epsdiluted": 0.42,
        "weightedAverageShsOut": 58747538,
        "weightedAverageShsOutDil": 58747538,
        "link": "https://www.sec.gov/Archives/edgar/data/1419612/000117891322003868/0001178913-22-003868-index.htm",
        "finalLink": "https://www.sec.gov/Archives/edgar/data/1419612/000117891322003868/zk2228664.htm"
    },
    {
        "date": "2022-06-30",
        "symbol": "SEDG",
        "reportedCurrency": "USD",
        "cik": "0001419612",
        "fillingDate": "2022-08-04",
        "acceptedDate": "2022-08-04 13:15:22",
        "calendarYear": "2022",
        "period": "Q2",
        "revenue": 727774000,
        "costOfRevenue": 545132000,
        "grossProfit": 182642000,
        "grossProfitRatio": 0.250959776,
        "researchAndDevelopmentExpenses": 74847000,
        "generalAndAdministrativeExpenses": 28121000,
        "sellingAndMarketingExpenses": 38975000,
        "sellingGeneralAndAdministrativeExpenses": 67096000,
        "otherExpenses": 0,
        "operatingExpenses": 141943000,
        "costAndExpenses": 687075000,
        "interestIncome": 0,
        "interestExpense": 0,
        "depreciationAndAmortization": 12478000,
        "ebitda": 53177000,
        "ebitdaratio": 0.0730680129,
        "operatingIncome": 36012000,
        "operatingIncomeRatio": 0.0494823943,
        "totalOtherIncomeExpensesNet": -14311000,
        "incomeBeforeTax": 21701000,
        "incomeBeforeTaxRatio": 0.0298183227,
        "incomeTaxExpense": 6617000,
        "netIncome": 15084000,
        "netIncomeRatio": 0.0207262145,
        "eps": 0.27,
        "epsdiluted": 0.26,
        "weightedAverageShsOut": 55470279,
        "weightedAverageShsOutDil": 58564734,
        "link": "https://www.sec.gov/Archives/edgar/data/1419612/000117891322002939/0001178913-22-002939-index.htm",
        "finalLink": "https://www.sec.gov/Archives/edgar/data/1419612/000117891322002939/zk2228235.htm"
    },
    {
        "date": "2022-03-31",
        "symbol": "SEDG",
        "reportedCurrency": "USD",
        "cik": "0001419612",
        "fillingDate": "2022-05-04",
        "acceptedDate": "2022-05-04 06:03:08",
        "calendarYear": "2022",
        "period": "Q1",
        "revenue": 655080000,
        "costOfRevenue": 476122000,
        "grossProfit": 178958000,
        "grossProfitRatio": 0.2731849545,
        "researchAndDevelopmentExpenses": 66349000,
        "generalAndAdministrativeExpenses": 26429000,
        "sellingAndMarketingExpenses": 35316000,
        "sellingGeneralAndAdministrativeExpenses": 61745000,
        "otherExpenses": -844000,
        "operatingExpenses": 128094000,
        "costAndExpenses": 604216000,
        "interestIncome": 0,
        "interestExpense": 0,
        "depreciationAndAmortization": 11660000,
        "ebitda": 62524000,
        "ebitdaratio": 0.0954448312,
        "operatingIncome": 50864000,
        "operatingIncomeRatio": 0.0776454784,
        "totalOtherIncomeExpensesNet": -5449000,
        "incomeBeforeTax": 45415000,
        "incomeBeforeTaxRatio": 0.0693274104,
        "incomeTaxExpense": 12292000,
        "netIncome": 33123000,
        "netIncomeRatio": 0.05056329,
        "eps": 0.59,
        "epsdiluted": 0.59,
        "weightedAverageShsOut": 56315193,
        "weightedAverageShsOutDil": 56315193,
        "link": "https://www.sec.gov/Archives/edgar/data/1419612/000117891322001805/0001178913-22-001805-index.htm",
        "finalLink": "https://www.sec.gov/Archives/edgar/data/1419612/000117891322001805/zk2227711.htm"
    },
    {
        "date": "2021-12-31",
        "symbol": "SEDG",
        "reportedCurrency": "USD",
        "cik": "0001419612",
        "fillingDate": "2022-02-22",
        "acceptedDate": "2022-02-22 14:59:10",
        "calendarYear": "2021",
        "period": "Q4",
        "revenue": 551915000,
        "costOfRevenue": 391424000,
        "grossProfit": 160491000,
        "grossProfitRatio": 0.2907893426,
        "researchAndDevelopmentExpenses": 64326000,
        "generalAndAdministrativeExpenses": 21879000,
        "sellingAndMarketingExpenses": 33248000,
        "sellingGeneralAndAdministrativeExpenses": 55127000,
        "otherExpenses": 0,
        "operatingExpenses": 119453000,
        "costAndExpenses": 510877000,
        "interestIncome": 0,
        "interestExpense": 0,
        "depreciationAndAmortization": 10556000,
        "ebitda": 53305000,
        "ebitdaratio": 0.0965819012,
        "operatingIncome": 41038000,
        "operatingIncomeRatio": 0.0743556526,
        "totalOtherIncomeExpensesNet": -6324000,
        "incomeBeforeTax": 34714000,
        "incomeBeforeTaxRatio": 0.0628973664,
        "incomeTaxExpense": -6240000,
        "netIncome": 40954000,
        "netIncomeRatio": 0.0742034552,
        "eps": 0.78,
        "epsdiluted": 0.74,
        "weightedAverageShsOut": 52505128,
        "weightedAverageShsOutDil": 56011040,
        "link": "https://www.sec.gov/Archives/edgar/data/1419612/000117891322000760/0001178913-22-000760-index.htm",
        "finalLink": "https://www.sec.gov/Archives/edgar/data/1419612/000117891322000760/zk2227328.htm"
    },
    {
        "date": "2021-09-30",
        "symbol": "SEDG",
        "reportedCurrency": "USD",
        "cik": "0001419612",
        "fillingDate": "2021-11-03",
        "acceptedDate": "2021-11-03 12:55:54",
        "calendarYear": "2021",
        "period": "Q3",
        "revenue": 526404000,
        "costOfRevenue": 353843000,
        "grossProfit": 172561000,
        "grossProfitRatio": 0.3278109589,
        "researchAndDevelopmentExpenses": 55666000,
        "generalAndAdministrativeExpenses": 21098000,
        "sellingAndMarketingExpenses": 29383000,
        "sellingGeneralAndAdministrativeExpenses": 50481000,
        "otherExpenses": 0,
        "operatingExpenses": 106147000,
        "costAndExpenses": 459990000,
        "interestIncome": 0,
        "interestExpense": 0,
        "depreciationAndAmortization": 10100000,
        "ebitda": 76514000,
        "ebitdaratio": 0.145352239,
        "operatingIncome": 66414000,
        "operatingIncomeRatio": 0.1261654547,
        "totalOtherIncomeExpensesNet": -5751000,
        "incomeBeforeTax": 60663000,
        "incomeBeforeTaxRatio": 0.1152403857,
        "incomeTaxExpense": 7615000,
        "netIncome": 53048000,
        "netIncomeRatio": 0.1007743102,
        "eps": 1.01,
        "epsdiluted": 0.96,
        "weightedAverageShsOut": 52355867,
        "weightedAverageShsOutDil": 55929000,
        "link": "https://www.sec.gov/Archives/edgar/data/1419612/000117891321003364/0001178913-21-003364-index.htm",
        "finalLink": "https://www.sec.gov/Archives/edgar/data/1419612/000117891321003364/zk2126726.htm"
    },
    {
        "date": "2021-06-30",
        "symbol": "SEDG",
        "reportedCurrency": "USD",
        "cik": "0001419612",
        "fillingDate": "2021-08-04",
        "acceptedDate": "2021-08-04 12:52:28",
        "calendarYear": "2021",
        "period": "Q2",
        "revenue": 480057000,
        "costOfRevenue": 323865000,
        "grossProfit": 156192000,
        "grossProfitRatio": 0.3253613633,
        "researchAndDevelopmentExpenses": 52664000,
        "generalAndAdministrativeExpenses": 19370000,
        "sellingAndMarketingExpenses": 29458000,
        "sellingGeneralAndAdministrativeExpenses": 48828000,
        "otherExpenses": 859000,
        "operatingExpenses": 101492000,
        "costAndExpenses": 425357000,
        "interestIncome": 0,
        "interestExpense": 0,
        "depreciationAndAmortization": 9601000,
        "ebitda": 65980000,
        "ebitdaratio": 0.1374420121,
        "operatingIncome": 55559000,
        "operatingIncomeRatio": 0.1157341732,
        "totalOtherIncomeExpensesNet": -1743000,
        "incomeBeforeTax": 53816000,
        "incomeBeforeTaxRatio": 0.1121033544,
        "incomeTaxExpense": 8724000,
        "netIncome": 45092000,
        "netIncomeRatio": 0.0939305124,
        "eps": 0.87,
        "epsdiluted": 0.82,
        "weightedAverageShsOut": 52076208,
        "weightedAverageShsOutDil": 55930562,
        "link": "https://www.sec.gov/Archives/edgar/data/1419612/000117891321002525/0001178913-21-002525-index.htm",
        "finalLink": "https://www.sec.gov/Archives/edgar/data/1419612/000117891321002525/sedg10-q0621.htm"
    },
    {
        "date": "2021-03-31",
        "symbol": "SEDG",
        "reportedCurrency": "USD",
        "cik": "0001419612",
        "fillingDate": "2021-05-04",
        "acceptedDate": "2021-05-04 11:10:14",
        "calendarYear": "2021",
        "period": "Q1",
        "revenue": 405489000,
        "costOfRevenue": 265415000,
        "grossProfit": 140074000,
        "grossProfitRatio": 0.345444636,
        "researchAndDevelopmentExpenses": 46977000,
        "generalAndAdministrativeExpenses": 19849000,
        "sellingAndMarketingExpenses": 26911000,
        "sellingGeneralAndAdministrativeExpenses": 46760000,
        "otherExpenses": 0,
        "operatingExpenses": 93737000,
        "costAndExpenses": 359152000,
        "interestIncome": 0,
        "interestExpense": 0,
        "depreciationAndAmortization": 9278000,
        "ebitda": 55615000,
        "ebitdaratio": 0.1371553852,
        "operatingIncome": 44128000,
        "operatingIncomeRatio": 0.1088266266,
        "totalOtherIncomeExpensesNet": -6097000,
        "incomeBeforeTax": 38031000,
        "incomeBeforeTaxRatio": 0.0937904604,
        "incomeTaxExpense": 7955000,
        "netIncome": 30076000,
        "netIncomeRatio": 0.0741721724,
        "eps": 0.58,
        "epsdiluted": 0.55,
        "weightedAverageShsOut": 51726998,
        "weightedAverageShsOutDil": 55997136,
        "link": "https://www.sec.gov/Archives/edgar/data/1419612/000117891321001589/0001178913-21-001589-index.htm",
        "finalLink": "https://www.sec.gov/Archives/edgar/data/1419612/000117891321001589/sedg10qq1-2021.htm"
    },
    {
        "date": "2020-12-31",
        "symbol": "SEDG",
        "reportedCurrency": "USD",
        "cik": "0001419612",
        "fillingDate": "2021-02-19",
        "acceptedDate": "2021-02-19 06:56:27",
        "calendarYear": "2020",
        "period": "Q4",
        "revenue": 358107000,
        "costOfRevenue": 247782000,
        "grossProfit": 110325000,
        "grossProfitRatio": 0.3080783118,
        "researchAndDevelopmentExpenses": 47513000,
        "generalAndAdministrativeExpenses": 18042000,
        "sellingAndMarketingExpenses": 28872000,
        "sellingGeneralAndAdministrativeExpenses": 46914000,
        "otherExpenses": 0,
        "operatingExpenses": 95898000,
        "costAndExpenses": 343680000,
        "interestIncome": 0,
        "interestExpense": 0,
        "depreciationAndAmortization": 8377000,
        "ebitda": 33184000,
        "ebitdaratio": 0.0926650415,
        "operatingIncome": 14427000,
        "operatingIncomeRatio": 0.0402868416,
        "totalOtherIncomeExpensesNet": 10380000,
        "incomeBeforeTax": 24807000,
        "incomeBeforeTaxRatio": 0.0692725917,
        "incomeTaxExpense": 7152000,
        "netIncome": 17655000,
        "netIncomeRatio": 0.0493009073,
        "eps": 0.34,
        "epsdiluted": 0.33,
        "weightedAverageShsOut": 51926471,
        "weightedAverageShsOutDil": 53496384,
        "link": "https://www.sec.gov/Archives/edgar/data/1419612/000117891321000696/0001178913-21-000696-index.htm",
        "finalLink": "https://www.sec.gov/Archives/edgar/data/1419612/000117891321000696/sedg10k2020.htm"
    },
    {
        "date": "2020-09-30",
        "symbol": "SEDG",
        "reportedCurrency": "USD",
        "cik": "0001419612",
        "fillingDate": "2020-11-04",
        "acceptedDate": "2020-11-04 12:44:22",
        "calendarYear": "2020",
        "period": "Q3",
        "revenue": 338095000,
        "costOfRevenue": 230032000,
        "grossProfit": 108063000,
        "grossProfitRatio": 0.3196231828,
        "researchAndDevelopmentExpenses": 40817000,
        "generalAndAdministrativeExpenses": 14928000,
        "sellingAndMarketingExpenses": 21924000,
        "sellingGeneralAndAdministrativeExpenses": 36852000,
        "otherExpenses": 0,
        "operatingExpenses": 77669000,
        "costAndExpenses": 307701000,
        "interestIncome": 0,
        "interestExpense": 0,
        "depreciationAndAmortization": 8196000,
        "ebitda": 38590000,
        "ebitdaratio": 0.114139517,
        "operatingIncome": 30394000,
        "operatingIncomeRatio": 0.0898978098,
        "totalOtherIncomeExpensesNet": 15765000,
        "incomeBeforeTax": 46159000,
        "incomeBeforeTaxRatio": 0.1365267159,
        "incomeTaxExpense": 2408000,
        "netIncome": 43751000,
        "netIncomeRatio": 0.1294044573,
        "eps": 0.87,
        "epsdiluted": 0.83,
        "weightedAverageShsOut": 50529691,
        "weightedAverageShsOutDil": 53144188,
        "link": "https://www.sec.gov/Archives/edgar/data/1419612/000117891320002995/0001178913-20-002995-index.htm",
        "finalLink": "https://www.sec.gov/Archives/edgar/data/1419612/000117891320002995/sedg10-q0920.htm"
    },
    {
        "date": "2020-06-30",
        "symbol": "SEDG",
        "reportedCurrency": "USD",
        "cik": "0001419612",
        "fillingDate": "2020-08-06",
        "acceptedDate": "2020-08-06 06:07:40",
        "calendarYear": "2020",
        "period": "Q2",
        "revenue": 331851000,
        "costOfRevenue": 228888000,
        "grossProfit": 102963000,
        "grossProfitRatio": 0.3102687652,
        "researchAndDevelopmentExpenses": 38098000,
        "generalAndAdministrativeExpenses": 13964000,
        "sellingAndMarketingExpenses": 20936000,
        "sellingGeneralAndAdministrativeExpenses": 34900000,
        "otherExpenses": 0,
        "operatingExpenses": 72998000,
        "costAndExpenses": 301886000,
        "interestIncome": 0,
        "interestExpense": 0,
        "depreciationAndAmortization": 7936000,
        "ebitda": 37901000,
        "ebitdaratio": 0.1142108959,
        "operatingIncome": 29965000,
        "operatingIncomeRatio": 0.0902965488,
        "totalOtherIncomeExpensesNet": 11565000,
        "incomeBeforeTax": 41530000,
        "incomeBeforeTaxRatio": 0.1251465266,
        "incomeTaxExpense": 4862000,
        "netIncome": 36668000,
        "netIncomeRatio": 0.1104953729,
        "eps": 0.74,
        "epsdiluted": 0.7,
        "weightedAverageShsOut": 49786586,
        "weightedAverageShsOutDil": 52536437,
        "link": "https://www.sec.gov/Archives/edgar/data/1419612/000117891320002282/0001178913-20-002282-index.htm",
        "finalLink": "https://www.sec.gov/Archives/edgar/data/1419612/000117891320002282/sedg10-q0620.htm"
    },
    {
        "date": "2020-03-31",
        "symbol": "SEDG",
        "reportedCurrency": "USD",
        "cik": "0001419612",
        "fillingDate": "2020-05-07",
        "acceptedDate": "2020-05-07 14:52:22",
        "calendarYear": "2020",
        "period": "Q1",
        "revenue": 431218000,
        "costOfRevenue": 291210000,
        "grossProfit": 140008000,
        "grossProfitRatio": 0.3246803241,
        "researchAndDevelopmentExpenses": 36695000,
        "generalAndAdministrativeExpenses": 16185000,
        "sellingAndMarketingExpenses": 24253000,
        "sellingGeneralAndAdministrativeExpenses": 40438000,
        "otherExpenses": 0,
        "operatingExpenses": 72233000,
        "costAndExpenses": 363443000,
        "interestIncome": 0,
        "interestExpense": 0,
        "depreciationAndAmortization": 7325000,
        "ebitda": 75100000,
        "ebitdaratio": 0.1741578506,
        "operatingIncome": 67775000,
        "operatingIncomeRatio": 0.1571710828,
        "totalOtherIncomeExpensesNet": -16605000,
        "incomeBeforeTax": 51170000,
        "incomeBeforeTaxRatio": 0.1186638777,
        "incomeTaxExpense": 8922000,
        "netIncome": 42248000,
        "netIncomeRatio": 0.0979736467,
        "eps": 0.86,
        "epsdiluted": 0.81,
        "weightedAverageShsOut": 49193240,
        "weightedAverageShsOutDil": 52172720,
        "link": "https://www.sec.gov/Archives/edgar/data/1419612/000117891320001355/0001178913-20-001355-index.htm",
        "finalLink": "https://www.sec.gov/Archives/edgar/data/1419612/000117891320001355/sedg10qq1-2020.htm"
    },
    {
        "date": "2019-12-31",
        "symbol": "SEDG",
        "reportedCurrency": "USD",
        "cik": "0001419612",
        "fillingDate": "2020-02-27",
        "acceptedDate": "2020-02-27 16:08:30",
        "calendarYear": "2019",
        "period": "Q4",
        "revenue": 418223000,
        "costOfRevenue": 274974000,
        "grossProfit": 143249000,
        "grossProfitRatio": 0.3425182259,
        "researchAndDevelopmentExpenses": 34900000,
        "generalAndAdministrativeExpenses": 11771000,
        "sellingAndMarketingExpenses": 23659000,
        "sellingGeneralAndAdministrativeExpenses": 35430000,
        "otherExpenses": 0,
        "operatingExpenses": 101026000,
        "costAndExpenses": 376000000,
        "interestIncome": 0,
        "interestExpense": 0,
        "depreciationAndAmortization": 6849000,
        "ebitda": 68435000,
        "ebitdaratio": 0.1636327988,
        "operatingIncome": 50528000,
        "operatingIncomeRatio": 0.1208159283,
        "totalOtherIncomeExpensesNet": 11058000,
        "incomeBeforeTax": 61586000,
        "incomeBeforeTaxRatio": 0.147256368,
        "incomeTaxExpense": 9241000,
        "netIncome": 52778000,
        "netIncomeRatio": 0.1261958333,
        "eps": 1.08,
        "epsdiluted": 1.03,
        "weightedAverageShsOut": 48868519,
        "weightedAverageShsOutDil": 50966778,
        "link": "https://www.sec.gov/Archives/edgar/data/1419612/000117891320000672/0001178913-20-000672-index.htm",
        "finalLink": "https://www.sec.gov/Archives/edgar/data/1419612/000117891320000672/sedg10k2019.htm"
    },
    {
        "date": "2019-09-30",
        "symbol": "SEDG",
        "reportedCurrency": "USD",
        "cik": "0001419612",
        "fillingDate": "2019-11-07",
        "acceptedDate": "2019-11-07 16:02:40",
        "calendarYear": "2019",
        "period": "Q3",
        "revenue": 410556000,
        "costOfRevenue": 271247000,
        "grossProfit": 139309000,
        "grossProfitRatio": 0.3393179006,
        "researchAndDevelopmentExpenses": 30747000,
        "generalAndAdministrativeExpenses": 12214000,
        "sellingAndMarketingExpenses": 22026000,
        "sellingGeneralAndAdministrativeExpenses": 34240000,
        "otherExpenses": 0,
        "operatingExpenses": 73292000,
        "costAndExpenses": 344539000,
        "interestIncome": 0,
        "interestExpense": 0,
        "depreciationAndAmortization": 7004000,
        "ebitda": 73021000,
        "ebitdaratio": 0.1778588061,
        "operatingIncome": 66017000,
        "operatingIncomeRatio": 0.160799014,
        "totalOtherIncomeExpensesNet": -17023000,
        "incomeBeforeTax": 48994000,
        "incomeBeforeTaxRatio": 0.1193357301,
        "incomeTaxExpense": 7270000,
        "netIncome": 41627000,
        "netIncomeRatio": 0.1013917712,
        "eps": 0.86,
        "epsdiluted": 0.81,
        "weightedAverageShsOut": 48403488,
        "weightedAverageShsOutDil": 51081594,
        "link": "https://www.sec.gov/Archives/edgar/data/1419612/000117891319002642/0001178913-19-002642-index.htm",
        "finalLink": "https://www.sec.gov/Archives/edgar/data/1419612/000117891319002642/zk1923594.htm"
    },
    {
        "date": "2019-06-30",
        "symbol": "SEDG",
        "reportedCurrency": "USD",
        "cik": "0001419612",
        "fillingDate": "2019-08-08",
        "acceptedDate": "2019-08-08 11:14:08",
        "calendarYear": "2019",
        "period": "Q2",
        "revenue": 325010000,
        "costOfRevenue": 214340000,
        "grossProfit": 110670000,
        "grossProfitRatio": 0.3405125996,
        "researchAndDevelopmentExpenses": 29505000,
        "generalAndAdministrativeExpenses": 13685000,
        "sellingAndMarketingExpenses": 22127000,
        "sellingGeneralAndAdministrativeExpenses": 35812000,
        "otherExpenses": 0,
        "operatingExpenses": 65317000,
        "costAndExpenses": 279657000,
        "interestIncome": 0,
        "interestExpense": 0,
        "depreciationAndAmortization": 7201000,
        "ebitda": 52554000,
        "ebitdaratio": 0.16169964,
        "operatingIncome": 45353000,
        "operatingIncomeRatio": 0.1395433987,
        "totalOtherIncomeExpensesNet": 773000,
        "incomeBeforeTax": 46126000,
        "incomeBeforeTaxRatio": 0.141921787,
        "incomeTaxExpense": 13213000,
        "netIncome": 33128000,
        "netIncomeRatio": 0.1019291714,
        "eps": 0.69,
        "epsdiluted": 0.66,
        "weightedAverageShsOut": 48011594,
        "weightedAverageShsOutDil": 49940034,
        "link": "https://www.sec.gov/Archives/edgar/data/1419612/000117891319002129/0001178913-19-002129-index.htm",
        "finalLink": "https://www.sec.gov/Archives/edgar/data/1419612/000117891319002129/zk1923332.htm"
    },
    {
        "date": "2019-03-31",
        "symbol": "SEDG",
        "reportedCurrency": "USD",
        "cik": "0001419612",
        "fillingDate": "2019-05-10",
        "acceptedDate": "2019-05-10 10:09:23",
        "calendarYear": "2019",
        "period": "Q1",
        "revenue": 271871000,
        "costOfRevenue": 185761000,
        "grossProfit": 86110000,
        "grossProfitRatio": 0.3167310967,
        "researchAndDevelopmentExpenses": 26199000,
        "generalAndAdministrativeExpenses": 11691000,
        "sellingAndMarketingExpenses": 20172000,
        "sellingGeneralAndAdministrativeExpenses": 31863000,
        "otherExpenses": 0,
        "operatingExpenses": 58062000,
        "costAndExpenses": 243823000,
        "interestIncome": 0,
        "interestExpense": 0,
        "depreciationAndAmortization": 5841000,
        "ebitda": 33889000,
        "ebitdaratio": 0.1246510293,
        "operatingIncome": 28048000,
        "operatingIncomeRatio": 0.1031665753,
        "totalOtherIncomeExpensesNet": -6151000,
        "incomeBeforeTax": 21897000,
        "incomeBeforeTaxRatio": 0.0805418746,
        "incomeTaxExpense": 3922000,
        "netIncome": 19016000,
        "netIncomeRatio": 0.0699449371,
        "eps": 0.4,
        "epsdiluted": 0.39,
        "weightedAverageShsOut": 47540000,
        "weightedAverageShsOutDil": 47540000,
        "link": "https://www.sec.gov/Archives/edgar/data/1419612/000117891319001396/0001178913-19-001396-index.htm",
        "finalLink": "https://www.sec.gov/Archives/edgar/data/1419612/000117891319001396/zk1923036.htm"
    },
    {
        "date": "2018-12-31",
        "symbol": "SEDG",
        "reportedCurrency": "USD",
        "cik": "0001419612",
        "fillingDate": "2019-02-28",
        "acceptedDate": "2019-02-28 15:02:02",
        "calendarYear": "2018",
        "period": "Q4",
        "revenue": 263670000,
        "costOfRevenue": 183959000,
        "grossProfit": 79711000,
        "grossProfitRatio": 0.3023134979,
        "researchAndDevelopmentExpenses": 24710000,
        "generalAndAdministrativeExpenses": 11837000,
        "sellingAndMarketingExpenses": 19210000,
        "sellingGeneralAndAdministrativeExpenses": 31047000,
        "otherExpenses": 0,
        "operatingExpenses": 55757000,
        "costAndExpenses": 239716000,
        "interestIncome": 0,
        "interestExpense": 0,
        "depreciationAndAmortization": 4218000,
        "ebitda": 28460000,
        "ebitdaratio": 0.1079379527,
        "operatingIncome": 23954000,
        "operatingIncomeRatio": 0.090848409,
        "totalOtherIncomeExpensesNet": 288000,
        "incomeBeforeTax": 24242000,
        "incomeBeforeTaxRatio": 0.0919406834,
        "incomeTaxExpense": 12093000,
        "netIncome": 12936000,
        "netIncomeRatio": 0.0490613267,
        "eps": 0.28,
        "epsdiluted": 0.27,
        "weightedAverageShsOut": 46200000,
        "weightedAverageShsOutDil": 47637478,
        "link": "https://www.sec.gov/Archives/edgar/data/1419612/000117891319000721/0001178913-19-000721-index.htm",
        "finalLink": "https://www.sec.gov/Archives/edgar/data/1419612/000117891319000721/zk1922755.htm"
    },
    {
        "date": "2018-09-30",
        "symbol": "SEDG",
        "reportedCurrency": "USD",
        "cik": "0001419612",
        "fillingDate": "2018-11-02",
        "acceptedDate": "2018-11-02 10:16:02",
        "calendarYear": "2018",
        "period": "Q3",
        "revenue": 236578000,
        "costOfRevenue": 158596000,
        "grossProfit": 77982000,
        "grossProfitRatio": 0.3296249017,
        "researchAndDevelopmentExpenses": 20109000,
        "generalAndAdministrativeExpenses": 6898000,
        "sellingAndMarketingExpenses": 16938000,
        "sellingGeneralAndAdministrativeExpenses": 23836000,
        "otherExpenses": 0,
        "operatingExpenses": 43945000,
        "costAndExpenses": 202541000,
        "interestIncome": 0,
        "interestExpense": 0,
        "depreciationAndAmortization": 3348000,
        "ebitda": 37385000,
        "ebitdaratio": 0.1580239921,
        "operatingIncome": 34037000,
        "operatingIncomeRatio": 0.1438722113,
        "totalOtherIncomeExpensesNet": -689000,
        "incomeBeforeTax": 33348000,
        "incomeBeforeTaxRatio": 0.1409598526,
        "incomeTaxExpense": -12295000,
        "netIncome": 45643000,
        "netIncomeRatio": 0.1929300273,
        "eps": 1,
        "epsdiluted": 0.95,
        "weightedAverageShsOut": 45601540,
        "weightedAverageShsOutDil": 48281240,
        "link": "https://www.sec.gov/Archives/edgar/data/1419612/000117891318002784/0001178913-18-002784-index.htm",
        "finalLink": "https://www.sec.gov/Archives/edgar/data/1419612/000117891318002784/zk1822196.htm"
    },
    {
        "date": "2018-06-30",
        "symbol": "SEDG",
        "reportedCurrency": "USD",
        "cik": "0001419612",
        "fillingDate": "2018-08-03",
        "acceptedDate": "2018-08-03 09:52:51",
        "calendarYear": "2018",
        "period": "Q2",
        "revenue": 227118000,
        "costOfRevenue": 145172000,
        "grossProfit": 81946000,
        "grossProfitRatio": 0.3608080381,
        "researchAndDevelopmentExpenses": 19551000,
        "generalAndAdministrativeExpenses": 5776000,
        "sellingAndMarketingExpenses": 15954000,
        "sellingGeneralAndAdministrativeExpenses": 21730000,
        "otherExpenses": 0,
        "operatingExpenses": 41281000,
        "costAndExpenses": 186453000,
        "interestIncome": 0,
        "interestExpense": 0,
        "depreciationAndAmortization": 2623000,
        "ebitda": 43288000,
        "ebitdaratio": 0.1905969584,
        "operatingIncome": 40665000,
        "operatingIncomeRatio": 0.1790478958,
        "totalOtherIncomeExpensesNet": -2480000,
        "incomeBeforeTax": 38185000,
        "incomeBeforeTaxRatio": 0.1681284619,
        "incomeTaxExpense": 3617000,
        "netIncome": 34568000,
        "netIncomeRatio": 0.1522028197,
        "eps": 0.76,
        "epsdiluted": 0.72,
        "weightedAverageShsOut": 45484211,
        "weightedAverageShsOutDil": 48291280,
        "link": "https://www.sec.gov/Archives/edgar/data/1419612/000117891318002270/0001178913-18-002270-index.htm",
        "finalLink": "https://www.sec.gov/Archives/edgar/data/1419612/000117891318002270/zk1821946.htm"
    },
    {
        "date": "2018-03-31",
        "symbol": "SEDG",
        "reportedCurrency": "USD",
        "cik": "0001419612",
        "fillingDate": "2018-05-10",
        "acceptedDate": "2018-05-10 10:19:17",
        "calendarYear": "2018",
        "period": "Q1",
        "revenue": 209871000,
        "costOfRevenue": 130274000,
        "grossProfit": 79597000,
        "grossProfitRatio": 0.3792663112,
        "researchAndDevelopmentExpenses": 17875000,
        "generalAndAdministrativeExpenses": 4753000,
        "sellingAndMarketingExpenses": 16205000,
        "sellingGeneralAndAdministrativeExpenses": 20958000,
        "otherExpenses": 0,
        "operatingExpenses": 38833000,
        "costAndExpenses": 169107000,
        "interestIncome": 0,
        "interestExpense": 0,
        "depreciationAndAmortization": 2430000,
        "ebitda": 43194000,
        "ebitdaratio": 0.2058121417,
        "operatingIncome": 40764000,
        "operatingIncomeRatio": 0.1942336006,
        "totalOtherIncomeExpensesNet": 584000,
        "incomeBeforeTax": 41348000,
        "incomeBeforeTaxRatio": 0.1970162624,
        "incomeTaxExpense": 5662000,
        "netIncome": 35686000,
        "netIncomeRatio": 0.1700377851,
        "eps": 0.81,
        "epsdiluted": 0.75,
        "weightedAverageShsOut": 44056790,
        "weightedAverageShsOutDil": 47673522,
        "link": "https://www.sec.gov/Archives/edgar/data/1419612/000117891318001580/0001178913-18-001580-index.htm",
        "finalLink": "https://www.sec.gov/Archives/edgar/data/1419612/000117891318001580/zk1821618.htm"
    },
    {
        "date": "2017-12-31",
        "symbol": "SEDG",
        "reportedCurrency": "USD",
        "cik": "0001419612",
        "fillingDate": "2018-02-20",
        "acceptedDate": "2018-02-20 09:25:48",
        "calendarYear": "2017",
        "period": "Q4",
        "revenue": 189340000,
        "costOfRevenue": 118370000,
        "grossProfit": 70970000,
        "grossProfitRatio": 0.3748283511,
        "researchAndDevelopmentExpenses": 16420000,
        "generalAndAdministrativeExpenses": 5900000,
        "sellingAndMarketingExpenses": 14079000,
        "sellingGeneralAndAdministrativeExpenses": 19979000,
        "otherExpenses": 0,
        "operatingExpenses": 36399000,
        "costAndExpenses": 154769000,
        "interestIncome": 0,
        "interestExpense": 0,
        "depreciationAndAmortization": 2223000,
        "ebitda": 38281000,
        "ebitdaratio": 0.2021812612,
        "operatingIncome": 34571000,
        "operatingIncomeRatio": 0.1825868807,
        "totalOtherIncomeExpensesNet": 1487000,
        "incomeBeforeTax": 36058000,
        "incomeBeforeTaxRatio": 0.1904404774,
        "incomeTaxExpense": 16556000,
        "netIncome": 19502000,
        "netIncomeRatio": 0.1029998944,
        "eps": 0.45,
        "epsdiluted": 0.42,
        "weightedAverageShsOut": 43337778,
        "weightedAverageShsOutDil": 46876328,
        "link": "https://www.sec.gov/Archives/edgar/data/1419612/000117891318000655/0001178913-18-000655-index.htm",
        "finalLink": "https://www.sec.gov/Archives/edgar/data/1419612/000117891318000655/zk1821213.htm"
    },
    {
        "date": "2017-09-30",
        "symbol": "SEDG",
        "reportedCurrency": "USD",
        "cik": "0001419612",
        "fillingDate": "2017-11-08",
        "acceptedDate": "2017-11-08 17:16:33",
        "calendarYear": "2017",
        "period": "Q3",
        "revenue": 166552000,
        "costOfRevenue": 108498000,
        "grossProfit": 58054000,
        "grossProfitRatio": 0.3485638119,
        "researchAndDevelopmentExpenses": 14363000,
        "generalAndAdministrativeExpenses": 5078000,
        "sellingAndMarketingExpenses": 13217000,
        "sellingGeneralAndAdministrativeExpenses": 18295000,
        "otherExpenses": 0,
        "operatingExpenses": 32658000,
        "costAndExpenses": 141156000,
        "interestIncome": 0,
        "interestExpense": 0,
        "depreciationAndAmortization": 1802000,
        "ebitda": 27198000,
        "ebitdaratio": 0.1633003506,
        "operatingIncome": 25396000,
        "operatingIncomeRatio": 0.1524809069,
        "totalOtherIncomeExpensesNet": 2666000,
        "incomeBeforeTax": 28062000,
        "incomeBeforeTaxRatio": 0.1684879197,
        "incomeTaxExpense": 91000,
        "netIncome": 27971000,
        "netIncomeRatio": 0.1679415438,
        "eps": 0.66,
        "epsdiluted": 0.61,
        "weightedAverageShsOut": 42433648,
        "weightedAverageShsOutDil": 46131556,
        "link": "https://www.sec.gov/Archives/edgar/data/1419612/000117891317003075/0001178913-17-003075-index.htm",
        "finalLink": "https://www.sec.gov/Archives/edgar/data/1419612/000117891317003075/zk1720724.htm"
    },
    {
        "date": "2017-06-30",
        "symbol": "SEDG",
        "reportedCurrency": "USD",
        "cik": "0001419612",
        "fillingDate": "2017-08-03",
        "acceptedDate": "2017-08-03 13:16:11",
        "calendarYear": "2017",
        "period": "Q2",
        "revenue": 136099000,
        "costOfRevenue": 89033000,
        "grossProfit": 47066000,
        "grossProfitRatio": 0.3458217915,
        "researchAndDevelopmentExpenses": 12725000,
        "generalAndAdministrativeExpenses": 3265000,
        "sellingAndMarketingExpenses": 11961000,
        "sellingGeneralAndAdministrativeExpenses": 15226000,
        "otherExpenses": 0,
        "operatingExpenses": 27951000,
        "costAndExpenses": 116984000,
        "interestIncome": 0,
        "interestExpense": 0,
        "depreciationAndAmortization": 1610000,
        "ebitda": 20725000,
        "ebitdaratio": 0.1522788558,
        "operatingIncome": 19115000,
        "operatingIncomeRatio": 0.1404492318,
        "totalOtherIncomeExpensesNet": 3595000,
        "incomeBeforeTax": 22710000,
        "incomeBeforeTaxRatio": 0.1668638271,
        "incomeTaxExpense": 186000,
        "netIncome": 22524000,
        "netIncomeRatio": 0.1654971749,
        "eps": 0.54,
        "epsdiluted": 0.5,
        "weightedAverageShsOut": 41711111,
        "weightedAverageShsOutDil": 44831590,
        "link": "https://www.sec.gov/Archives/edgar/data/1419612/000117891317002265/0001178913-17-002265-index.htm",
        "finalLink": "https://www.sec.gov/Archives/edgar/data/1419612/000117891317002265/zk1720325.htm"
    },
    {
        "date": "2017-03-31",
        "symbol": "SEDG",
        "reportedCurrency": "USD",
        "cik": "0001419612",
        "fillingDate": "2017-05-10",
        "acceptedDate": "2017-05-10 13:29:35",
        "calendarYear": "2017",
        "period": "Q1",
        "revenue": 115054000,
        "costOfRevenue": 76378000,
        "grossProfit": 38676000,
        "grossProfitRatio": 0.3361551967,
        "researchAndDevelopmentExpenses": 11458000,
        "generalAndAdministrativeExpenses": 4439000,
        "sellingAndMarketingExpenses": 10775000,
        "sellingGeneralAndAdministrativeExpenses": 15214000,
        "otherExpenses": 0,
        "operatingExpenses": 26672000,
        "costAndExpenses": 103050000,
        "interestIncome": 0,
        "interestExpense": 0,
        "depreciationAndAmortization": 1520000,
        "ebitda": 13524000,
        "ebitdaratio": 0.117544805,
        "operatingIncome": 12004000,
        "operatingIncomeRatio": 0.1043336173,
        "totalOtherIncomeExpensesNet": 1410000,
        "incomeBeforeTax": 13414000,
        "incomeBeforeTaxRatio": 0.1165887322,
        "incomeTaxExpense": -761000,
        "netIncome": 14175000,
        "netIncomeRatio": 0.1232030177,
        "eps": 0.34,
        "epsdiluted": 0.32,
        "weightedAverageShsOut": 41348225,
        "weightedAverageShsOutDil": 43837505,
        "link": "https://www.sec.gov/Archives/edgar/data/1419612/000117891317001381/0001178913-17-001381-index.htm",
        "finalLink": "https://www.sec.gov/Archives/edgar/data/1419612/000117891317001381/zk1719889.htm"
    },
    {
        "date": "2016-12-31",
        "symbol": "SEDG",
        "reportedCurrency": "USD",
        "cik": "0001419612",
        "fillingDate": "2016-12-31",
        "acceptedDate": "2016-12-30 19:00:00",
        "calendarYear": "2016",
        "period": "Q4",
        "revenue": 111513000,
        "costOfRevenue": 72488000,
        "grossProfit": 39025000,
        "grossProfitRatio": 0.3499591976,
        "researchAndDevelopmentExpenses": 10344000,
        "generalAndAdministrativeExpenses": 1927000,
        "sellingAndMarketingExpenses": 10408000,
        "sellingGeneralAndAdministrativeExpenses": 13534000,
        "otherExpenses": 0,
        "operatingExpenses": 28159000,
        "costAndExpenses": 100647000,
        "interestIncome": 1102000,
        "interestExpense": 0,
        "depreciationAndAmortization": 1467000,
        "ebitda": 16614000,
        "ebitdaratio": 0.1489871136,
        "operatingIncome": 15147000,
        "operatingIncomeRatio": 0.1358316968,
        "totalOtherIncomeExpensesNet": -3179000,
        "incomeBeforeTax": 11968000,
        "incomeBeforeTaxRatio": 0.1073238098,
        "incomeTaxExpense": 2203000,
        "netIncome": 9765000,
        "netIncomeRatio": 0.0875682656,
        "eps": 0.23,
        "epsdiluted": 0.22,
        "weightedAverageShsOut": 42404714,
        "weightedAverageShsOutDil": 43674289,
        "link": null,
        "finalLink": null
    },
    {
        "date": "2016-09-30",
        "symbol": "SEDG",
        "reportedCurrency": "USD",
        "cik": "0001419612",
        "fillingDate": "2016-11-09",
        "acceptedDate": "2016-11-09 16:42:50",
        "calendarYear": "2016",
        "period": "Q3",
        "revenue": 128484000,
        "costOfRevenue": 86609000,
        "grossProfit": 41875000,
        "grossProfitRatio": 0.3259160674,
        "researchAndDevelopmentExpenses": 9935000,
        "generalAndAdministrativeExpenses": 3664000,
        "sellingAndMarketingExpenses": 10036000,
        "sellingGeneralAndAdministrativeExpenses": 13700000,
        "otherExpenses": 0,
        "operatingExpenses": 23635000,
        "costAndExpenses": 110244000,
        "interestIncome": 0,
        "interestExpense": 0,
        "depreciationAndAmortization": 1292000,
        "ebitda": 19532000,
        "ebitdaratio": 0.1520189284,
        "operatingIncome": 18240000,
        "operatingIncomeRatio": 0.1419632016,
        "totalOtherIncomeExpensesNet": 390000,
        "incomeBeforeTax": 18630000,
        "incomeBeforeTaxRatio": 0.144998599,
        "incomeTaxExpense": 3014000,
        "netIncome": 15616000,
        "netIncomeRatio": 0.1215404253,
        "eps": 0.38,
        "epsdiluted": 0.35,
        "weightedAverageShsOut": 41094737,
        "weightedAverageShsOutDil": 43995227,
        "link": "https://www.sec.gov/Archives/edgar/data/1419612/000117891316006821/0001178913-16-006821-index.htm",
        "finalLink": "https://www.sec.gov/Archives/edgar/data/1419612/000117891316006821/zk1619139.htm"
    },
    {
        "date": "2016-06-30",
        "symbol": "SEDG",
        "reportedCurrency": "USD",
        "cik": "0001419612",
        "fillingDate": "2016-08-17",
        "acceptedDate": "2016-08-17 14:47:36",
        "calendarYear": "2016",
        "period": "Q2",
        "revenue": 124752000,
        "costOfRevenue": 85639000,
        "grossProfit": 39113000,
        "grossProfitRatio": 0.3135260357,
        "researchAndDevelopmentExpenses": 9232000,
        "generalAndAdministrativeExpenses": 3067000,
        "sellingAndMarketingExpenses": 8930000,
        "sellingGeneralAndAdministrativeExpenses": 11997000,
        "otherExpenses": 0,
        "operatingExpenses": 21229000,
        "costAndExpenses": 106868000,
        "interestIncome": 0,
        "interestExpense": 0,
        "depreciationAndAmortization": 1183000,
        "ebitda": 19538000,
        "ebitdaratio": 0.1566147236,
        "operatingIncome": 17884000,
        "operatingIncomeRatio": 0.1433564191,
        "totalOtherIncomeExpensesNet": -527000,
        "incomeBeforeTax": 17357000,
        "incomeBeforeTaxRatio": 0.139132038,
        "incomeTaxExpense": 84000,
        "netIncome": 17273000,
        "netIncomeRatio": 0.1384587021,
        "eps": 0.42,
        "epsdiluted": 0.39,
        "weightedAverageShsOut": 40776059,
        "weightedAverageShsOutDil": 44463087,
        "link": "https://www.sec.gov/Archives/edgar/data/1419612/000117891316006268/0001178913-16-006268-index.htm",
        "finalLink": "https://www.sec.gov/Archives/edgar/data/1419612/000117891316006268/zk1618870.htm"
    },
    {
        "date": "2016-03-31",
        "symbol": "SEDG",
        "reportedCurrency": "USD",
        "cik": "0001419612",
        "fillingDate": "2016-05-10",
        "acceptedDate": "2016-05-10 14:30:54",
        "calendarYear": "2016",
        "period": "Q1",
        "revenue": 125205000,
        "costOfRevenue": 84471000,
        "grossProfit": 40734000,
        "grossProfitRatio": 0.325338445,
        "researchAndDevelopmentExpenses": 8709000,
        "generalAndAdministrativeExpenses": 3460000,
        "sellingAndMarketingExpenses": 8826000,
        "sellingGeneralAndAdministrativeExpenses": 12286000,
        "otherExpenses": 0,
        "operatingExpenses": 20995000,
        "costAndExpenses": 105466000,
        "interestIncome": 0,
        "interestExpense": 0,
        "depreciationAndAmortization": 993000,
        "ebitda": 20732000,
        "ebitdaratio": 0.1655844415,
        "operatingIncome": 19739000,
        "operatingIncomeRatio": 0.1576534483,
        "totalOtherIncomeExpensesNet": 2029000,
        "incomeBeforeTax": 21768000,
        "incomeBeforeTaxRatio": 0.1738588715,
        "incomeTaxExpense": 969000,
        "netIncome": 20799000,
        "netIncomeRatio": 0.1661195639,
        "eps": 0.52,
        "epsdiluted": 0.47,
        "weightedAverageShsOut": 40362093,
        "weightedAverageShsOutDil": 44577901,
        "link": "https://www.sec.gov/Archives/edgar/data/1419612/000117891316005371/0001178913-16-005371-index.htm",
        "finalLink": "https://www.sec.gov/Archives/edgar/data/1419612/000117891316005371/zk1618453.htm"
    },
    {
        "date": "2015-12-31",
        "symbol": "SEDG",
        "reportedCurrency": "USD",
        "cik": "0001419612",
        "fillingDate": "2016-02-08",
        "acceptedDate": "2016-02-08 09:19:56",
        "calendarYear": "2015",
        "period": "Q4",
        "revenue": 124832000,
        "costOfRevenue": 86250000,
        "grossProfit": 38582000,
        "grossProfitRatio": 0.309071392,
        "researchAndDevelopmentExpenses": 8299000,
        "generalAndAdministrativeExpenses": 2188000,
        "sellingAndMarketingExpenses": 8833000,
        "sellingGeneralAndAdministrativeExpenses": 11021000,
        "otherExpenses": 0,
        "operatingExpenses": 19320000,
        "costAndExpenses": 105570000,
        "interestIncome": 0,
        "interestExpense": 0,
        "depreciationAndAmortization": 912000,
        "ebitda": 19262000,
        "ebitdaratio": 0.1543033837,
        "operatingIncome": 19262000,
        "operatingIncomeRatio": 0.1543033837,
        "totalOtherIncomeExpensesNet": -959000,
        "incomeBeforeTax": 18303000,
        "incomeBeforeTaxRatio": 0.1466210587,
        "incomeTaxExpense": -5802000,
        "netIncome": 24105000,
        "netIncomeRatio": 0.1930995258,
        "eps": 0.61,
        "epsdiluted": 0.55,
        "weightedAverageShsOut": 39511967,
        "weightedAverageShsOutDil": 44007348,
        "link": "https://www.sec.gov/Archives/edgar/data/1419612/000117891316004185/0001178913-16-004185-index.htm",
        "finalLink": "https://www.sec.gov/Archives/edgar/data/1419612/000117891316004185/zk1617937.htm"
    },
    {
        "date": "2015-09-30",
        "symbol": "SEDG",
        "reportedCurrency": "USD",
        "cik": "0001419612",
        "fillingDate": "2015-11-06",
        "acceptedDate": "2015-11-06 08:07:50",
        "calendarYear": "2015",
        "period": "Q3",
        "revenue": 115054000,
        "costOfRevenue": 81527000,
        "grossProfit": 33527000,
        "grossProfitRatio": 0.2914022981,
        "researchAndDevelopmentExpenses": 6991000,
        "generalAndAdministrativeExpenses": 3418000,
        "sellingAndMarketingExpenses": 8244000,
        "sellingGeneralAndAdministrativeExpenses": 11662000,
        "otherExpenses": 0,
        "operatingExpenses": 18653000,
        "costAndExpenses": 100180000,
        "interestIncome": 0,
        "interestExpense": 0,
        "depreciationAndAmortization": 759000,
        "ebitda": 14874000,
        "ebitdaratio": 0.1292784258,
        "operatingIncome": 14874000,
        "operatingIncomeRatio": 0.1292784258,
        "totalOtherIncomeExpensesNet": -72000,
        "incomeBeforeTax": 14802000,
        "incomeBeforeTaxRatio": 0.1286526327,
        "incomeTaxExpense": 370000,
        "netIncome": 14432000,
        "netIncomeRatio": 0.1254367514,
        "eps": 0.37,
        "epsdiluted": 0.32,
        "weightedAverageShsOut": 39301620,
        "weightedAverageShsOutDil": 44455964,
        "link": "https://www.sec.gov/Archives/edgar/data/1419612/000117891315003313/0001178913-15-003313-index.htm",
        "finalLink": "https://www.sec.gov/Archives/edgar/data/1419612/000117891315003313/zk1517510.htm"
    },
    {
        "date": "2015-06-30",
        "symbol": "SEDG",
        "reportedCurrency": "USD",
        "cik": "0001419612",
        "fillingDate": "2015-08-20",
        "acceptedDate": "2015-08-20 16:08:36",
        "calendarYear": "2015",
        "period": "Q2",
        "revenue": 98420000,
        "costOfRevenue": 70149000,
        "grossProfit": 28271000,
        "grossProfitRatio": 0.2872485267,
        "researchAndDevelopmentExpenses": 6701000,
        "generalAndAdministrativeExpenses": 2265000,
        "sellingAndMarketingExpenses": 7432000,
        "sellingGeneralAndAdministrativeExpenses": 9697000,
        "otherExpenses": 0,
        "operatingExpenses": 16398000,
        "costAndExpenses": 86547000,
        "interestIncome": 0,
        "interestExpense": 0,
        "depreciationAndAmortization": 606000,
        "ebitda": 8193000,
        "ebitdaratio": 0.0832452754,
        "operatingIncome": 11873000,
        "operatingIncomeRatio": 0.1206360496,
        "totalOtherIncomeExpensesNet": -1803000,
        "incomeBeforeTax": 10070000,
        "incomeBeforeTaxRatio": 0.1023166023,
        "incomeTaxExpense": 809000,
        "netIncome": 9261000,
        "netIncomeRatio": 0.0940967283,
        "eps": 0.0901,
        "epsdiluted": 0.0901,
        "weightedAverageShsOut": 39160404,
        "weightedAverageShsOutDil": 44473080,
        "link": "https://www.sec.gov/Archives/edgar/data/1419612/000117891315002692/0001178913-15-002692-index.htm",
        "finalLink": "https://www.sec.gov/Archives/edgar/data/1419612/000117891315002692/zk1517232.htm"
    },
    {
        "date": "2015-03-31",
        "symbol": "SEDG",
        "reportedCurrency": "USD",
        "cik": "0001419612",
        "fillingDate": "2015-05-08",
        "acceptedDate": "2015-05-08 06:54:34",
        "calendarYear": "2015",
        "period": "Q1",
        "revenue": 86399000,
        "costOfRevenue": 62698000,
        "grossProfit": 23701000,
        "grossProfitRatio": 0.2743203046,
        "researchAndDevelopmentExpenses": 5490000,
        "generalAndAdministrativeExpenses": 1990000,
        "sellingAndMarketingExpenses": 6422000,
        "sellingGeneralAndAdministrativeExpenses": 8412000,
        "otherExpenses": 0,
        "operatingExpenses": 13902000,
        "costAndExpenses": 76600000,
        "interestIncome": 0,
        "interestExpense": 3436000,
        "depreciationAndAmortization": 544000,
        "ebitda": 10343000,
        "ebitdaratio": 0.1197120337,
        "operatingIncome": 9799000,
        "operatingIncomeRatio": 0.1134156645,
        "totalOtherIncomeExpensesNet": -3436000,
        "incomeBeforeTax": 6363000,
        "incomeBeforeTaxRatio": 0.0736466857,
        "incomeTaxExpense": 398000,
        "netIncome": 5965000,
        "netIncomeRatio": 0.0690401509,
        "eps": 0.15,
        "epsdiluted": 0.14,
        "weightedAverageShsOut": 38612723,
        "weightedAverageShsOutDil": 41269061,
        "link": "https://www.sec.gov/Archives/edgar/data/1419612/000117891315001534/0001178913-15-001534-index.htm",
        "finalLink": "https://www.sec.gov/Archives/edgar/data/1419612/000117891315001534/zk1516718.htm"
    },
    {
        "date": "2014-12-31",
        "symbol": "SEDG",
        "reportedCurrency": "USD",
        "cik": "0001419612",
        "fillingDate": "2014-12-31",
        "acceptedDate": "2014-12-30 19:00:00",
        "calendarYear": "2014",
        "period": "Q4",
        "revenue": 73290000,
        "costOfRevenue": 57509000,
        "grossProfit": 15781000,
        "grossProfitRatio": 0.2153226907,
        "researchAndDevelopmentExpenses": 4768000,
        "generalAndAdministrativeExpenses": 1121000,
        "sellingAndMarketingExpenses": 5658000,
        "sellingGeneralAndAdministrativeExpenses": 6779000,
        "otherExpenses": 0,
        "operatingExpenses": 11547000,
        "costAndExpenses": 69056000,
        "interestIncome": 0,
        "interestExpense": 0,
        "depreciationAndAmortization": 561000,
        "ebitda": 4795000,
        "ebitdaratio": 0.0654250239,
        "operatingIncome": 4234000,
        "operatingIncomeRatio": 0.0577705008,
        "totalOtherIncomeExpensesNet": -458000,
        "incomeBeforeTax": 3776000,
        "incomeBeforeTaxRatio": 0.0515213535,
        "incomeTaxExpense": 401000,
        "netIncome": 3375000,
        "netIncomeRatio": 0.0460499386,
        "eps": 0.0887,
        "epsdiluted": 0.0887,
        "weightedAverageShsOut": 38065042,
        "weightedAverageShsOutDil": 38065042,
        "link": null,
        "finalLink": null
    },
    {
        "date": "2014-09-30",
        "symbol": "SEDG",
        "reportedCurrency": "USD",
        "cik": "0001419612",
        "fillingDate": "2014-09-30",
        "acceptedDate": "2014-09-29 20:00:00",
        "calendarYear": "2014",
        "period": "Q3",
        "revenue": 66969000,
        "costOfRevenue": 52939000,
        "grossProfit": 14030000,
        "grossProfitRatio": 0.2094999179,
        "researchAndDevelopmentExpenses": 5059000,
        "generalAndAdministrativeExpenses": 1159000,
        "sellingAndMarketingExpenses": 5461000,
        "sellingGeneralAndAdministrativeExpenses": 6620000,
        "otherExpenses": 0,
        "operatingExpenses": 11679000,
        "costAndExpenses": 64618000,
        "interestIncome": 584000,
        "interestExpense": 68000,
        "depreciationAndAmortization": 542000,
        "ebitda": 2893000,
        "ebitdaratio": 0.0431990921,
        "operatingIncome": 2351000,
        "operatingIncomeRatio": 0.0351057952,
        "totalOtherIncomeExpensesNet": 516000,
        "incomeBeforeTax": 2867000,
        "incomeBeforeTaxRatio": 0.0428108528,
        "incomeTaxExpense": 347000,
        "netIncome": 2520000,
        "netIncomeRatio": 0.0376293509,
        "eps": 0.0848,
        "epsdiluted": 0.0796,
        "weightedAverageShsOut": 29703142,
        "weightedAverageShsOutDil": 31641743,
        "link": null,
        "finalLink": null
    },
    {
        "date": "2014-06-30",
        "symbol": "SEDG",
        "reportedCurrency": "USD",
        "cik": "0001419612",
        "fillingDate": "2014-06-30",
        "acceptedDate": "2014-06-29 20:00:00",
        "calendarYear": "2014",
        "period": "Q2",
        "revenue": 44573000,
        "costOfRevenue": 35849000,
        "grossProfit": 8724000,
        "grossProfitRatio": 0.1957238687,
        "researchAndDevelopmentExpenses": 4570000,
        "generalAndAdministrativeExpenses": 1174000,
        "sellingAndMarketingExpenses": 5420000,
        "sellingGeneralAndAdministrativeExpenses": 6594000,
        "otherExpenses": 0,
        "operatingExpenses": 11164000,
        "costAndExpenses": 47013000,
        "interestIncome": 305000,
        "interestExpense": 0,
        "depreciationAndAmortization": 527000,
        "ebitda": -2710000,
        "ebitdaratio": -0.0607991385,
        "operatingIncome": -2440000,
        "operatingIncomeRatio": -0.0547416597,
        "totalOtherIncomeExpensesNet": -470000,
        "incomeBeforeTax": -2910000,
        "incomeBeforeTaxRatio": -0.0652861598,
        "incomeTaxExpense": 132000,
        "netIncome": -3042000,
        "netIncomeRatio": -0.0682475938,
        "eps": -0.1,
        "epsdiluted": -0.0961,
        "weightedAverageShsOut": 29703142,
        "weightedAverageShsOutDil": 31641743,
        "link": null,
        "finalLink": null
    },
    {
        "date": "2014-03-31",
        "symbol": "SEDG",
        "reportedCurrency": "USD",
        "cik": "0001419612",
        "fillingDate": "2014-03-31",
        "acceptedDate": "2014-03-30 20:00:00",
        "calendarYear": "2014",
        "period": "Q1",
        "revenue": 30560000,
        "costOfRevenue": 24331000,
        "grossProfit": 6229000,
        "grossProfitRatio": 0.203828534,
        "researchAndDevelopmentExpenses": 4864000,
        "generalAndAdministrativeExpenses": 1318000,
        "sellingAndMarketingExpenses": 4592000,
        "sellingGeneralAndAdministrativeExpenses": 5910000,
        "otherExpenses": 0,
        "operatingExpenses": 10774000,
        "costAndExpenses": 35105000,
        "interestIncome": 0,
        "interestExpense": 626000,
        "depreciationAndAmortization": 496000,
        "ebitda": -4049000,
        "ebitdaratio": -0.1324934555,
        "operatingIncome": -4545000,
        "operatingIncomeRatio": -0.148723822,
        "totalOtherIncomeExpensesNet": -626000,
        "incomeBeforeTax": -5171000,
        "incomeBeforeTaxRatio": -0.1692081152,
        "incomeTaxExpense": 67000,
        "netIncome": -5238000,
        "netIncomeRatio": -0.1714005236,
        "eps": -0.18,
        "epsdiluted": -0.17,
        "weightedAverageShsOut": 29703142,
        "weightedAverageShsOutDil": 31641743,
        "link": null,
        "finalLink": null
    },
    {
        "date": "2013-12-31",
        "symbol": "SEDG",
        "reportedCurrency": "USD",
        "cik": "0001419612",
        "fillingDate": "2013-12-31",
        "acceptedDate": "2013-12-30 19:00:00",
        "calendarYear": "2013",
        "period": "Q4",
        "revenue": 27569000,
        "costOfRevenue": 24609000,
        "grossProfit": 2960000,
        "grossProfitRatio": 0.1073669701,
        "researchAndDevelopmentExpenses": 4686000,
        "generalAndAdministrativeExpenses": 719000,
        "sellingAndMarketingExpenses": 4123000,
        "sellingGeneralAndAdministrativeExpenses": 5133000,
        "otherExpenses": 0,
        "operatingExpenses": 10217000,
        "costAndExpenses": 34826000,
        "interestIncome": 516000,
        "interestExpense": 0,
        "depreciationAndAmortization": 492000,
        "ebitda": -6367000,
        "ebitdaratio": -0.2309478037,
        "operatingIncome": -6859000,
        "operatingIncomeRatio": -0.2487939352,
        "totalOtherIncomeExpensesNet": -914000,
        "incomeBeforeTax": -7773000,
        "incomeBeforeTaxRatio": -0.2819471145,
        "incomeTaxExpense": 14000,
        "netIncome": -7787000,
        "netIncomeRatio": -0.2824549313,
        "eps": -0.26,
        "epsdiluted": -0.25,
        "weightedAverageShsOut": 29703142,
        "weightedAverageShsOutDil": 31641743,
        "link": null,
        "finalLink": null
    },
    {
        "date": "2013-09-30",
        "symbol": "SEDG",
        "reportedCurrency": "USD",
        "cik": "0001419612",
        "fillingDate": "2013-09-30",
        "acceptedDate": "2013-09-29 20:00:00",
        "calendarYear": "2013",
        "period": "Q3",
        "revenue": 30515000,
        "costOfRevenue": 26457000,
        "grossProfit": 4058000,
        "grossProfitRatio": 0.1329837785,
        "researchAndDevelopmentExpenses": 4136000,
        "generalAndAdministrativeExpenses": 509000,
        "sellingAndMarketingExpenses": 3657000,
        "sellingGeneralAndAdministrativeExpenses": 4449000,
        "otherExpenses": 0,
        "operatingExpenses": 8860000,
        "costAndExpenses": 35317000,
        "interestIncome": 502000,
        "interestExpense": 0,
        "depreciationAndAmortization": 463000,
        "ebitda": -4064000,
        "ebitdaratio": -0.1331804031,
        "operatingIncome": -4527000,
        "operatingIncomeRatio": -0.1483532689,
        "totalOtherIncomeExpensesNet": -777000,
        "incomeBeforeTax": -5304000,
        "incomeBeforeTaxRatio": -0.173816156,
        "incomeTaxExpense": 7000,
        "netIncome": -5311000,
        "netIncomeRatio": -0.1740455514,
        "eps": -0.18,
        "epsdiluted": -0.17,
        "weightedAverageShsOut": 29703142,
        "weightedAverageShsOutDil": 31641743,
        "link": null,
        "finalLink": null
    }
]