[
    {
        "date": "2025-06-30",
        "symbol": "SGN",
        "reportedCurrency": "USD",
        "cik": "0001898474",
        "fillingDate": "2025-06-30",
        "acceptedDate": "2025-06-29 20:00:00",
        "calendarYear": "2025",
        "period": "Q2",
        "revenue": 66806,
        "costOfRevenue": 57596,
        "grossProfit": 9210,
        "grossProfitRatio": 0.1378618687,
        "researchAndDevelopmentExpenses": 0,
        "generalAndAdministrativeExpenses": 0,
        "sellingAndMarketingExpenses": 0,
        "sellingGeneralAndAdministrativeExpenses": 1592647,
        "otherExpenses": 0,
        "operatingExpenses": 1592647,
        "costAndExpenses": 1650243,
        "interestIncome": 7037,
        "interestExpense": 0,
        "depreciationAndAmortization": 52238,
        "ebitda": -1314442,
        "ebitdaratio": -19.6755081879,
        "operatingIncome": -1583437,
        "operatingIncomeRatio": -23.7020177828,
        "totalOtherIncomeExpensesNet": 216753,
        "incomeBeforeTax": -1366684,
        "incomeBeforeTaxRatio": -20.457503817,
        "incomeTaxExpense": 0,
        "netIncome": -1366684,
        "netIncomeRatio": -20.457503817,
        "eps": -0.39,
        "epsdiluted": -0.39,
        "weightedAverageShsOut": 3518625,
        "weightedAverageShsOutDil": 3518625,
        "link": null,
        "finalLink": null
    },
    {
        "date": "2025-03-31",
        "symbol": "SGN",
        "reportedCurrency": "USD",
        "cik": "0001898474",
        "fillingDate": "2025-03-31",
        "acceptedDate": "2025-03-31 00:00:00",
        "calendarYear": "2025",
        "period": "Q1",
        "revenue": 148358,
        "costOfRevenue": 14301,
        "grossProfit": 134057,
        "grossProfitRatio": 0.9036047938,
        "researchAndDevelopmentExpenses": 0,
        "generalAndAdministrativeExpenses": 969869,
        "sellingAndMarketingExpenses": 536,
        "sellingGeneralAndAdministrativeExpenses": 970405,
        "otherExpenses": 0,
        "operatingExpenses": 970405,
        "costAndExpenses": 984706,
        "interestIncome": 3584,
        "interestExpense": 20994,
        "depreciationAndAmortization": 54863,
        "ebitda": -767000,
        "ebitdaratio": -5.1699267987,
        "operatingIncome": -836000,
        "operatingIncomeRatio": -5.635017997,
        "totalOtherIncomeExpensesNet": -6646,
        "incomeBeforeTax": -843000,
        "incomeBeforeTaxRatio": -5.6822011621,
        "incomeTaxExpense": 0,
        "netIncome": -843000,
        "netIncomeRatio": -5.6822011621,
        "eps": -1.97,
        "epsdiluted": -1.97,
        "weightedAverageShsOut": 426931,
        "weightedAverageShsOutDil": 426931,
        "link": null,
        "finalLink": null
    },
    {
        "date": "2024-12-31",
        "symbol": "SGN",
        "reportedCurrency": "USD",
        "cik": "0001898474",
        "fillingDate": "2024-12-31",
        "acceptedDate": "2024-12-31 00:00:00",
        "calendarYear": "2024",
        "period": "Q4",
        "revenue": 120599,
        "costOfRevenue": 39348,
        "grossProfit": 81251,
        "grossProfitRatio": 0.6737286379,
        "researchAndDevelopmentExpenses": 0,
        "generalAndAdministrativeExpenses": 3039070,
        "sellingAndMarketingExpenses": 2524,
        "sellingGeneralAndAdministrativeExpenses": 3041594,
        "otherExpenses": 0,
        "operatingExpenses": 3041594,
        "costAndExpenses": 3080942,
        "interestIncome": 0,
        "interestExpense": 587582,
        "depreciationAndAmortization": 61873,
        "ebitda": -2663716,
        "ebitdaratio": -22.0873804924,
        "operatingIncome": -2960343,
        "operatingIncomeRatio": -24.5469945854,
        "totalOtherIncomeExpensesNet": -352828,
        "incomeBeforeTax": -3313171,
        "incomeBeforeTaxRatio": -27.4726241511,
        "incomeTaxExpense": 0,
        "netIncome": -3313171,
        "netIncomeRatio": -27.4726241511,
        "eps": -7.76,
        "epsdiluted": -7.76,
        "weightedAverageShsOut": 426931,
        "weightedAverageShsOutDil": 426931,
        "link": null,
        "finalLink": null
    },
    {
        "date": "2024-09-30",
        "symbol": "SGN",
        "reportedCurrency": "USD",
        "cik": "0001898474",
        "fillingDate": "2024-09-30",
        "acceptedDate": "2024-09-30 00:00:00",
        "calendarYear": "2024",
        "period": "Q3",
        "revenue": 55363,
        "costOfRevenue": 30259,
        "grossProfit": 25104,
        "grossProfitRatio": 0.4534436356,
        "researchAndDevelopmentExpenses": 0,
        "generalAndAdministrativeExpenses": 1463768,
        "sellingAndMarketingExpenses": -1319,
        "sellingGeneralAndAdministrativeExpenses": 1462449,
        "otherExpenses": 0,
        "operatingExpenses": 1462449,
        "costAndExpenses": 1492708,
        "interestIncome": 0,
        "interestExpense": 120753,
        "depreciationAndAmortization": 121014,
        "ebitda": -1360286,
        "ebitdaratio": -24.5703086899,
        "operatingIncome": -1437345,
        "operatingIncomeRatio": -25.9621949678,
        "totalOtherIncomeExpensesNet": -164708,
        "incomeBeforeTax": -1602053,
        "incomeBeforeTaxRatio": -28.9372505103,
        "incomeTaxExpense": 0,
        "netIncome": -1602053,
        "netIncomeRatio": -28.9372505103,
        "eps": -4.38,
        "epsdiluted": -4.2,
        "weightedAverageShsOut": 365791,
        "weightedAverageShsOutDil": 381822,
        "link": null,
        "finalLink": null
    },
    {
        "date": "2024-06-30",
        "symbol": "SGN",
        "reportedCurrency": "USD",
        "cik": "0001898474",
        "fillingDate": "2024-06-30",
        "acceptedDate": "2024-06-28 20:00:00",
        "calendarYear": "2024",
        "period": "Q2",
        "revenue": 204962,
        "costOfRevenue": 62160,
        "grossProfit": 142802,
        "grossProfitRatio": 0.6967242708,
        "researchAndDevelopmentExpenses": 0,
        "generalAndAdministrativeExpenses": 1268000,
        "sellingAndMarketingExpenses": 884,
        "sellingGeneralAndAdministrativeExpenses": 1269000,
        "otherExpenses": 0,
        "operatingExpenses": 1269000,
        "costAndExpenses": 1331000,
        "interestIncome": 27832,
        "interestExpense": 41156,
        "depreciationAndAmortization": -7339,
        "ebitda": -1272000,
        "ebitdaratio": -6.2060284345,
        "operatingIncome": -1126000,
        "operatingIncomeRatio": -5.4937012715,
        "totalOtherIncomeExpensesNet": -187000,
        "incomeBeforeTax": -1313000,
        "incomeBeforeTaxRatio": -6.4060655146,
        "incomeTaxExpense": 0,
        "netIncome": -1313000,
        "netIncomeRatio": -6.4060655146,
        "eps": -4.25,
        "epsdiluted": -4.25,
        "weightedAverageShsOut": 309227,
        "weightedAverageShsOutDil": 309227,
        "link": null,
        "finalLink": null
    },
    {
        "date": "2024-03-31",
        "symbol": "SGN",
        "reportedCurrency": "USD",
        "cik": "0001898474",
        "fillingDate": "2024-03-31",
        "acceptedDate": "2024-03-30 20:00:00",
        "calendarYear": "2024",
        "period": "Q1",
        "revenue": 234627,
        "costOfRevenue": 69034,
        "grossProfit": 165593,
        "grossProfitRatio": 0.705771288,
        "researchAndDevelopmentExpenses": 0,
        "generalAndAdministrativeExpenses": 2042969,
        "sellingAndMarketingExpenses": 92725,
        "sellingGeneralAndAdministrativeExpenses": 2135694,
        "otherExpenses": 0,
        "operatingExpenses": 2135694,
        "costAndExpenses": 2204728,
        "interestIncome": 0,
        "interestExpense": 38073,
        "depreciationAndAmortization": 56851,
        "ebitda": -2402960,
        "ebitdaratio": -10.2416175461,
        "operatingIncome": -1970100,
        "operatingIncomeRatio": -8.3967318339,
        "totalOtherIncomeExpensesNet": -527785,
        "incomeBeforeTax": -2497886,
        "incomeBeforeTaxRatio": -10.6462001389,
        "incomeTaxExpense": 0,
        "netIncome": -2497886,
        "netIncomeRatio": -10.6462001389,
        "eps": -8.12,
        "epsdiluted": -8.12,
        "weightedAverageShsOut": 307671,
        "weightedAverageShsOutDil": 307671,
        "link": null,
        "finalLink": null
    },
    {
        "date": "2023-12-31",
        "symbol": "SGN",
        "reportedCurrency": "USD",
        "cik": "0001898474",
        "fillingDate": "2023-12-31",
        "acceptedDate": "2023-12-30 19:00:00",
        "calendarYear": "2023",
        "period": "Q4",
        "revenue": 81536,
        "costOfRevenue": 186160,
        "grossProfit": -104624,
        "grossProfitRatio": -1.2831632653,
        "researchAndDevelopmentExpenses": 0,
        "generalAndAdministrativeExpenses": 2737646,
        "sellingAndMarketingExpenses": 127405,
        "sellingGeneralAndAdministrativeExpenses": 2865051,
        "otherExpenses": -182046,
        "operatingExpenses": 2683005,
        "costAndExpenses": 2869165,
        "interestIncome": 0,
        "interestExpense": 91854,
        "depreciationAndAmortization": 182046,
        "ebitda": -2528423,
        "ebitdaratio": -31.0098974686,
        "operatingIncome": -2787630,
        "operatingIncomeRatio": -34.1889472135,
        "totalOtherIncomeExpensesNet": -14690,
        "incomeBeforeTax": -2802319,
        "incomeBeforeTaxRatio": -34.3691007653,
        "incomeTaxExpense": 0,
        "netIncome": -2802319,
        "netIncomeRatio": -34.3691007653,
        "eps": -10.58,
        "epsdiluted": -10.58,
        "weightedAverageShsOut": 264971,
        "weightedAverageShsOutDil": 264971,
        "link": null,
        "finalLink": null
    },
    {
        "date": "2023-09-30",
        "symbol": "SGN",
        "reportedCurrency": "USD",
        "cik": "0001898474",
        "fillingDate": "2023-09-30",
        "acceptedDate": "2023-09-29 20:00:00",
        "calendarYear": "2023",
        "period": "Q3",
        "revenue": 55212,
        "costOfRevenue": 10238,
        "grossProfit": 44974,
        "grossProfitRatio": 0.8145692965,
        "researchAndDevelopmentExpenses": 0,
        "generalAndAdministrativeExpenses": 567522,
        "sellingAndMarketingExpenses": 75565,
        "sellingGeneralAndAdministrativeExpenses": 643087,
        "otherExpenses": 0,
        "operatingExpenses": 643087,
        "costAndExpenses": 653325,
        "interestIncome": 0,
        "interestExpense": 309271,
        "depreciationAndAmortization": -24429,
        "ebitda": -628180,
        "ebitdaratio": -11.3775990727,
        "operatingIncome": -598110,
        "operatingIncomeRatio": -10.8329710932,
        "totalOtherIncomeExpensesNet": -321512,
        "incomeBeforeTax": -919625,
        "incomeBeforeTaxRatio": -16.656252264,
        "incomeTaxExpense": 0,
        "netIncome": -919625,
        "netIncomeRatio": -16.656252264,
        "eps": -3.47,
        "epsdiluted": -3.47,
        "weightedAverageShsOut": 264971,
        "weightedAverageShsOutDil": 264971,
        "link": null,
        "finalLink": null
    },
    {
        "date": "2023-06-30",
        "symbol": "SGN",
        "reportedCurrency": "USD",
        "cik": "0001898474",
        "fillingDate": "2023-06-30",
        "acceptedDate": "2023-06-29 20:00:00",
        "calendarYear": "2023",
        "period": "Q2",
        "revenue": 116810,
        "costOfRevenue": 33604,
        "grossProfit": 83206,
        "grossProfitRatio": 0.7123191508,
        "researchAndDevelopmentExpenses": 0,
        "generalAndAdministrativeExpenses": 586716,
        "sellingAndMarketingExpenses": 107194,
        "sellingGeneralAndAdministrativeExpenses": 669992,
        "otherExpenses": 0,
        "operatingExpenses": 669992,
        "costAndExpenses": 703596,
        "interestIncome": 0,
        "interestExpense": 255141,
        "depreciationAndAmortization": 23918,
        "ebitda": -611864,
        "ebitdaratio": -5.2381131752,
        "operatingIncome": -586790,
        "operatingIncomeRatio": -5.0234568958,
        "totalOtherIncomeExpensesNet": -225455,
        "incomeBeforeTax": -812245,
        "incomeBeforeTaxRatio": -6.9535570585,
        "incomeTaxExpense": 2,
        "netIncome": -812245,
        "netIncomeRatio": -6.9535570585,
        "eps": -3.07,
        "epsdiluted": -3.07,
        "weightedAverageShsOut": 264971,
        "weightedAverageShsOutDil": 264971,
        "link": null,
        "finalLink": null
    },
    {
        "date": "2023-03-31",
        "symbol": "SGN",
        "reportedCurrency": "USD",
        "cik": "0001898474",
        "fillingDate": "2023-03-31",
        "acceptedDate": "2023-03-30 20:00:00",
        "calendarYear": "2023",
        "period": "Q1",
        "revenue": 43567,
        "costOfRevenue": 71439,
        "grossProfit": -27872,
        "grossProfitRatio": -0.6397502697,
        "researchAndDevelopmentExpenses": 0,
        "generalAndAdministrativeExpenses": 694140,
        "sellingAndMarketingExpenses": 32946,
        "sellingGeneralAndAdministrativeExpenses": 734926,
        "otherExpenses": 0,
        "operatingExpenses": 734926,
        "costAndExpenses": 806365,
        "interestIncome": 1100,
        "interestExpense": 202651,
        "depreciationAndAmortization": 2353,
        "ebitda": -730765,
        "ebitdaratio": -16.7733605711,
        "operatingIncome": -762800,
        "operatingIncomeRatio": -17.5086648151,
        "totalOtherIncomeExpensesNet": -172967,
        "incomeBeforeTax": -935767,
        "incomeBeforeTaxRatio": -21.4788027636,
        "incomeTaxExpense": -3,
        "netIncome": -935767,
        "netIncomeRatio": -21.4788027636,
        "eps": -3.53,
        "epsdiluted": -3.53,
        "weightedAverageShsOut": 264971,
        "weightedAverageShsOutDil": 264971,
        "link": null,
        "finalLink": null
    },
    {
        "date": "2022-12-31",
        "symbol": "SGN",
        "reportedCurrency": "USD",
        "cik": "0001898474",
        "fillingDate": "2022-12-31",
        "acceptedDate": "2022-12-30 19:00:00",
        "calendarYear": "2022",
        "period": "Q4",
        "revenue": 6635,
        "costOfRevenue": 102507,
        "grossProfit": -95872,
        "grossProfitRatio": -14.4494348154,
        "researchAndDevelopmentExpenses": 0,
        "generalAndAdministrativeExpenses": 0,
        "sellingAndMarketingExpenses": 0,
        "sellingGeneralAndAdministrativeExpenses": 720823,
        "otherExpenses": 0,
        "operatingExpenses": 720823,
        "costAndExpenses": 823330,
        "interestIncome": 0,
        "interestExpense": 597747,
        "depreciationAndAmortization": 6396,
        "ebitda": -1501570,
        "ebitdaratio": -226.3104747551,
        "operatingIncome": -816700,
        "operatingIncomeRatio": -123.0896759608,
        "totalOtherIncomeExpensesNet": -1134376,
        "incomeBeforeTax": -1951077,
        "incomeBeforeTaxRatio": -294.0583270535,
        "incomeTaxExpense": 4,
        "netIncome": -1951077,
        "netIncomeRatio": -294.0583270535,
        "eps": -7.36,
        "epsdiluted": -7.36,
        "weightedAverageShsOut": 264971,
        "weightedAverageShsOutDil": 264971,
        "link": null,
        "finalLink": null
    },
    {
        "date": "2022-09-30",
        "symbol": "SGN",
        "reportedCurrency": "USD",
        "cik": "0001898474",
        "fillingDate": "2022-09-30",
        "acceptedDate": "2022-09-28 20:00:00",
        "calendarYear": "2022",
        "period": "Q3",
        "revenue": 3352,
        "costOfRevenue": 162050,
        "grossProfit": -158698,
        "grossProfitRatio": -47.3442720764,
        "researchAndDevelopmentExpenses": 0,
        "generalAndAdministrativeExpenses": 0,
        "sellingAndMarketingExpenses": 0,
        "sellingGeneralAndAdministrativeExpenses": 864266,
        "otherExpenses": 0,
        "operatingExpenses": 864266,
        "costAndExpenses": 1026316,
        "interestIncome": 5,
        "interestExpense": 0,
        "depreciationAndAmortization": 514,
        "ebitda": -992765,
        "ebitdaratio": -296.1709427208,
        "operatingIncome": -1022960,
        "operatingIncomeRatio": -305.1789976134,
        "totalOtherIncomeExpensesNet": 29687,
        "incomeBeforeTax": -993277,
        "incomeBeforeTaxRatio": -296.3236873508,
        "incomeTaxExpense": -4,
        "netIncome": -993277,
        "netIncomeRatio": -296.3236873508,
        "eps": -3.75,
        "epsdiluted": -3.75,
        "weightedAverageShsOut": 264971,
        "weightedAverageShsOutDil": 264971,
        "link": null,
        "finalLink": null
    },
    {
        "date": "2022-06-30",
        "symbol": "SGN",
        "reportedCurrency": "USD",
        "cik": "0001898474",
        "fillingDate": "2022-06-30",
        "acceptedDate": "2022-06-28 20:00:00",
        "calendarYear": "2022",
        "period": "Q2",
        "revenue": -3498,
        "costOfRevenue": 242739,
        "grossProfit": -246237,
        "grossProfitRatio": 70.3936535163,
        "researchAndDevelopmentExpenses": 0,
        "generalAndAdministrativeExpenses": 0,
        "sellingAndMarketingExpenses": 0,
        "sellingGeneralAndAdministrativeExpenses": 1494262,
        "otherExpenses": 0,
        "operatingExpenses": 1494262,
        "costAndExpenses": 1737000,
        "interestIncome": 283,
        "interestExpense": 0,
        "depreciationAndAmortization": 0,
        "ebitda": -1713236,
        "ebitdaratio": 489.7758719268,
        "operatingIncome": -1740500,
        "operatingIncomeRatio": 497.5700400229,
        "totalOtherIncomeExpensesNet": 27264,
        "incomeBeforeTax": -1713234,
        "incomeBeforeTaxRatio": 489.7753001715,
        "incomeTaxExpense": 0,
        "netIncome": -1713234,
        "netIncomeRatio": 489.7753001715,
        "eps": -6.47,
        "epsdiluted": -6.47,
        "weightedAverageShsOut": 264971,
        "weightedAverageShsOutDil": 264971,
        "link": null,
        "finalLink": null
    },
    {
        "date": "2022-03-31",
        "symbol": "SGN",
        "reportedCurrency": "USD",
        "cik": "0001898474",
        "fillingDate": "2022-03-31",
        "acceptedDate": "2022-03-29 20:00:00",
        "calendarYear": "2022",
        "period": "Q1",
        "revenue": 71848,
        "costOfRevenue": 275768,
        "grossProfit": -203920,
        "grossProfitRatio": -2.8382140073,
        "researchAndDevelopmentExpenses": 0,
        "generalAndAdministrativeExpenses": 0,
        "sellingAndMarketingExpenses": 0,
        "sellingGeneralAndAdministrativeExpenses": 1786470,
        "otherExpenses": 0,
        "operatingExpenses": 1786470,
        "costAndExpenses": 2062237,
        "interestIncome": 812,
        "interestExpense": 2069,
        "depreciationAndAmortization": 0,
        "ebitda": -2014158,
        "ebitdaratio": -28.0335987084,
        "operatingIncome": -1990390,
        "operatingIncomeRatio": -27.7027892217,
        "totalOtherIncomeExpensesNet": -25837,
        "incomeBeforeTax": -2016227,
        "incomeBeforeTaxRatio": -28.062395613,
        "incomeTaxExpense": 0,
        "netIncome": -2016227,
        "netIncomeRatio": -28.062395613,
        "eps": -7.61,
        "epsdiluted": -7.61,
        "weightedAverageShsOut": 264971,
        "weightedAverageShsOutDil": 264971,
        "link": null,
        "finalLink": null
    }
]