[
    {
        "date": "2025-08-02",
        "symbol": "SIG",
        "reportedCurrency": "USD",
        "cik": "0000832988",
        "fillingDate": "2025-09-05",
        "acceptedDate": "2025-09-05 16:26:34",
        "calendarYear": "2026",
        "period": "Q2",
        "revenue": 1535100000,
        "costOfRevenue": 943200000,
        "grossProfit": 591900000,
        "grossProfitRatio": 0.3855774868,
        "researchAndDevelopmentExpenses": 0,
        "generalAndAdministrativeExpenses": 0,
        "sellingAndMarketingExpenses": 0,
        "sellingGeneralAndAdministrativeExpenses": 505300000,
        "otherExpenses": 0,
        "operatingExpenses": 505300000,
        "costAndExpenses": 1448500000,
        "interestIncome": 0,
        "interestExpense": 100000,
        "depreciationAndAmortization": 37000000,
        "ebitda": 42200000,
        "ebitdaratio": 0.0274900658,
        "operatingIncome": 2800000,
        "operatingIncomeRatio": 0.0018239854,
        "totalOtherIncomeExpensesNet": 2300000,
        "incomeBeforeTax": 5100000,
        "incomeBeforeTaxRatio": 0.0033222591,
        "incomeTaxExpense": 14200000,
        "netIncome": -9100000,
        "netIncomeRatio": -0.0059279526,
        "eps": -0.22,
        "epsdiluted": -0.22,
        "weightedAverageShsOut": 41800000,
        "weightedAverageShsOutDil": 42000000,
        "link": "https://www.sec.gov/Archives/edgar/data/832988/000083298825000173/0000832988-25-000173-index.htm",
        "finalLink": "https://www.sec.gov/Archives/edgar/data/832988/000083298825000173/sig-20250802.htm"
    },
    {
        "date": "2025-05-03",
        "symbol": "SIG",
        "reportedCurrency": "USD",
        "cik": "0000832988",
        "fillingDate": "2025-06-03",
        "acceptedDate": "2025-06-03 09:24:49",
        "calendarYear": "2026",
        "period": "Q1",
        "revenue": 1541600000,
        "costOfRevenue": 942800000,
        "grossProfit": 598800000,
        "grossProfitRatio": 0.3884276077,
        "researchAndDevelopmentExpenses": 0,
        "generalAndAdministrativeExpenses": 0,
        "sellingAndMarketingExpenses": 0,
        "sellingGeneralAndAdministrativeExpenses": 526000000,
        "otherExpenses": 24700000,
        "operatingExpenses": 550700000,
        "costAndExpenses": 1493500000,
        "interestIncome": 800000,
        "interestExpense": 0,
        "depreciationAndAmortization": 37000000,
        "ebitda": 107300000,
        "ebitdaratio": 0.0696030099,
        "operatingIncome": 48100000,
        "operatingIncomeRatio": 0.0312013492,
        "totalOtherIncomeExpensesNet": -2500000,
        "incomeBeforeTax": 45600000,
        "incomeBeforeTaxRatio": 0.0295796575,
        "incomeTaxExpense": 12100000,
        "netIncome": 33500000,
        "netIncomeRatio": 0.0217306694,
        "eps": 0.79,
        "epsdiluted": 0.78,
        "weightedAverageShsOut": 42500000,
        "weightedAverageShsOutDil": 42700000,
        "link": "https://www.sec.gov/Archives/edgar/data/832988/000083298825000104/0000832988-25-000104-index.htm",
        "finalLink": "https://www.sec.gov/Archives/edgar/data/832988/000083298825000104/sig-20250503.htm"
    },
    {
        "date": "2025-01-31",
        "symbol": "SIG",
        "reportedCurrency": "USD",
        "cik": "0000832988",
        "fillingDate": "2025-03-19",
        "acceptedDate": "2025-03-19 17:27:34",
        "calendarYear": "2025",
        "period": "Q4",
        "revenue": 2352600000,
        "costOfRevenue": 1351000000,
        "grossProfit": 1001600000,
        "grossProfitRatio": 0.4257417326,
        "researchAndDevelopmentExpenses": 0,
        "generalAndAdministrativeExpenses": 0,
        "sellingAndMarketingExpenses": 0,
        "sellingGeneralAndAdministrativeExpenses": 639200000,
        "otherExpenses": 209800000,
        "operatingExpenses": 849000000,
        "costAndExpenses": 2200000000,
        "interestIncome": 0,
        "interestExpense": 0,
        "depreciationAndAmortization": 37600000,
        "ebitda": 402200000,
        "ebitdaratio": 0.1709597892,
        "operatingIncome": 152600000,
        "operatingIncomeRatio": 0.0648644053,
        "totalOtherIncomeExpensesNet": 1500000,
        "incomeBeforeTax": 154100000,
        "incomeBeforeTaxRatio": 0.0655019978,
        "incomeTaxExpense": 53500000,
        "netIncome": 100600000,
        "netIncomeRatio": 0.0427612004,
        "eps": 2.28,
        "epsdiluted": 2.25,
        "weightedAverageShsOut": 43400000,
        "weightedAverageShsOutDil": 43800000,
        "link": "https://www.sec.gov/Archives/edgar/data/832988/000083298825000018/0000832988-25-000018-index.htm",
        "finalLink": "https://www.sec.gov/Archives/edgar/data/832988/000083298825000018/sig-20250201.htm"
    },
    {
        "date": "2024-11-02",
        "symbol": "SIG",
        "reportedCurrency": "USD",
        "cik": "0000832988",
        "fillingDate": "2024-12-05",
        "acceptedDate": "2024-12-05 09:16:21",
        "calendarYear": "2025",
        "period": "Q3",
        "revenue": 1349400000,
        "costOfRevenue": 864100000,
        "grossProfit": 485300000,
        "grossProfitRatio": 0.3596413221,
        "researchAndDevelopmentExpenses": 0,
        "generalAndAdministrativeExpenses": 0,
        "sellingAndMarketingExpenses": 0,
        "sellingGeneralAndAdministrativeExpenses": 469600000,
        "otherExpenses": 6500000,
        "operatingExpenses": 476100000,
        "costAndExpenses": 1340200000,
        "interestIncome": 0,
        "interestExpense": 0,
        "depreciationAndAmortization": 36100000,
        "ebitda": 51200000,
        "ebitdaratio": 0.0379427894,
        "operatingIncome": 9200000,
        "operatingIncomeRatio": 0.006817845,
        "totalOtherIncomeExpensesNet": -800000,
        "incomeBeforeTax": 8400000,
        "incomeBeforeTaxRatio": 0.0062249889,
        "incomeTaxExpense": 1400000,
        "netIncome": 7000000,
        "netIncomeRatio": 0.0051874907,
        "eps": 0.12,
        "epsdiluted": 0.12,
        "weightedAverageShsOut": 43900000,
        "weightedAverageShsOutDil": 44700000,
        "link": "https://www.sec.gov/Archives/edgar/data/832988/000083298824000257/0000832988-24-000257-index.htm",
        "finalLink": "https://www.sec.gov/Archives/edgar/data/832988/000083298824000257/sig-20241102.htm"
    },
    {
        "date": "2024-08-03",
        "symbol": "SIG",
        "reportedCurrency": "USD",
        "cik": "0000832988",
        "fillingDate": "2024-09-12",
        "acceptedDate": "2024-09-12 09:25:22",
        "calendarYear": "2025",
        "period": "Q2",
        "revenue": 1491000000,
        "costOfRevenue": 924700000,
        "grossProfit": 566300000,
        "grossProfitRatio": 0.3798122066,
        "researchAndDevelopmentExpenses": 0,
        "generalAndAdministrativeExpenses": 0,
        "sellingAndMarketingExpenses": 0,
        "sellingGeneralAndAdministrativeExpenses": 498400000,
        "otherExpenses": 168800000,
        "operatingExpenses": 667200000,
        "costAndExpenses": 1591900000,
        "interestIncome": 2400000,
        "interestExpense": 0,
        "depreciationAndAmortization": 37900000,
        "ebitda": 104400000,
        "ebitdaratio": 0.0700201207,
        "operatingIncome": -100900000,
        "operatingIncomeRatio": -0.0676727029,
        "totalOtherIncomeExpensesNet": 4000000,
        "incomeBeforeTax": -96900000,
        "incomeBeforeTaxRatio": -0.0649899396,
        "incomeTaxExpense": 1600000,
        "netIncome": -98500000,
        "netIncomeRatio": -0.0660630449,
        "eps": -2.28,
        "epsdiluted": -2.28,
        "weightedAverageShsOut": 44500000,
        "weightedAverageShsOutDil": 44500000,
        "link": "https://www.sec.gov/Archives/edgar/data/832988/000083298824000192/0000832988-24-000192-index.htm",
        "finalLink": "https://www.sec.gov/Archives/edgar/data/832988/000083298824000192/sig-20240803.htm"
    },
    {
        "date": "2024-05-04",
        "symbol": "SIG",
        "reportedCurrency": "USD",
        "cik": "0000832988",
        "fillingDate": "2024-06-13",
        "acceptedDate": "2024-06-13 09:26:20",
        "calendarYear": "2025",
        "period": "Q1",
        "revenue": 1510800000,
        "costOfRevenue": 938400000,
        "grossProfit": 572400000,
        "grossProfitRatio": 0.3788721207,
        "researchAndDevelopmentExpenses": 0,
        "generalAndAdministrativeExpenses": 0,
        "sellingAndMarketingExpenses": 0,
        "sellingGeneralAndAdministrativeExpenses": 515400000,
        "otherExpenses": 7200000,
        "operatingExpenses": 522600000,
        "costAndExpenses": 1461000000,
        "interestIncome": 8600000,
        "interestExpense": 0,
        "depreciationAndAmortization": 36600000,
        "ebitda": 93400000,
        "ebitdaratio": 0.0618215515,
        "operatingIncome": 49800000,
        "operatingIncomeRatio": 0.0329626688,
        "totalOtherIncomeExpensesNet": 8800000,
        "incomeBeforeTax": 58600000,
        "incomeBeforeTaxRatio": 0.0387873974,
        "incomeTaxExpense": 6500000,
        "netIncome": 52100000,
        "netIncomeRatio": 0.034485041,
        "eps": -0.9,
        "epsdiluted": -0.9,
        "weightedAverageShsOut": 44600000,
        "weightedAverageShsOutDil": 44600000,
        "link": "https://www.sec.gov/Archives/edgar/data/832988/000083298824000135/0000832988-24-000135-index.htm",
        "finalLink": "https://www.sec.gov/Archives/edgar/data/832988/000083298824000135/sig-20240504.htm"
    },
    {
        "date": "2024-01-31",
        "symbol": "SIG",
        "reportedCurrency": "USD",
        "cik": "0000832988",
        "fillingDate": "2024-03-21",
        "acceptedDate": "2024-03-21 07:05:47",
        "calendarYear": "2024",
        "period": "Q4",
        "revenue": 2497600000,
        "costOfRevenue": 1415900000,
        "grossProfit": 1081700000,
        "grossProfitRatio": 0.4330957719,
        "researchAndDevelopmentExpenses": 0,
        "generalAndAdministrativeExpenses": 147200000,
        "sellingAndMarketingExpenses": 522800000,
        "sellingGeneralAndAdministrativeExpenses": 670000000,
        "otherExpenses": 1500000,
        "operatingExpenses": 670000000,
        "costAndExpenses": 2085900000,
        "interestIncome": 8700000,
        "interestExpense": 0,
        "depreciationAndAmortization": 32500000,
        "ebitda": 459500000,
        "ebitdaratio": 0.1839766176,
        "operatingIncome": 411700000,
        "operatingIncomeRatio": 0.1648382447,
        "totalOtherIncomeExpensesNet": 10700000,
        "incomeBeforeTax": 427000000,
        "incomeBeforeTaxRatio": 0.1709641256,
        "incomeTaxExpense": -199200000,
        "netIncome": 626200000,
        "netIncomeRatio": 0.2507206919,
        "eps": 13.94,
        "epsdiluted": 11.75,
        "weightedAverageShsOut": 44300000,
        "weightedAverageShsOutDil": 53300000,
        "link": "https://www.sec.gov/Archives/edgar/data/832988/000083298824000083/0000832988-24-000083-index.htm",
        "finalLink": "https://www.sec.gov/Archives/edgar/data/832988/000083298824000083/sig-20240203.htm"
    },
    {
        "date": "2023-10-28",
        "symbol": "SIG",
        "reportedCurrency": "USD",
        "cik": "0000832988",
        "fillingDate": "2023-12-05",
        "acceptedDate": "2023-12-05 07:12:11",
        "calendarYear": "2024",
        "period": "Q3",
        "revenue": 1391900000,
        "costOfRevenue": 890600000,
        "grossProfit": 501300000,
        "grossProfitRatio": 0.3601551836,
        "researchAndDevelopmentExpenses": 0,
        "generalAndAdministrativeExpenses": 0,
        "sellingAndMarketingExpenses": 0,
        "sellingGeneralAndAdministrativeExpenses": 484200000,
        "otherExpenses": 0,
        "operatingExpenses": 488000000,
        "costAndExpenses": 1378600000,
        "interestIncome": 2600000,
        "interestExpense": 2600000,
        "depreciationAndAmortization": 42700000,
        "ebitda": 56300000,
        "ebitdaratio": 0.0404483081,
        "operatingIncome": 13300000,
        "operatingIncomeRatio": 0.0095552841,
        "totalOtherIncomeExpensesNet": 300000,
        "incomeBeforeTax": 13600000,
        "incomeBeforeTaxRatio": 0.0097708169,
        "incomeTaxExpense": 1900000,
        "netIncome": 11700000,
        "netIncomeRatio": 0.0084057763,
        "eps": 0.26,
        "epsdiluted": 0.26,
        "weightedAverageShsOut": 44700000,
        "weightedAverageShsOutDil": 45600000,
        "link": "https://www.sec.gov/Archives/edgar/data/832988/000083298823000273/0000832988-23-000273-index.htm",
        "finalLink": "https://www.sec.gov/Archives/edgar/data/832988/000083298823000273/sig-20231028.htm"
    },
    {
        "date": "2023-07-29",
        "symbol": "SIG",
        "reportedCurrency": "USD",
        "cik": "0000832988",
        "fillingDate": "2023-08-31",
        "acceptedDate": "2023-08-31 08:08:28",
        "calendarYear": "2024",
        "period": "Q2",
        "revenue": 1613600000,
        "costOfRevenue": 1002800000,
        "grossProfit": 610800000,
        "grossProfitRatio": 0.378532474,
        "researchAndDevelopmentExpenses": 0,
        "generalAndAdministrativeExpenses": 0,
        "sellingAndMarketingExpenses": 0,
        "sellingGeneralAndAdministrativeExpenses": 511200000,
        "otherExpenses": -1100000,
        "operatingExpenses": 511200000,
        "costAndExpenses": 1514000000,
        "interestIncome": 1800000,
        "interestExpense": 0,
        "depreciationAndAmortization": 43600000,
        "ebitda": 135900000,
        "ebitdaratio": 0.0842216163,
        "operatingIncome": 90200000,
        "operatingIncomeRatio": 0.0558998513,
        "totalOtherIncomeExpensesNet": 2100000,
        "incomeBeforeTax": 92300000,
        "incomeBeforeTaxRatio": 0.057201289,
        "incomeTaxExpense": 17200000,
        "netIncome": 75100000,
        "netIncomeRatio": 0.0465418939,
        "eps": 1.47,
        "epsdiluted": 1.38,
        "weightedAverageShsOut": 45200000,
        "weightedAverageShsOutDil": 54300000,
        "link": "https://www.sec.gov/Archives/edgar/data/832988/000083298823000213/0000832988-23-000213-index.htm",
        "finalLink": "https://www.sec.gov/Archives/edgar/data/832988/000083298823000213/sig-20230729.htm"
    },
    {
        "date": "2023-04-29",
        "symbol": "SIG",
        "reportedCurrency": "USD",
        "cik": "0000832988",
        "fillingDate": "2023-06-08",
        "acceptedDate": "2023-06-08 07:05:58",
        "calendarYear": "2024",
        "period": "Q1",
        "revenue": 1668000000,
        "costOfRevenue": 1036000000,
        "grossProfit": 632000000,
        "grossProfitRatio": 0.3788968825,
        "researchAndDevelopmentExpenses": 0,
        "generalAndAdministrativeExpenses": 0,
        "sellingAndMarketingExpenses": 0,
        "sellingGeneralAndAdministrativeExpenses": 530400000,
        "otherExpenses": -100000,
        "operatingExpenses": 530300000,
        "costAndExpenses": 1566300000,
        "interestIncome": 5600000,
        "interestExpense": 0,
        "depreciationAndAmortization": 43100000,
        "ebitda": 143600000,
        "ebitdaratio": 0.0860911271,
        "operatingIncome": 101700000,
        "operatingIncomeRatio": 0.060971223,
        "totalOtherIncomeExpensesNet": 5200000,
        "incomeBeforeTax": 106900000,
        "incomeBeforeTaxRatio": 0.064088729,
        "incomeTaxExpense": 9500000,
        "netIncome": 97400000,
        "netIncomeRatio": 0.0583932854,
        "eps": 1.96,
        "epsdiluted": 1.79,
        "weightedAverageShsOut": 45300000,
        "weightedAverageShsOutDil": 54500000,
        "link": "https://www.sec.gov/Archives/edgar/data/832988/000083298823000151/0000832988-23-000151-index.htm",
        "finalLink": "https://www.sec.gov/Archives/edgar/data/832988/000083298823000151/sig-20230429.htm"
    },
    {
        "date": "2023-01-31",
        "symbol": "SIG",
        "reportedCurrency": "USD",
        "cik": "0000832988",
        "fillingDate": "2023-03-16",
        "acceptedDate": "2023-03-16 08:11:12",
        "calendarYear": "2023",
        "period": "Q4",
        "revenue": 2666200000,
        "costOfRevenue": 1555100000,
        "grossProfit": 1111100000,
        "grossProfitRatio": 0.4167354287,
        "researchAndDevelopmentExpenses": 0,
        "generalAndAdministrativeExpenses": 0,
        "sellingAndMarketingExpenses": 0,
        "sellingGeneralAndAdministrativeExpenses": 692800000,
        "otherExpenses": 48800000,
        "operatingExpenses": 741600000,
        "costAndExpenses": 2296700000,
        "interestIncome": 0,
        "interestExpense": 2100000,
        "depreciationAndAmortization": 41000000,
        "ebitda": 409900000,
        "ebitdaratio": 0.1537394044,
        "operatingIncome": 369500000,
        "operatingIncomeRatio": 0.1385867527,
        "totalOtherIncomeExpensesNet": -2700000,
        "incomeBeforeTax": 366800000,
        "incomeBeforeTaxRatio": 0.1375740755,
        "incomeTaxExpense": 89500000,
        "netIncome": 277300000,
        "netIncomeRatio": 0.104005701,
        "eps": 6.69,
        "epsdiluted": 5.49,
        "weightedAverageShsOut": 45300000,
        "weightedAverageShsOutDil": 55200000,
        "link": "https://www.sec.gov/Archives/edgar/data/832988/000083298823000032/0000832988-23-000032-index.htm",
        "finalLink": "https://www.sec.gov/Archives/edgar/data/832988/000083298823000032/sig-20230128.htm"
    },
    {
        "date": "2022-10-29",
        "symbol": "SIG",
        "reportedCurrency": "USD",
        "cik": "0000832988",
        "fillingDate": "2022-12-06",
        "acceptedDate": "2022-12-06 07:07:32",
        "calendarYear": "2023",
        "period": "Q3",
        "revenue": 1582700000,
        "costOfRevenue": 1030100000,
        "grossProfit": 552600000,
        "grossProfitRatio": 0.3491501864,
        "researchAndDevelopmentExpenses": 0,
        "generalAndAdministrativeExpenses": 0,
        "sellingAndMarketingExpenses": 0,
        "sellingGeneralAndAdministrativeExpenses": 501700000,
        "otherExpenses": 0,
        "operatingExpenses": 501700000,
        "costAndExpenses": 1531800000,
        "interestIncome": 0,
        "interestExpense": 3600000,
        "depreciationAndAmortization": 43700000,
        "ebitda": 89400000,
        "ebitdaratio": 0.0564857522,
        "operatingIncome": 48400000,
        "operatingIncomeRatio": 0.0305806533,
        "totalOtherIncomeExpensesNet": -6300000,
        "incomeBeforeTax": 42100000,
        "incomeBeforeTaxRatio": 0.0266001137,
        "incomeTaxExpense": 4600000,
        "netIncome": 37500000,
        "netIncomeRatio": 0.023693688,
        "eps": 0.62,
        "epsdiluted": 0.6,
        "weightedAverageShsOut": 46100000,
        "weightedAverageShsOutDil": 48100000,
        "link": "https://www.sec.gov/Archives/edgar/data/832988/000083298822000203/0000832988-22-000203-index.htm",
        "finalLink": "https://www.sec.gov/Archives/edgar/data/832988/000083298822000203/sig-20221029.htm"
    },
    {
        "date": "2022-07-30",
        "symbol": "SIG",
        "reportedCurrency": "USD",
        "cik": "0000832988",
        "fillingDate": "2022-09-01",
        "acceptedDate": "2022-09-01 07:07:48",
        "calendarYear": "2023",
        "period": "Q2",
        "revenue": 1754900000,
        "costOfRevenue": 1090500000,
        "grossProfit": 664400000,
        "grossProfitRatio": 0.3785970711,
        "researchAndDevelopmentExpenses": 0,
        "generalAndAdministrativeExpenses": 0,
        "sellingAndMarketingExpenses": 0,
        "sellingGeneralAndAdministrativeExpenses": 470900000,
        "otherExpenses": -2100000,
        "operatingExpenses": 470900000,
        "costAndExpenses": 1561400000,
        "interestIncome": 0,
        "interestExpense": 3400000,
        "depreciationAndAmortization": 39800000,
        "ebitda": 224200000,
        "ebitdaratio": 0.1277565673,
        "operatingIncome": 193500000,
        "operatingIncomeRatio": 0.110262693,
        "totalOtherIncomeExpensesNet": -5800000,
        "incomeBeforeTax": 181000000,
        "incomeBeforeTaxRatio": 0.10313978,
        "incomeTaxExpense": 35600000,
        "netIncome": 145400000,
        "netIncomeRatio": 0.0828537239,
        "eps": 2.95,
        "epsdiluted": 2.43,
        "weightedAverageShsOut": 46400000,
        "weightedAverageShsOutDil": 56300000,
        "link": "https://www.sec.gov/Archives/edgar/data/832988/000083298822000185/0000832988-22-000185-index.htm",
        "finalLink": "https://www.sec.gov/Archives/edgar/data/832988/000083298822000185/sig-20220730.htm"
    },
    {
        "date": "2022-04-30",
        "symbol": "SIG",
        "reportedCurrency": "USD",
        "cik": "0000832988",
        "fillingDate": "2022-06-09",
        "acceptedDate": "2022-06-09 07:13:55",
        "calendarYear": "2023",
        "period": "Q1",
        "revenue": 1838300000,
        "costOfRevenue": 1114600000,
        "grossProfit": 723700000,
        "grossProfitRatio": 0.3936789425,
        "researchAndDevelopmentExpenses": 0,
        "generalAndAdministrativeExpenses": 0,
        "sellingAndMarketingExpenses": 0,
        "sellingGeneralAndAdministrativeExpenses": 533100000,
        "otherExpenses": 190400000,
        "operatingExpenses": 723500000,
        "costAndExpenses": 1838100000,
        "interestIncome": 0,
        "interestExpense": 4400000,
        "depreciationAndAmortization": 40000000,
        "ebitda": -94300000,
        "ebitdaratio": -0.0512973943,
        "operatingIncome": 200000,
        "operatingIncomeRatio": 0.0001087962,
        "totalOtherIncomeExpensesNet": -138900000,
        "incomeBeforeTax": -138700000,
        "incomeBeforeTaxRatio": -0.0754501442,
        "incomeTaxExpense": -55200000,
        "netIncome": -83500000,
        "netIncomeRatio": -0.0454224011,
        "eps": -1.71,
        "epsdiluted": -1.71,
        "weightedAverageShsOut": 48730158,
        "weightedAverageShsOutDil": 48800000,
        "link": "https://www.sec.gov/Archives/edgar/data/832988/000083298822000145/0000832988-22-000145-index.htm",
        "finalLink": "https://www.sec.gov/Archives/edgar/data/832988/000083298822000145/sig-20220430.htm"
    },
    {
        "date": "2022-01-31",
        "symbol": "SIG",
        "reportedCurrency": "USD",
        "cik": "0000832988",
        "fillingDate": "2022-03-17",
        "acceptedDate": "2022-03-17 17:22:46",
        "calendarYear": "2022",
        "period": "Q4",
        "revenue": 2811300000,
        "costOfRevenue": 1658900000,
        "grossProfit": 1152400000,
        "grossProfitRatio": 0.4099171202,
        "researchAndDevelopmentExpenses": 0,
        "generalAndAdministrativeExpenses": 218800000,
        "sellingAndMarketingExpenses": 527000000,
        "sellingGeneralAndAdministrativeExpenses": 745800000,
        "otherExpenses": -1200000,
        "operatingExpenses": 750500000,
        "costAndExpenses": 2409400000,
        "interestIncome": 0,
        "interestExpense": 4500000,
        "depreciationAndAmortization": 40600000,
        "ebitda": 441800000,
        "ebitdaratio": 0.1571514957,
        "operatingIncome": 402400000,
        "operatingIncomeRatio": 0.1431366272,
        "totalOtherIncomeExpensesNet": -5700000,
        "incomeBeforeTax": 396700000,
        "incomeBeforeTaxRatio": 0.1411090954,
        "incomeTaxExpense": 82400000,
        "netIncome": 314300000,
        "netIncomeRatio": 0.1117988119,
        "eps": 5.85,
        "epsdiluted": 4.91,
        "weightedAverageShsOut": 52300000,
        "weightedAverageShsOutDil": 64000000,
        "link": "https://www.sec.gov/Archives/edgar/data/832988/000083298822000019/0000832988-22-000019-index.htm",
        "finalLink": "https://www.sec.gov/Archives/edgar/data/832988/000083298822000019/sig-20220129.htm"
    },
    {
        "date": "2021-10-30",
        "symbol": "SIG",
        "reportedCurrency": "USD",
        "cik": "0000832988",
        "fillingDate": "2021-12-02",
        "acceptedDate": "2021-12-02 07:05:53",
        "calendarYear": "2022",
        "period": "Q3",
        "revenue": 1537800000,
        "costOfRevenue": 962200000,
        "grossProfit": 575600000,
        "grossProfitRatio": 0.3743009494,
        "researchAndDevelopmentExpenses": 0,
        "generalAndAdministrativeExpenses": 0,
        "sellingAndMarketingExpenses": 0,
        "sellingGeneralAndAdministrativeExpenses": 470500000,
        "otherExpenses": -1100000,
        "operatingExpenses": 469700000,
        "costAndExpenses": 1431900000,
        "interestIncome": 0,
        "interestExpense": 4100000,
        "depreciationAndAmortization": 39200000,
        "ebitda": 145000000,
        "ebitdaratio": 0.0942905449,
        "operatingIncome": 106900000,
        "operatingIncomeRatio": 0.0695148914,
        "totalOtherIncomeExpensesNet": -5200000,
        "incomeBeforeTax": 101700000,
        "incomeBeforeTaxRatio": 0.0661334374,
        "incomeTaxExpense": 9100000,
        "netIncome": 92600000,
        "netIncomeRatio": 0.0602158928,
        "eps": 1.59,
        "epsdiluted": 1.45,
        "weightedAverageShsOut": 52900000,
        "weightedAverageShsOutDil": 63700000,
        "link": "https://www.sec.gov/Archives/edgar/data/832988/000083298821000216/0000832988-21-000216-index.htm",
        "finalLink": "https://www.sec.gov/Archives/edgar/data/832988/000083298821000216/sig-20211030.htm"
    },
    {
        "date": "2021-07-31",
        "symbol": "SIG",
        "reportedCurrency": "USD",
        "cik": "0000832988",
        "fillingDate": "2021-09-02",
        "acceptedDate": "2021-09-02 07:04:17",
        "calendarYear": "2022",
        "period": "Q2",
        "revenue": 1788100000,
        "costOfRevenue": 1070500000,
        "grossProfit": 717600000,
        "grossProfitRatio": 0.4013198367,
        "researchAndDevelopmentExpenses": 0,
        "generalAndAdministrativeExpenses": 0,
        "sellingAndMarketingExpenses": 0,
        "sellingGeneralAndAdministrativeExpenses": 502600000,
        "otherExpenses": 100000,
        "operatingExpenses": 493300000,
        "costAndExpenses": 1563800000,
        "interestIncome": 1800000,
        "interestExpense": 3700000,
        "depreciationAndAmortization": 41600000,
        "ebitda": 267100000,
        "ebitdaratio": 0.1493764331,
        "operatingIncome": 225400000,
        "operatingIncomeRatio": 0.1260555897,
        "totalOtherIncomeExpensesNet": -4300000,
        "incomeBeforeTax": 221100000,
        "incomeBeforeTaxRatio": 0.1236508025,
        "incomeTaxExpense": -3500000,
        "netIncome": 224600000,
        "netIncomeRatio": 0.1256081875,
        "eps": 4.1,
        "epsdiluted": 3.6,
        "weightedAverageShsOut": 52700000,
        "weightedAverageShsOutDil": 62400000,
        "link": "https://www.sec.gov/Archives/edgar/data/832988/000083298821000191/0000832988-21-000191-index.htm",
        "finalLink": "https://www.sec.gov/Archives/edgar/data/832988/000083298821000191/sig-20210731.htm"
    },
    {
        "date": "2021-05-01",
        "symbol": "SIG",
        "reportedCurrency": "USD",
        "cik": "0000832988",
        "fillingDate": "2021-06-10",
        "acceptedDate": "2021-06-10 06:58:31",
        "calendarYear": "2022",
        "period": "Q1",
        "revenue": 1688800000,
        "costOfRevenue": 1010400000,
        "grossProfit": 678400000,
        "grossProfitRatio": 0.4017053529,
        "researchAndDevelopmentExpenses": 0,
        "generalAndAdministrativeExpenses": 0,
        "sellingAndMarketingExpenses": 0,
        "sellingGeneralAndAdministrativeExpenses": 512000000,
        "otherExpenses": 100000,
        "operatingExpenses": 508900000,
        "costAndExpenses": 1519300000,
        "interestIncome": 4000000,
        "interestExpense": 3900000,
        "depreciationAndAmortization": 42100000,
        "ebitda": 210900000,
        "ebitdaratio": 0.1248815727,
        "operatingIncome": 168700000,
        "operatingIncomeRatio": 0.0998934154,
        "totalOtherIncomeExpensesNet": -3800000,
        "incomeBeforeTax": 164900000,
        "incomeBeforeTaxRatio": 0.097643297,
        "incomeTaxExpense": 26500000,
        "netIncome": 138400000,
        "netIncomeRatio": 0.0819516817,
        "eps": 2.49,
        "epsdiluted": 2.23,
        "weightedAverageShsOut": 52100000,
        "weightedAverageShsOutDil": 62000000,
        "link": "https://www.sec.gov/Archives/edgar/data/832988/000083298821000141/0000832988-21-000141-index.htm",
        "finalLink": "https://www.sec.gov/Archives/edgar/data/832988/000083298821000141/sig-20210501.htm"
    },
    {
        "date": "2021-01-31",
        "symbol": "SIG",
        "reportedCurrency": "USD",
        "cik": "0000832988",
        "fillingDate": "2021-03-19",
        "acceptedDate": "2021-03-18 21:51:01",
        "calendarYear": "2021",
        "period": "Q4",
        "revenue": 2186500000,
        "costOfRevenue": 1317000000,
        "grossProfit": 869500000,
        "grossProfitRatio": 0.3976675051,
        "researchAndDevelopmentExpenses": 0,
        "generalAndAdministrativeExpenses": 230800000,
        "sellingAndMarketingExpenses": 343000000,
        "sellingGeneralAndAdministrativeExpenses": 573800000,
        "otherExpenses": -300000,
        "operatingExpenses": 575700000,
        "costAndExpenses": 1892700000,
        "interestIncome": 0,
        "interestExpense": 6400000,
        "depreciationAndAmortization": 45700000,
        "ebitda": 337300000,
        "ebitdaratio": 0.1542648068,
        "operatingIncome": 291900000,
        "operatingIncomeRatio": 0.133501029,
        "totalOtherIncomeExpensesNet": -6700000,
        "incomeBeforeTax": 285200000,
        "incomeBeforeTaxRatio": 0.1304367711,
        "incomeTaxExpense": 30900000,
        "netIncome": 254300000,
        "netIncomeRatio": 0.1163045964,
        "eps": 4.72,
        "epsdiluted": 4.12,
        "weightedAverageShsOut": 52100000,
        "weightedAverageShsOutDil": 61700000,
        "link": "https://www.sec.gov/Archives/edgar/data/832988/000083298821000025/0000832988-21-000025-index.htm",
        "finalLink": "https://www.sec.gov/Archives/edgar/data/832988/000083298821000025/sig-20210130.htm"
    },
    {
        "date": "2020-10-31",
        "symbol": "SIG",
        "reportedCurrency": "USD",
        "cik": "0000832988",
        "fillingDate": "2020-12-03",
        "acceptedDate": "2020-12-03 06:59:12",
        "calendarYear": "2021",
        "period": "Q3",
        "revenue": 1300300000,
        "costOfRevenue": 865800000,
        "grossProfit": 434500000,
        "grossProfitRatio": 0.3341536568,
        "researchAndDevelopmentExpenses": 0,
        "generalAndAdministrativeExpenses": 0,
        "sellingAndMarketingExpenses": 0,
        "sellingGeneralAndAdministrativeExpenses": 389300000,
        "otherExpenses": -400000,
        "operatingExpenses": 389700000,
        "costAndExpenses": 1255500000,
        "interestIncome": 0,
        "interestExpense": 9100000,
        "depreciationAndAmortization": 45500000,
        "ebitda": 85200000,
        "ebitdaratio": 0.0655233408,
        "operatingIncome": 39700000,
        "operatingIncomeRatio": 0.0305314158,
        "totalOtherIncomeExpensesNet": -9100000,
        "incomeBeforeTax": 30600000,
        "incomeBeforeTaxRatio": 0.0235330308,
        "incomeTaxExpense": 21300000,
        "netIncome": 9300000,
        "netIncomeRatio": 0.0071521956,
        "eps": 0.02,
        "epsdiluted": 0.02,
        "weightedAverageShsOut": 52100000,
        "weightedAverageShsOutDil": 53400000,
        "link": "https://www.sec.gov/Archives/edgar/data/832988/000083298820000292/0000832988-20-000292-index.htm",
        "finalLink": "https://www.sec.gov/Archives/edgar/data/832988/000083298820000292/sig-20201031.htm"
    },
    {
        "date": "2020-08-01",
        "symbol": "SIG",
        "reportedCurrency": "USD",
        "cik": "0000832988",
        "fillingDate": "2020-09-03",
        "acceptedDate": "2020-09-03 06:57:25",
        "calendarYear": "2021",
        "period": "Q2",
        "revenue": 888000000,
        "costOfRevenue": 663700000,
        "grossProfit": 224300000,
        "grossProfitRatio": 0.2525900901,
        "researchAndDevelopmentExpenses": 0,
        "generalAndAdministrativeExpenses": 0,
        "sellingAndMarketingExpenses": 0,
        "sellingGeneralAndAdministrativeExpenses": 265900000,
        "otherExpenses": 200000,
        "operatingExpenses": 264800000,
        "costAndExpenses": 928500000,
        "interestIncome": 0,
        "interestExpense": 9400000,
        "depreciationAndAmortization": 47500000,
        "ebitda": -42000000,
        "ebitdaratio": -0.0472972973,
        "operatingIncome": -89700000,
        "operatingIncomeRatio": -0.1010135135,
        "totalOtherIncomeExpensesNet": -9200000,
        "incomeBeforeTax": -98900000,
        "incomeBeforeTaxRatio": -0.1113738739,
        "incomeTaxExpense": -17200000,
        "netIncome": -81700000,
        "netIncomeRatio": -0.0920045045,
        "eps": -1.57,
        "epsdiluted": -1.57,
        "weightedAverageShsOut": 52000000,
        "weightedAverageShsOutDil": 52000000,
        "link": "https://www.sec.gov/Archives/edgar/data/832988/000083298820000235/0000832988-20-000235-index.htm",
        "finalLink": "https://www.sec.gov/Archives/edgar/data/832988/000083298820000235/sig-20200801.htm"
    },
    {
        "date": "2020-05-02",
        "symbol": "SIG",
        "reportedCurrency": "USD",
        "cik": "0000832988",
        "fillingDate": "2020-07-01",
        "acceptedDate": "2020-06-30 17:32:22",
        "calendarYear": "2021",
        "period": "Q1",
        "revenue": 852100000,
        "costOfRevenue": 647900000,
        "grossProfit": 204200000,
        "grossProfitRatio": 0.2396432344,
        "researchAndDevelopmentExpenses": 0,
        "generalAndAdministrativeExpenses": 0,
        "sellingAndMarketingExpenses": 0,
        "sellingGeneralAndAdministrativeExpenses": 358400000,
        "otherExpenses": 100000,
        "operatingExpenses": 346300000,
        "costAndExpenses": 994200000,
        "interestIncome": 0,
        "interestExpense": 7100000,
        "depreciationAndAmortization": 37300000,
        "ebitda": -262200000,
        "ebitdaratio": -0.3077103626,
        "operatingIncome": -291100000,
        "operatingIncomeRatio": -0.3416265697,
        "totalOtherIncomeExpensesNet": -15500000,
        "incomeBeforeTax": -298100000,
        "incomeBeforeTaxRatio": -0.3498415679,
        "incomeTaxExpense": -107700000,
        "netIncome": -190400000,
        "netIncomeRatio": -0.2234479521,
        "eps": -3.68,
        "epsdiluted": -3.68,
        "weightedAverageShsOut": 51800000,
        "weightedAverageShsOutDil": 51800000,
        "link": "https://www.sec.gov/Archives/edgar/data/832988/000083298820000176/0000832988-20-000176-index.htm",
        "finalLink": "https://www.sec.gov/Archives/edgar/data/832988/000083298820000176/fy21q110-q.htm"
    },
    {
        "date": "2020-01-31",
        "symbol": "SIG",
        "reportedCurrency": "USD",
        "cik": "0000832988",
        "fillingDate": "2020-03-26",
        "acceptedDate": "2020-03-26 10:16:29",
        "calendarYear": "2020",
        "period": "Q4",
        "revenue": 2153300000,
        "costOfRevenue": 1255400000,
        "grossProfit": 897900000,
        "grossProfitRatio": 0.4169878791,
        "researchAndDevelopmentExpenses": 0,
        "generalAndAdministrativeExpenses": 244300000,
        "sellingAndMarketingExpenses": 388900000,
        "sellingGeneralAndAdministrativeExpenses": 633200000,
        "otherExpenses": -500000,
        "operatingExpenses": 664200000,
        "costAndExpenses": 1919600000,
        "interestIncome": 0,
        "interestExpense": 7700000,
        "depreciationAndAmortization": -214400000,
        "ebitda": 222700000,
        "ebitdaratio": 0.1034226536,
        "operatingIncome": 223200000,
        "operatingIncomeRatio": 0.1036548553,
        "totalOtherIncomeExpensesNet": -8200000,
        "incomeBeforeTax": 215000000,
        "incomeBeforeTaxRatio": 0.0998467469,
        "incomeTaxExpense": 27900000,
        "netIncome": 187100000,
        "netIncomeRatio": 0.0868898899,
        "eps": 3.45,
        "epsdiluted": 3.14,
        "weightedAverageShsOut": 51800000,
        "weightedAverageShsOutDil": 59500000,
        "link": "https://www.sec.gov/Archives/edgar/data/832988/000083298820000018/0000832988-20-000018-index.htm",
        "finalLink": "https://www.sec.gov/Archives/edgar/data/832988/000083298820000018/fy20q410k.htm"
    },
    {
        "date": "2019-11-02",
        "symbol": "SIG",
        "reportedCurrency": "USD",
        "cik": "0000832988",
        "fillingDate": "2019-12-05",
        "acceptedDate": "2019-12-05 07:52:50",
        "calendarYear": "2020",
        "period": "Q3",
        "revenue": 1187700000,
        "costOfRevenue": 820000000,
        "grossProfit": 367700000,
        "grossProfitRatio": 0.3095899638,
        "researchAndDevelopmentExpenses": 0,
        "generalAndAdministrativeExpenses": 0,
        "sellingAndMarketingExpenses": 0,
        "sellingGeneralAndAdministrativeExpenses": 398400000,
        "otherExpenses": 0,
        "operatingExpenses": 398400000,
        "costAndExpenses": 1218400000,
        "interestIncome": 0,
        "interestExpense": 8600000,
        "depreciationAndAmortization": 131400000,
        "ebitda": 13000000,
        "ebitdaratio": 0.010945525,
        "operatingIncome": -39900000,
        "operatingIncomeRatio": -0.033594342,
        "totalOtherIncomeExpensesNet": -1600000,
        "incomeBeforeTax": -41500000,
        "incomeBeforeTaxRatio": -0.0349414835,
        "incomeTaxExpense": -6000000,
        "netIncome": -35500000,
        "netIncomeRatio": -0.0298897028,
        "eps": -0.69,
        "epsdiluted": -0.69,
        "weightedAverageShsOut": 51800000,
        "weightedAverageShsOutDil": 51800000,
        "link": "https://www.sec.gov/Archives/edgar/data/832988/000083298819000072/0000832988-19-000072-index.htm",
        "finalLink": "https://www.sec.gov/Archives/edgar/data/832988/000083298819000072/fy20q310-q.htm"
    },
    {
        "date": "2019-08-03",
        "symbol": "SIG",
        "reportedCurrency": "USD",
        "cik": "0000832988",
        "fillingDate": "2019-09-05",
        "acceptedDate": "2019-09-05 08:42:28",
        "calendarYear": "2020",
        "period": "Q2",
        "revenue": 1364400000,
        "costOfRevenue": 905700000,
        "grossProfit": 458700000,
        "grossProfitRatio": 0.3361917326,
        "researchAndDevelopmentExpenses": 0,
        "generalAndAdministrativeExpenses": 0,
        "sellingAndMarketingExpenses": 0,
        "sellingGeneralAndAdministrativeExpenses": 411400000,
        "otherExpenses": 200000,
        "operatingExpenses": 410000000,
        "costAndExpenses": 1315700000,
        "interestIncome": 0,
        "interestExpense": 10100000,
        "depreciationAndAmortization": 132700000,
        "ebitda": 22600000,
        "ebitdaratio": 0.0165640575,
        "operatingIncome": -22400000,
        "operatingIncomeRatio": -0.0164174729,
        "totalOtherIncomeExpensesNet": -9899999.999999996,
        "incomeBeforeTax": -32300000,
        "incomeBeforeTaxRatio": -0.0236734096,
        "incomeTaxExpense": 3800000,
        "netIncome": -36100000,
        "netIncomeRatio": -0.0264585166,
        "eps": -0.7,
        "epsdiluted": -0.7,
        "weightedAverageShsOut": 51511627,
        "weightedAverageShsOutDil": 51700000,
        "link": "https://www.sec.gov/Archives/edgar/data/832988/000083298819000057/0000832988-19-000057-index.htm",
        "finalLink": "https://www.sec.gov/Archives/edgar/data/832988/000083298819000057/fy20q210-q.htm"
    },
    {
        "date": "2019-05-04",
        "symbol": "SIG",
        "reportedCurrency": "USD",
        "cik": "0000832988",
        "fillingDate": "2019-06-06",
        "acceptedDate": "2019-06-06 09:19:30",
        "calendarYear": "2020",
        "period": "Q1",
        "revenue": 1431700000,
        "costOfRevenue": 932300000,
        "grossProfit": 499400000,
        "grossProfitRatio": 0.3488160928,
        "researchAndDevelopmentExpenses": 0,
        "generalAndAdministrativeExpenses": 0,
        "sellingAndMarketingExpenses": 0,
        "sellingGeneralAndAdministrativeExpenses": 475200000,
        "otherExpenses": 300000,
        "operatingExpenses": 475200000,
        "costAndExpenses": 1407500000,
        "interestIncome": 0,
        "interestExpense": 9200000,
        "depreciationAndAmortization": 128300000,
        "ebitda": 38700000,
        "ebitdaratio": 0.0270308025,
        "operatingIncome": -2600000,
        "operatingIncomeRatio": -0.0018160229,
        "totalOtherIncomeExpensesNet": -8900000,
        "incomeBeforeTax": -11500000,
        "incomeBeforeTaxRatio": -0.008032409,
        "incomeTaxExpense": -1500000,
        "netIncome": -10000000,
        "netIncomeRatio": -0.0069847035,
        "eps": -0.19,
        "epsdiluted": -0.19,
        "weightedAverageShsOut": 51600000,
        "weightedAverageShsOutDil": 51600000,
        "link": "https://www.sec.gov/Archives/edgar/data/832988/000083298819000030/0000832988-19-000030-index.htm",
        "finalLink": "https://www.sec.gov/Archives/edgar/data/832988/000083298819000030/fy20q110-q.htm"
    },
    {
        "date": "2019-01-31",
        "symbol": "SIG",
        "reportedCurrency": "USD",
        "cik": "0000832988",
        "fillingDate": "2019-04-03",
        "acceptedDate": "2019-04-03 17:27:04",
        "calendarYear": "2019",
        "period": "Q4",
        "revenue": 2154700000,
        "costOfRevenue": 1276900000,
        "grossProfit": 877800000,
        "grossProfitRatio": 0.4073884996,
        "researchAndDevelopmentExpenses": 0,
        "generalAndAdministrativeExpenses": 259400000,
        "sellingAndMarketingExpenses": 387800000,
        "sellingGeneralAndAdministrativeExpenses": 647200000,
        "otherExpenses": 300000,
        "operatingExpenses": 646500000,
        "costAndExpenses": 1923400000,
        "interestIncome": 0,
        "interestExpense": 10800000,
        "depreciationAndAmortization": 45200000,
        "ebitda": -37400000,
        "ebitdaratio": -0.0173574047,
        "operatingIncome": -83500000,
        "operatingIncomeRatio": -0.0387524945,
        "totalOtherIncomeExpensesNet": -10500000,
        "incomeBeforeTax": -94000000,
        "incomeBeforeTaxRatio": -0.0436255627,
        "incomeTaxExpense": 13900000,
        "netIncome": -107900000,
        "netIncomeRatio": -0.0500765768,
        "eps": -2.09,
        "epsdiluted": -2.09,
        "weightedAverageShsOut": 51600000,
        "weightedAverageShsOutDil": 51600000,
        "link": "https://www.sec.gov/Archives/edgar/data/832988/000083298819000003/0000832988-19-000003-index.htm",
        "finalLink": "https://www.sec.gov/Archives/edgar/data/832988/000083298819000003/fy19q410k.htm"
    },
    {
        "date": "2018-11-03",
        "symbol": "SIG",
        "reportedCurrency": "USD",
        "cik": "0000832988",
        "fillingDate": "2018-12-07",
        "acceptedDate": "2018-12-07 16:31:35",
        "calendarYear": "2019",
        "period": "Q3",
        "revenue": 1191700000,
        "costOfRevenue": 820500000,
        "grossProfit": 371200000,
        "grossProfitRatio": 0.3114877906,
        "researchAndDevelopmentExpenses": 0,
        "generalAndAdministrativeExpenses": 0,
        "sellingAndMarketingExpenses": 0,
        "sellingGeneralAndAdministrativeExpenses": 410300000,
        "otherExpenses": 300000,
        "operatingExpenses": 410100000,
        "costAndExpenses": 1230600000,
        "interestIncome": 0,
        "interestExpense": 10600000,
        "depreciationAndAmortization": 44700000,
        "ebitda": -3200000,
        "ebitdaratio": -0.0026852396,
        "operatingIncome": -48800000,
        "operatingIncomeRatio": -0.0409499035,
        "totalOtherIncomeExpensesNet": -10300000,
        "incomeBeforeTax": -59100000,
        "incomeBeforeTaxRatio": -0.0495930184,
        "incomeTaxExpense": -29200000,
        "netIncome": -29900000,
        "netIncomeRatio": -0.0250902073,
        "eps": -0.58,
        "epsdiluted": -0.58,
        "weightedAverageShsOut": 51486486,
        "weightedAverageShsOutDil": 51500000,
        "link": "https://www.sec.gov/Archives/edgar/data/832988/000083298818000013/0000832988-18-000013-index.htm",
        "finalLink": "https://www.sec.gov/Archives/edgar/data/832988/000083298818000013/fy19q310-q.htm"
    },
    {
        "date": "2018-08-04",
        "symbol": "SIG",
        "reportedCurrency": "USD",
        "cik": "0000832988",
        "fillingDate": "2018-09-06",
        "acceptedDate": "2018-09-06 17:15:39",
        "calendarYear": "2019",
        "period": "Q2",
        "revenue": 1420100000,
        "costOfRevenue": 993100000,
        "grossProfit": 427000000,
        "grossProfitRatio": 0.3006830505,
        "researchAndDevelopmentExpenses": 0,
        "generalAndAdministrativeExpenses": 0,
        "sellingAndMarketingExpenses": 0,
        "sellingGeneralAndAdministrativeExpenses": 444800000,
        "otherExpenses": 500000,
        "operatingExpenses": 441600000,
        "costAndExpenses": 1434700000,
        "interestIncome": 0,
        "interestExpense": 9400000,
        "depreciationAndAmortization": 43900000,
        "ebitda": -14100000,
        "ebitdaratio": -0.0099288782,
        "operatingIncome": -58100000,
        "operatingIncomeRatio": -0.0409126118,
        "totalOtherIncomeExpensesNet": -8900000,
        "incomeBeforeTax": -67000000,
        "incomeBeforeTaxRatio": -0.0471797761,
        "incomeTaxExpense": -44000000,
        "netIncome": -23000000,
        "netIncomeRatio": -0.0161960425,
        "eps": -0.41,
        "epsdiluted": -0.41,
        "weightedAverageShsOut": 55714285,
        "weightedAverageShsOutDil": 56100000,
        "link": "https://www.sec.gov/Archives/edgar/data/832988/000083298818000006/0000832988-18-000006-index.htm",
        "finalLink": "https://www.sec.gov/Archives/edgar/data/832988/000083298818000006/fy19q210-q.htm"
    },
    {
        "date": "2018-05-05",
        "symbol": "SIG",
        "reportedCurrency": "USD",
        "cik": "0000832988",
        "fillingDate": "2018-06-12",
        "acceptedDate": "2018-06-12 17:22:20",
        "calendarYear": "2019",
        "period": "Q1",
        "revenue": 1480600000,
        "costOfRevenue": 995800000,
        "grossProfit": 484800000,
        "grossProfitRatio": 0.3274348237,
        "researchAndDevelopmentExpenses": 0,
        "generalAndAdministrativeExpenses": 0,
        "sellingAndMarketingExpenses": 0,
        "sellingGeneralAndAdministrativeExpenses": 482800000,
        "otherExpenses": 600000,
        "operatingExpenses": 460700000,
        "costAndExpenses": 1456500000,
        "interestIncome": 0,
        "interestExpense": 8900000,
        "depreciationAndAmortization": 49800000,
        "ebitda": -523500000,
        "ebitdaratio": -0.3535728759,
        "operatingIncome": -574200000,
        "operatingIncomeRatio": -0.3878157504,
        "totalOtherIncomeExpensesNet": -8300000,
        "incomeBeforeTax": -582500000,
        "incomeBeforeTaxRatio": -0.3934215858,
        "incomeTaxExpense": -85900000,
        "netIncome": -496600000,
        "netIncomeRatio": -0.3354045657,
        "eps": -8.35,
        "epsdiluted": -8.35,
        "weightedAverageShsOut": 59500000,
        "weightedAverageShsOutDil": 59500000,
        "link": "https://www.sec.gov/Archives/edgar/data/832988/000083298818000004/0000832988-18-000004-index.htm",
        "finalLink": "https://www.sec.gov/Archives/edgar/data/832988/000083298818000004/fy19q110-q.htm"
    },
    {
        "date": "2018-01-31",
        "symbol": "SIG",
        "reportedCurrency": "USD",
        "cik": "0000832988",
        "fillingDate": "2018-04-02",
        "acceptedDate": "2018-04-02 17:25:08",
        "calendarYear": "2018",
        "period": "Q4",
        "revenue": 2293100000,
        "costOfRevenue": 1373300000,
        "grossProfit": 919800000,
        "grossProfitRatio": 0.4011163927,
        "researchAndDevelopmentExpenses": 0,
        "generalAndAdministrativeExpenses": 274000000,
        "sellingAndMarketingExpenses": 360500000,
        "sellingGeneralAndAdministrativeExpenses": 634500000,
        "otherExpenses": 39500000,
        "operatingExpenses": 595000000,
        "costAndExpenses": 1968300000,
        "interestIncome": 258100000,
        "interestExpense": 10000000,
        "depreciationAndAmortization": 56300000,
        "ebitda": 379800000,
        "ebitdaratio": 0.1656273167,
        "operatingIncome": 323500000,
        "operatingIncomeRatio": 0.1410754001,
        "totalOtherIncomeExpensesNet": -10000000,
        "incomeBeforeTax": 313500000,
        "incomeBeforeTaxRatio": 0.1367144913,
        "incomeTaxExpense": -37800000,
        "netIncome": 351300000,
        "netIncomeRatio": 0.1531987266,
        "eps": 5.7,
        "epsdiluted": 5.24,
        "weightedAverageShsOut": 60200000,
        "weightedAverageShsOutDil": 67000000,
        "link": "https://www.sec.gov/Archives/edgar/data/832988/000162828018003906/0001628280-18-003906-index.htm",
        "finalLink": "https://www.sec.gov/Archives/edgar/data/832988/000162828018003906/fy18q410k.htm"
    },
    {
        "date": "2017-10-28",
        "symbol": "SIG",
        "reportedCurrency": "USD",
        "cik": "0000832988",
        "fillingDate": "2017-12-01",
        "acceptedDate": "2017-12-01 16:59:10",
        "calendarYear": "2018",
        "period": "Q3",
        "revenue": 1156900000,
        "costOfRevenue": 835800000,
        "grossProfit": 321100000,
        "grossProfitRatio": 0.2775520788,
        "researchAndDevelopmentExpenses": 0,
        "generalAndAdministrativeExpenses": 0,
        "sellingAndMarketingExpenses": 0,
        "sellingGeneralAndAdministrativeExpenses": 375900000,
        "otherExpenses": 72500000,
        "operatingExpenses": 303400000,
        "costAndExpenses": 1139200000,
        "interestIncome": 0,
        "interestExpense": 16600000,
        "depreciationAndAmortization": 48700000,
        "ebitda": 54200000,
        "ebitdaratio": 0.0468493388,
        "operatingIncome": 5500000,
        "operatingIncomeRatio": 0.0047540842,
        "totalOtherIncomeExpensesNet": -16600000,
        "incomeBeforeTax": -11100000,
        "incomeBeforeTaxRatio": -0.0095946063,
        "incomeTaxExpense": -7200000,
        "netIncome": -3900000,
        "netIncomeRatio": -0.0033710779,
        "eps": -0.0649,
        "epsdiluted": -0.0649,
        "weightedAverageShsOut": 60100000,
        "weightedAverageShsOutDil": 60100000,
        "link": "https://www.sec.gov/Archives/edgar/data/832988/000162828017011976/0001628280-17-011976-index.htm",
        "finalLink": "https://www.sec.gov/Archives/edgar/data/832988/000162828017011976/fy18q310-q.htm"
    },
    {
        "date": "2017-07-29",
        "symbol": "SIG",
        "reportedCurrency": "USD",
        "cik": "0000832988",
        "fillingDate": "2017-08-29",
        "acceptedDate": "2017-08-29 16:50:39",
        "calendarYear": "2018",
        "period": "Q2",
        "revenue": 1399600000,
        "costOfRevenue": 941700000,
        "grossProfit": 457900000,
        "grossProfitRatio": 0.3271649043,
        "researchAndDevelopmentExpenses": 0,
        "generalAndAdministrativeExpenses": 0,
        "sellingAndMarketingExpenses": 0,
        "sellingGeneralAndAdministrativeExpenses": 409000000,
        "otherExpenses": 71900000,
        "operatingExpenses": 337100000,
        "costAndExpenses": 1278800000,
        "interestIncome": 0,
        "interestExpense": 13500000,
        "depreciationAndAmortization": 48400000,
        "ebitda": 184000000,
        "ebitdaratio": 0.1314661332,
        "operatingIncome": 135600000,
        "operatingIncomeRatio": 0.0968848242,
        "totalOtherIncomeExpensesNet": -13500000,
        "incomeBeforeTax": 122100000,
        "incomeBeforeTaxRatio": 0.0872392112,
        "incomeTaxExpense": 28700000,
        "netIncome": 93400000,
        "netIncomeRatio": 0.0667333524,
        "eps": 1.34,
        "epsdiluted": 1.33,
        "weightedAverageShsOut": 63800000,
        "weightedAverageShsOutDil": 70500000,
        "link": "https://www.sec.gov/Archives/edgar/data/832988/000162828017008982/0001628280-17-008982-index.htm",
        "finalLink": "https://www.sec.gov/Archives/edgar/data/832988/000162828017008982/fy18q210-q.htm"
    },
    {
        "date": "2017-04-29",
        "symbol": "SIG",
        "reportedCurrency": "USD",
        "cik": "0000832988",
        "fillingDate": "2017-06-01",
        "acceptedDate": "2017-06-01 14:34:20",
        "calendarYear": "2018",
        "period": "Q1",
        "revenue": 1403400000,
        "costOfRevenue": 912200000,
        "grossProfit": 491200000,
        "grossProfitRatio": 0.3500071256,
        "researchAndDevelopmentExpenses": 0,
        "generalAndAdministrativeExpenses": 0,
        "sellingAndMarketingExpenses": 0,
        "sellingGeneralAndAdministrativeExpenses": 452800000,
        "otherExpenses": 76900000,
        "operatingExpenses": 375900000,
        "costAndExpenses": 1288100000,
        "interestIncome": 0,
        "interestExpense": 12600000,
        "depreciationAndAmortization": 50000000,
        "ebitda": 165300000,
        "ebitdaratio": 0.1177853784,
        "operatingIncome": 115300000,
        "operatingIncomeRatio": 0.0821576172,
        "totalOtherIncomeExpensesNet": -12600000,
        "incomeBeforeTax": 102700000,
        "incomeBeforeTaxRatio": 0.0731794214,
        "incomeTaxExpense": 24200000,
        "netIncome": 78500000,
        "netIncomeRatio": 0.055935585,
        "eps": 1.03,
        "epsdiluted": 1.03,
        "weightedAverageShsOut": 68100000,
        "weightedAverageShsOutDil": 68200000,
        "link": "https://www.sec.gov/Archives/edgar/data/832988/000162828017006136/0001628280-17-006136-index.htm",
        "finalLink": "https://www.sec.gov/Archives/edgar/data/832988/000162828017006136/fy18q110-q.htm"
    },
    {
        "date": "2017-01-31",
        "symbol": "SIG",
        "reportedCurrency": "USD",
        "cik": "0000832988",
        "fillingDate": "2017-03-16",
        "acceptedDate": "2017-03-16 17:15:52",
        "calendarYear": "2017",
        "period": "Q4",
        "revenue": 2269900000,
        "costOfRevenue": 1324400000,
        "grossProfit": 945500000,
        "grossProfitRatio": 0.4165381735,
        "researchAndDevelopmentExpenses": 0,
        "generalAndAdministrativeExpenses": 234700000,
        "sellingAndMarketingExpenses": 380600000,
        "sellingGeneralAndAdministrativeExpenses": 615300000,
        "otherExpenses": 69000000,
        "operatingExpenses": 546300000,
        "costAndExpenses": 1870700000,
        "interestIncome": 282500000,
        "interestExpense": 13000000,
        "depreciationAndAmortization": 50000000,
        "ebitda": 447900000,
        "ebitdaratio": 0.1973214679,
        "operatingIncome": 399200000,
        "operatingIncomeRatio": 0.1758667783,
        "totalOtherIncomeExpensesNet": -13000000,
        "incomeBeforeTax": 386200000,
        "incomeBeforeTaxRatio": 0.1701396537,
        "incomeTaxExpense": 88700000,
        "netIncome": 297500000,
        "netIncomeRatio": 0.1310630424,
        "eps": 4.17,
        "epsdiluted": 3.92,
        "weightedAverageShsOut": 69000000,
        "weightedAverageShsOutDil": 75800000,
        "link": "https://www.sec.gov/Archives/edgar/data/832988/000162828017002652/0001628280-17-002652-index.htm",
        "finalLink": "https://www.sec.gov/Archives/edgar/data/832988/000162828017002652/fy17q410k.htm"
    },
    {
        "date": "2016-10-29",
        "symbol": "SIG",
        "reportedCurrency": "USD",
        "cik": "0000832988",
        "fillingDate": "2016-11-29",
        "acceptedDate": "2016-11-29 17:18:23",
        "calendarYear": "2017",
        "period": "Q3",
        "revenue": 1186200000,
        "costOfRevenue": 836200000,
        "grossProfit": 350000000,
        "grossProfitRatio": 0.295059855,
        "researchAndDevelopmentExpenses": 0,
        "generalAndAdministrativeExpenses": 0,
        "sellingAndMarketingExpenses": 0,
        "sellingGeneralAndAdministrativeExpenses": 386500000,
        "otherExpenses": 68600000,
        "operatingExpenses": 317900000,
        "costAndExpenses": 1154100000,
        "interestIncome": 0,
        "interestExpense": 12700000,
        "depreciationAndAmortization": 47000000,
        "ebitda": 79100000,
        "ebitdaratio": 0.0666835272,
        "operatingIncome": 32100000,
        "operatingIncomeRatio": 0.0270612038,
        "totalOtherIncomeExpensesNet": -12700000,
        "incomeBeforeTax": 19400000,
        "incomeBeforeTaxRatio": 0.0163547462,
        "incomeTaxExpense": 2400000,
        "netIncome": 17000000,
        "netIncomeRatio": 0.0143314787,
        "eps": 0.2,
        "epsdiluted": 0.2,
        "weightedAverageShsOut": 73500000,
        "weightedAverageShsOutDil": 73600000,
        "link": "https://www.sec.gov/Archives/edgar/data/832988/000162828016021713/0001628280-16-021713-index.htm",
        "finalLink": "https://www.sec.gov/Archives/edgar/data/832988/000162828016021713/fy17q310-q.htm"
    },
    {
        "date": "2016-07-30",
        "symbol": "SIG",
        "reportedCurrency": "USD",
        "cik": "0000832988",
        "fillingDate": "2016-08-31",
        "acceptedDate": "2016-08-31 16:51:03",
        "calendarYear": "2017",
        "period": "Q2",
        "revenue": 1373400000,
        "costOfRevenue": 908500000,
        "grossProfit": 464900000,
        "grossProfitRatio": 0.3385029853,
        "researchAndDevelopmentExpenses": 0,
        "generalAndAdministrativeExpenses": 0,
        "sellingAndMarketingExpenses": 0,
        "sellingGeneralAndAdministrativeExpenses": 415700000,
        "otherExpenses": 70700000,
        "operatingExpenses": 345000000,
        "costAndExpenses": 1253500000,
        "interestIncome": 0,
        "interestExpense": 11900000,
        "depreciationAndAmortization": 46200000,
        "ebitda": 166100000,
        "ebitdaratio": 0.120940731,
        "operatingIncome": 119900000,
        "operatingIncomeRatio": 0.0873015873,
        "totalOtherIncomeExpensesNet": -11900000,
        "incomeBeforeTax": 108000000,
        "incomeBeforeTaxRatio": 0.0786369594,
        "incomeTaxExpense": 26100000,
        "netIncome": 81900000,
        "netIncomeRatio": 0.0596330275,
        "eps": 1.06,
        "epsdiluted": 1.06,
        "weightedAverageShsOut": 77100000,
        "weightedAverageShsOutDil": 77200000,
        "link": "https://www.sec.gov/Archives/edgar/data/832988/000162828016019319/0001628280-16-019319-index.htm",
        "finalLink": "https://www.sec.gov/Archives/edgar/data/832988/000162828016019319/fy17q210-q.htm"
    },
    {
        "date": "2016-04-30",
        "symbol": "SIG",
        "reportedCurrency": "USD",
        "cik": "0000832988",
        "fillingDate": "2016-06-03",
        "acceptedDate": "2016-06-03 17:02:29",
        "calendarYear": "2017",
        "period": "Q1",
        "revenue": 1578900000,
        "costOfRevenue": 978500000,
        "grossProfit": 600400000,
        "grossProfitRatio": 0.3802647413,
        "researchAndDevelopmentExpenses": 0,
        "generalAndAdministrativeExpenses": 0,
        "sellingAndMarketingExpenses": 0,
        "sellingGeneralAndAdministrativeExpenses": 462700000,
        "otherExpenses": 74300000,
        "operatingExpenses": 388400000,
        "costAndExpenses": 1366900000,
        "interestIncome": 0,
        "interestExpense": 11800000,
        "depreciationAndAmortization": 45600000,
        "ebitda": 257600000,
        "ebitdaratio": 0.1631515612,
        "operatingIncome": 212000000,
        "operatingIncomeRatio": 0.1342706948,
        "totalOtherIncomeExpensesNet": -11800000,
        "incomeBeforeTax": 200200000,
        "incomeBeforeTaxRatio": 0.1267971372,
        "incomeTaxExpense": 53400000,
        "netIncome": 146800000,
        "netIncomeRatio": 0.0929761226,
        "eps": 1.87,
        "epsdiluted": 1.87,
        "weightedAverageShsOut": 78600000,
        "weightedAverageShsOutDil": 78700000,
        "link": "https://www.sec.gov/Archives/edgar/data/832988/000162828016016928/0001628280-16-016928-index.htm",
        "finalLink": "https://www.sec.gov/Archives/edgar/data/832988/000162828016016928/fy17q110-q.htm"
    },
    {
        "date": "2016-01-31",
        "symbol": "SIG",
        "reportedCurrency": "USD",
        "cik": "0000832988",
        "fillingDate": "2016-03-24",
        "acceptedDate": "2016-03-24 13:49:35",
        "calendarYear": "2016",
        "period": "Q4",
        "revenue": 2392600000,
        "costOfRevenue": 1376600000,
        "grossProfit": 1016000000,
        "grossProfitRatio": 0.4246426482,
        "researchAndDevelopmentExpenses": 0,
        "generalAndAdministrativeExpenses": 302400000,
        "sellingAndMarketingExpenses": 384200000,
        "sellingGeneralAndAdministrativeExpenses": 686600000,
        "otherExpenses": 63700000,
        "operatingExpenses": 622900000,
        "costAndExpenses": 1999500000,
        "interestIncome": 0,
        "interestExpense": 12100000,
        "depreciationAndAmortization": 45800000,
        "ebitda": 438900000,
        "ebitdaratio": 0.1834406085,
        "operatingIncome": 393100000,
        "operatingIncomeRatio": 0.1642982529,
        "totalOtherIncomeExpensesNet": -12100000,
        "incomeBeforeTax": 381000000,
        "incomeBeforeTaxRatio": 0.1592409931,
        "incomeTaxExpense": 109100000,
        "netIncome": 271900000,
        "netIncomeRatio": 0.113642063,
        "eps": 3.43,
        "epsdiluted": 3.42,
        "weightedAverageShsOut": 79200000,
        "weightedAverageShsOutDil": 79400000,
        "link": "https://www.sec.gov/Archives/edgar/data/832988/000162828016012998/0001628280-16-012998-index.htm",
        "finalLink": "https://www.sec.gov/Archives/edgar/data/832988/000162828016012998/fy16q410k.htm"
    },
    {
        "date": "2015-10-31",
        "symbol": "SIG",
        "reportedCurrency": "USD",
        "cik": "0000832988",
        "fillingDate": "2015-12-04",
        "acceptedDate": "2015-12-04 16:30:10",
        "calendarYear": "2016",
        "period": "Q3",
        "revenue": 1216400000,
        "costOfRevenue": 848700000,
        "grossProfit": 367700000,
        "grossProfitRatio": 0.3022854324,
        "researchAndDevelopmentExpenses": 0,
        "generalAndAdministrativeExpenses": 0,
        "sellingAndMarketingExpenses": 0,
        "sellingGeneralAndAdministrativeExpenses": 395000000,
        "otherExpenses": 60900000,
        "operatingExpenses": 334100000,
        "costAndExpenses": 1182800000,
        "interestIncome": 0,
        "interestExpense": 11700000,
        "depreciationAndAmortization": 45000000,
        "ebitda": 78600000,
        "ebitdaratio": 0.0646169023,
        "operatingIncome": 33600000,
        "operatingIncomeRatio": 0.0276224926,
        "totalOtherIncomeExpensesNet": -11700000,
        "incomeBeforeTax": 21900000,
        "incomeBeforeTaxRatio": 0.0180039461,
        "incomeTaxExpense": 6900000,
        "netIncome": 15000000,
        "netIncomeRatio": 0.0123314699,
        "eps": 0.19,
        "epsdiluted": 0.19,
        "weightedAverageShsOut": 79300000,
        "weightedAverageShsOutDil": 79500000,
        "link": "https://www.sec.gov/Archives/edgar/data/832988/000162828015009247/0001628280-15-009247-index.htm",
        "finalLink": "https://www.sec.gov/Archives/edgar/data/832988/000162828015009247/fy16q310-q.htm"
    },
    {
        "date": "2015-08-01",
        "symbol": "SIG",
        "reportedCurrency": "USD",
        "cik": "0000832988",
        "fillingDate": "2015-09-03",
        "acceptedDate": "2015-09-03 17:11:12",
        "calendarYear": "2016",
        "period": "Q2",
        "revenue": 1410600000,
        "costOfRevenue": 919800000,
        "grossProfit": 490800000,
        "grossProfitRatio": 0.3479370481,
        "researchAndDevelopmentExpenses": 0,
        "generalAndAdministrativeExpenses": 0,
        "sellingAndMarketingExpenses": 0,
        "sellingGeneralAndAdministrativeExpenses": 452800000,
        "otherExpenses": 62800000,
        "operatingExpenses": 390000000,
        "costAndExpenses": 1309800000,
        "interestIncome": 0,
        "interestExpense": 11100000,
        "depreciationAndAmortization": 42700000,
        "ebitda": 143500000,
        "ebitdaratio": 0.1017297604,
        "operatingIncome": 100800000,
        "operatingIncomeRatio": 0.0714589536,
        "totalOtherIncomeExpensesNet": -11100000,
        "incomeBeforeTax": 89700000,
        "incomeBeforeTaxRatio": 0.0635899617,
        "incomeTaxExpense": 27500000,
        "netIncome": 62200000,
        "netIncomeRatio": 0.0440947115,
        "eps": 0.78,
        "epsdiluted": 0.78,
        "weightedAverageShsOut": 79700000,
        "weightedAverageShsOutDil": 79900000,
        "link": "https://www.sec.gov/Archives/edgar/data/832988/000162828015006962/0001628280-15-006962-index.htm",
        "finalLink": "https://www.sec.gov/Archives/edgar/data/832988/000162828015006962/sig-20150801_10q.htm"
    },
    {
        "date": "2015-05-02",
        "symbol": "SIG",
        "reportedCurrency": "USD",
        "cik": "0000832988",
        "fillingDate": "2015-06-03",
        "acceptedDate": "2015-06-03 17:21:32",
        "calendarYear": "2016",
        "period": "Q1",
        "revenue": 1530600000,
        "costOfRevenue": 964700000,
        "grossProfit": 565900000,
        "grossProfitRatio": 0.3697242911,
        "researchAndDevelopmentExpenses": 0,
        "generalAndAdministrativeExpenses": 0,
        "sellingAndMarketingExpenses": 0,
        "sellingGeneralAndAdministrativeExpenses": 453200000,
        "otherExpenses": 63500000,
        "operatingExpenses": 389700000,
        "costAndExpenses": 1354400000,
        "interestIncome": 0,
        "interestExpense": 11000000,
        "depreciationAndAmortization": 41800000,
        "ebitda": 218000000,
        "ebitdaratio": 0.1424278061,
        "operatingIncome": 176200000,
        "operatingIncomeRatio": 0.1151182543,
        "totalOtherIncomeExpensesNet": -11000000,
        "incomeBeforeTax": 165200000,
        "incomeBeforeTaxRatio": 0.1079315301,
        "incomeTaxExpense": 46400000,
        "netIncome": 118800000,
        "netIncomeRatio": 0.0776166209,
        "eps": 1.49,
        "epsdiluted": 1.48,
        "weightedAverageShsOut": 80000000,
        "weightedAverageShsOutDil": 80200000,
        "link": "https://www.sec.gov/Archives/edgar/data/832988/000162828015004721/0001628280-15-004721-index.htm",
        "finalLink": "https://www.sec.gov/Archives/edgar/data/832988/000162828015004721/fy16q110-q.htm"
    },
    {
        "date": "2015-01-31",
        "symbol": "SIG",
        "reportedCurrency": "USD",
        "cik": "0000832988",
        "fillingDate": "2015-03-26",
        "acceptedDate": "2015-03-26 12:49:56",
        "calendarYear": "2015",
        "period": "Q4",
        "revenue": 2276400000,
        "costOfRevenue": 1364300000,
        "grossProfit": 912100000,
        "grossProfitRatio": 0.4006765068,
        "researchAndDevelopmentExpenses": 0,
        "generalAndAdministrativeExpenses": 301500000,
        "sellingAndMarketingExpenses": 333000000,
        "sellingGeneralAndAdministrativeExpenses": 634500000,
        "otherExpenses": 54100000,
        "operatingExpenses": 580400000,
        "costAndExpenses": 1944700000,
        "interestIncome": 0,
        "interestExpense": 7900000,
        "depreciationAndAmortization": 44900000,
        "ebitda": 376600000,
        "ebitdaratio": 0.1654366544,
        "operatingIncome": 331700000,
        "operatingIncomeRatio": 0.1457125286,
        "totalOtherIncomeExpensesNet": -7900000,
        "incomeBeforeTax": 323800000,
        "incomeBeforeTaxRatio": 0.1422421367,
        "incomeTaxExpense": 95800000,
        "netIncome": 228000000,
        "netIncomeRatio": 0.1001581444,
        "eps": 2.85,
        "epsdiluted": 2.84,
        "weightedAverageShsOut": 79900000,
        "weightedAverageShsOutDil": 80200000,
        "link": "https://www.sec.gov/Archives/edgar/data/832988/000162828015001969/0001628280-15-001969-index.htm",
        "finalLink": "https://www.sec.gov/Archives/edgar/data/832988/000162828015001969/a10k-1312015xq4.htm"
    },
    {
        "date": "2014-11-01",
        "symbol": "SIG",
        "reportedCurrency": "USD",
        "cik": "0000832988",
        "fillingDate": "2014-12-08",
        "acceptedDate": "2014-12-08 08:18:55",
        "calendarYear": "2015",
        "period": "Q3",
        "revenue": 1177900000,
        "costOfRevenue": 832000000,
        "grossProfit": 345900000,
        "grossProfitRatio": 0.2936582053,
        "researchAndDevelopmentExpenses": 0,
        "generalAndAdministrativeExpenses": 0,
        "sellingAndMarketingExpenses": 0,
        "sellingGeneralAndAdministrativeExpenses": 388700000,
        "otherExpenses": 53500000,
        "operatingExpenses": 335200000,
        "costAndExpenses": 1167200000,
        "interestIncome": 0,
        "interestExpense": 12600000,
        "depreciationAndAmortization": 40300000,
        "ebitda": 51000000,
        "ebitdaratio": 0.0432973937,
        "operatingIncome": 10700000,
        "operatingIncomeRatio": 0.009083963,
        "totalOtherIncomeExpensesNet": -12600000,
        "incomeBeforeTax": -1900000,
        "incomeBeforeTaxRatio": -0.0016130402,
        "incomeTaxExpense": -600000,
        "netIncome": -1300000,
        "netIncomeRatio": -0.0011036591,
        "eps": -0.0163,
        "epsdiluted": -0.0163,
        "weightedAverageShsOut": 79900000,
        "weightedAverageShsOutDil": 79900000,
        "link": "https://www.sec.gov/Archives/edgar/data/832988/000119312514435596/0001193125-14-435596-index.htm",
        "finalLink": "https://www.sec.gov/Archives/edgar/data/832988/000119312514435596/d811831d10q.htm"
    },
    {
        "date": "2014-08-02",
        "symbol": "SIG",
        "reportedCurrency": "USD",
        "cik": "0000832988",
        "fillingDate": "2014-09-10",
        "acceptedDate": "2014-09-10 17:00:26",
        "calendarYear": "2015",
        "period": "Q2",
        "revenue": 1225900000,
        "costOfRevenue": 816900000,
        "grossProfit": 409000000,
        "grossProfitRatio": 0.3336324333,
        "researchAndDevelopmentExpenses": 0,
        "generalAndAdministrativeExpenses": 0,
        "sellingAndMarketingExpenses": 0,
        "sellingGeneralAndAdministrativeExpenses": 379200000,
        "otherExpenses": 53700000,
        "operatingExpenses": 325500000,
        "costAndExpenses": 1142400000,
        "interestIncome": 0,
        "interestExpense": 13700000,
        "depreciationAndAmortization": 36500000,
        "ebitda": 120000000,
        "ebitdaratio": 0.0978872665,
        "operatingIncome": 83500000,
        "operatingIncomeRatio": 0.0681132229,
        "totalOtherIncomeExpensesNet": -13700000,
        "incomeBeforeTax": 69800000,
        "incomeBeforeTaxRatio": 0.05693776,
        "incomeTaxExpense": 11800000,
        "netIncome": 58000000,
        "netIncomeRatio": 0.0473121788,
        "eps": 0.73,
        "epsdiluted": 0.72,
        "weightedAverageShsOut": 79900000,
        "weightedAverageShsOutDil": 80200000,
        "link": "https://www.sec.gov/Archives/edgar/data/832988/000119312514338094/0001193125-14-338094-index.htm",
        "finalLink": "https://www.sec.gov/Archives/edgar/data/832988/000119312514338094/d768833d10q.htm"
    },
    {
        "date": "2014-05-03",
        "symbol": "SIG",
        "reportedCurrency": "USD",
        "cik": "0000832988",
        "fillingDate": "2014-06-03",
        "acceptedDate": "2014-06-03 12:38:28",
        "calendarYear": "2015",
        "period": "Q1",
        "revenue": 1056100000,
        "costOfRevenue": 648900000,
        "grossProfit": 407200000,
        "grossProfitRatio": 0.3855695483,
        "researchAndDevelopmentExpenses": 0,
        "generalAndAdministrativeExpenses": 0,
        "sellingAndMarketingExpenses": 0,
        "sellingGeneralAndAdministrativeExpenses": 310500000,
        "otherExpenses": 54000000,
        "operatingExpenses": 256500000,
        "costAndExpenses": 905400000,
        "interestIncome": 0,
        "interestExpense": 1800000,
        "depreciationAndAmortization": 28000000,
        "ebitda": 178700000,
        "ebitdaratio": 0.1692074614,
        "operatingIncome": 150700000,
        "operatingIncomeRatio": 0.1426948206,
        "totalOtherIncomeExpensesNet": -1800000,
        "incomeBeforeTax": 148900000,
        "incomeBeforeTaxRatio": 0.1409904365,
        "incomeTaxExpense": 52300000,
        "netIncome": 96600000,
        "netIncomeRatio": 0.0914686109,
        "eps": 1.21,
        "epsdiluted": 1.2,
        "weightedAverageShsOut": 79900000,
        "weightedAverageShsOutDil": 80300000,
        "link": "https://www.sec.gov/Archives/edgar/data/832988/000119312514223601/0001193125-14-223601-index.htm",
        "finalLink": "https://www.sec.gov/Archives/edgar/data/832988/000119312514223601/d719065d10q.htm"
    },
    {
        "date": "2014-01-31",
        "symbol": "SIG",
        "reportedCurrency": "USD",
        "cik": "0000832988",
        "fillingDate": "2014-03-27",
        "acceptedDate": "2014-03-27 07:49:21",
        "calendarYear": "2014",
        "period": "Q4",
        "revenue": 1564000000,
        "costOfRevenue": 915200000,
        "grossProfit": 648800000,
        "grossProfitRatio": 0.4148337596,
        "researchAndDevelopmentExpenses": 0,
        "generalAndAdministrativeExpenses": 172000000,
        "sellingAndMarketingExpenses": 253800000,
        "sellingGeneralAndAdministrativeExpenses": 425800000,
        "otherExpenses": 47600000,
        "operatingExpenses": 378200000,
        "costAndExpenses": 1293400000,
        "interestIncome": 0,
        "interestExpense": 1200000,
        "depreciationAndAmortization": 30800000,
        "ebitda": 301400000,
        "ebitdaratio": 0.1927109974,
        "operatingIncome": 270600000,
        "operatingIncomeRatio": 0.1730179028,
        "totalOtherIncomeExpensesNet": -1200000,
        "incomeBeforeTax": 269400000,
        "incomeBeforeTaxRatio": 0.1722506394,
        "incomeTaxExpense": 94200000,
        "netIncome": 175200000,
        "netIncomeRatio": 0.1120204604,
        "eps": 2.2,
        "epsdiluted": 2.18,
        "weightedAverageShsOut": 79800000,
        "weightedAverageShsOutDil": 80300000,
        "link": "https://www.sec.gov/Archives/edgar/data/832988/000119312514117532/0001193125-14-117532-index.htm",
        "finalLink": "https://www.sec.gov/Archives/edgar/data/832988/000119312514117532/d646375d10k.htm"
    },
    {
        "date": "2013-11-02",
        "symbol": "SIG",
        "reportedCurrency": "USD",
        "cik": "0000832988",
        "fillingDate": "2013-11-26",
        "acceptedDate": "2013-11-26 08:03:36",
        "calendarYear": "2014",
        "period": "Q3",
        "revenue": 771400000,
        "costOfRevenue": 532200000,
        "grossProfit": 239200000,
        "grossProfitRatio": 0.3100855587,
        "researchAndDevelopmentExpenses": 0,
        "generalAndAdministrativeExpenses": 0,
        "sellingAndMarketingExpenses": 0,
        "sellingGeneralAndAdministrativeExpenses": 233400000,
        "otherExpenses": 45800000,
        "operatingExpenses": 187600000,
        "costAndExpenses": 719800000,
        "interestIncome": 0,
        "interestExpense": 900000,
        "depreciationAndAmortization": 28300000,
        "ebitda": 79900000,
        "ebitdaratio": 0.1035779103,
        "operatingIncome": 51600000,
        "operatingIncomeRatio": 0.0668913663,
        "totalOtherIncomeExpensesNet": -900000,
        "incomeBeforeTax": 50700000,
        "incomeBeforeTaxRatio": 0.0657246565,
        "incomeTaxExpense": 17100000,
        "netIncome": 33600000,
        "netIncomeRatio": 0.0435571688,
        "eps": 0.42,
        "epsdiluted": 0.42,
        "weightedAverageShsOut": 79900000,
        "weightedAverageShsOutDil": 80300000,
        "link": "https://www.sec.gov/Archives/edgar/data/832988/000119312513453800/0001193125-13-453800-index.htm",
        "finalLink": "https://www.sec.gov/Archives/edgar/data/832988/000119312513453800/d614688d10q.htm"
    },
    {
        "date": "2013-08-03",
        "symbol": "SIG",
        "reportedCurrency": "USD",
        "cik": "0000832988",
        "fillingDate": "2013-08-29",
        "acceptedDate": "2013-08-29 07:44:29",
        "calendarYear": "2014",
        "period": "Q2",
        "revenue": 880200000,
        "costOfRevenue": 570500000,
        "grossProfit": 309700000,
        "grossProfitRatio": 0.3518518519,
        "researchAndDevelopmentExpenses": 0,
        "generalAndAdministrativeExpenses": 0,
        "sellingAndMarketingExpenses": 0,
        "sellingGeneralAndAdministrativeExpenses": 250500000,
        "otherExpenses": 46300000,
        "operatingExpenses": 204200000,
        "costAndExpenses": 774700000,
        "interestIncome": 0,
        "interestExpense": 1000000,
        "depreciationAndAmortization": 25500000,
        "ebitda": 128000000,
        "ebitdaratio": 0.1454214951,
        "operatingIncome": 105500000,
        "operatingIncomeRatio": 0.1198591229,
        "totalOtherIncomeExpensesNet": -1000000,
        "incomeBeforeTax": 104500000,
        "incomeBeforeTaxRatio": 0.1187230175,
        "incomeTaxExpense": 37100000,
        "netIncome": 67400000,
        "netIncomeRatio": 0.076573506,
        "eps": 0.84,
        "epsdiluted": 0.84,
        "weightedAverageShsOut": 80300000,
        "weightedAverageShsOutDil": 80700000,
        "link": "https://www.sec.gov/Archives/edgar/data/832988/000119312513351140/0001193125-13-351140-index.htm",
        "finalLink": "https://www.sec.gov/Archives/edgar/data/832988/000119312513351140/d569403d10q.htm"
    },
    {
        "date": "2013-05-04",
        "symbol": "SIG",
        "reportedCurrency": "USD",
        "cik": "0000832988",
        "fillingDate": "2013-05-23",
        "acceptedDate": "2013-05-23 07:43:37",
        "calendarYear": "2014",
        "period": "Q1",
        "revenue": 993600000,
        "costOfRevenue": 610800000,
        "grossProfit": 382800000,
        "grossProfitRatio": 0.3852657005,
        "researchAndDevelopmentExpenses": 0,
        "generalAndAdministrativeExpenses": 0,
        "sellingAndMarketingExpenses": 0,
        "sellingGeneralAndAdministrativeExpenses": 287000000,
        "otherExpenses": 47000000,
        "operatingExpenses": 240000000,
        "costAndExpenses": 850800000,
        "interestIncome": 0,
        "interestExpense": 900000,
        "depreciationAndAmortization": 25600000,
        "ebitda": 168600000,
        "ebitdaratio": 0.1696859903,
        "operatingIncome": 142800000,
        "operatingIncomeRatio": 0.1437198068,
        "totalOtherIncomeExpensesNet": -900000,
        "incomeBeforeTax": 141900000,
        "incomeBeforeTaxRatio": 0.1428140097,
        "incomeTaxExpense": 50100000,
        "netIncome": 91800000,
        "netIncomeRatio": 0.0923913043,
        "eps": 1.14,
        "epsdiluted": 1.13,
        "weightedAverageShsOut": 80800000,
        "weightedAverageShsOutDil": 81300000,
        "link": "https://www.sec.gov/Archives/edgar/data/832988/000119312513232373/0001193125-13-232373-index.htm",
        "finalLink": "https://www.sec.gov/Archives/edgar/data/832988/000119312513232373/d516230d10q.htm"
    },
    {
        "date": "2013-01-31",
        "symbol": "SIG",
        "reportedCurrency": "USD",
        "cik": "0000832988",
        "fillingDate": "2013-03-28",
        "acceptedDate": "2013-03-28 07:45:19",
        "calendarYear": "2013",
        "period": "Q4",
        "revenue": 1513300000,
        "costOfRevenue": 876200000,
        "grossProfit": 637100000,
        "grossProfitRatio": 0.4210004626,
        "researchAndDevelopmentExpenses": 0,
        "generalAndAdministrativeExpenses": 165100000,
        "sellingAndMarketingExpenses": 245800000,
        "sellingGeneralAndAdministrativeExpenses": 410900000,
        "otherExpenses": -118200000,
        "operatingExpenses": 530800000,
        "costAndExpenses": 1407000000,
        "interestIncome": 1100000,
        "interestExpense": 1100000,
        "depreciationAndAmortization": 29000000,
        "ebitda": 299200000,
        "ebitdaratio": 0.197713606,
        "operatingIncome": 267700000,
        "operatingIncomeRatio": 0.1768981696,
        "totalOtherIncomeExpensesNet": -3600000,
        "incomeBeforeTax": 266600000,
        "incomeBeforeTaxRatio": 0.1761712813,
        "incomeTaxExpense": 94800000,
        "netIncome": 171800000,
        "netIncomeRatio": 0.1135267297,
        "eps": 2.09,
        "epsdiluted": 2.07,
        "weightedAverageShsOut": 82300000,
        "weightedAverageShsOutDil": 82800000,
        "link": "https://www.sec.gov/Archives/edgar/data/832988/000119312513130663/0001193125-13-130663-index.htm",
        "finalLink": "https://www.sec.gov/Archives/edgar/data/832988/000119312513130663/d455150d10k.htm"
    },
    {
        "date": "2012-10-27",
        "symbol": "SIG",
        "reportedCurrency": "USD",
        "cik": "0000832988",
        "fillingDate": "2012-11-20",
        "acceptedDate": "2012-11-20 07:42:59",
        "calendarYear": "2013",
        "period": "Q3",
        "revenue": 716200000,
        "costOfRevenue": 480800000,
        "grossProfit": 235400000,
        "grossProfitRatio": 0.3286791399,
        "researchAndDevelopmentExpenses": 0,
        "generalAndAdministrativeExpenses": 0,
        "sellingAndMarketingExpenses": 0,
        "sellingGeneralAndAdministrativeExpenses": 222600000,
        "otherExpenses": 39700000,
        "operatingExpenses": 182900000,
        "costAndExpenses": 663700000,
        "interestIncome": 0,
        "interestExpense": 900000,
        "depreciationAndAmortization": 23700000,
        "ebitda": 77800000,
        "ebitdaratio": 0.1086288746,
        "operatingIncome": 52500000,
        "operatingIncomeRatio": 0.0733035465,
        "totalOtherIncomeExpensesNet": -900000,
        "incomeBeforeTax": 51600000,
        "incomeBeforeTaxRatio": 0.0720469143,
        "incomeTaxExpense": 16700000,
        "netIncome": 34900000,
        "netIncomeRatio": 0.0487294052,
        "eps": 0.43,
        "epsdiluted": 0.43,
        "weightedAverageShsOut": 80500000,
        "weightedAverageShsOutDil": 80900000,
        "link": "https://www.sec.gov/Archives/edgar/data/832988/000119312512476483/0001193125-12-476483-index.htm",
        "finalLink": "https://www.sec.gov/Archives/edgar/data/832988/000119312512476483/d420986d10q.htm"
    },
    {
        "date": "2012-07-28",
        "symbol": "SIG",
        "reportedCurrency": "USD",
        "cik": "0000832988",
        "fillingDate": "2012-08-23",
        "acceptedDate": "2012-08-23 07:48:55",
        "calendarYear": "2013",
        "period": "Q2",
        "revenue": 853900000,
        "costOfRevenue": 542700000,
        "grossProfit": 311200000,
        "grossProfitRatio": 0.3644454854,
        "researchAndDevelopmentExpenses": 0,
        "generalAndAdministrativeExpenses": 0,
        "sellingAndMarketingExpenses": 0,
        "sellingGeneralAndAdministrativeExpenses": 240300000,
        "otherExpenses": 40000000,
        "operatingExpenses": 200300000,
        "costAndExpenses": 743000000,
        "interestIncome": 0,
        "interestExpense": 700000,
        "depreciationAndAmortization": 23600000,
        "ebitda": 134500000,
        "ebitdaratio": 0.1575125893,
        "operatingIncome": 110900000,
        "operatingIncomeRatio": 0.1298746926,
        "totalOtherIncomeExpensesNet": -700000,
        "incomeBeforeTax": 110200000,
        "incomeBeforeTaxRatio": 0.1290549245,
        "incomeTaxExpense": 39500000,
        "netIncome": 70700000,
        "netIncomeRatio": 0.0827965804,
        "eps": 0.86,
        "epsdiluted": 0.85,
        "weightedAverageShsOut": 82600000,
        "weightedAverageShsOutDil": 83000000,
        "link": "https://www.sec.gov/Archives/edgar/data/832988/000119312512365950/0001193125-12-365950-index.htm",
        "finalLink": "https://www.sec.gov/Archives/edgar/data/832988/000119312512365950/d376962d10q.htm"
    },
    {
        "date": "2012-04-28",
        "symbol": "SIG",
        "reportedCurrency": "USD",
        "cik": "0000832988",
        "fillingDate": "2012-05-24",
        "acceptedDate": "2012-05-24 07:33:52",
        "calendarYear": "2013",
        "period": "Q1",
        "revenue": 900000000,
        "costOfRevenue": 546300000,
        "grossProfit": 353700000,
        "grossProfitRatio": 0.393,
        "researchAndDevelopmentExpenses": 0,
        "generalAndAdministrativeExpenses": 0,
        "sellingAndMarketingExpenses": 0,
        "sellingGeneralAndAdministrativeExpenses": 264500000,
        "otherExpenses": 40200000,
        "operatingExpenses": 224300000,
        "costAndExpenses": 770600000,
        "interestIncome": 0,
        "interestExpense": 900000,
        "depreciationAndAmortization": 23100000,
        "ebitda": 152500000,
        "ebitdaratio": 0.1694444444,
        "operatingIncome": 129400000,
        "operatingIncomeRatio": 0.1437777778,
        "totalOtherIncomeExpensesNet": -900000,
        "incomeBeforeTax": 128500000,
        "incomeBeforeTaxRatio": 0.1427777778,
        "incomeTaxExpense": 46000000,
        "netIncome": 82500000,
        "netIncomeRatio": 0.0916666667,
        "eps": 0.96,
        "epsdiluted": 0.96,
        "weightedAverageShsOut": 85500000,
        "weightedAverageShsOutDil": 86300000,
        "link": "https://www.sec.gov/Archives/edgar/data/832988/000119312512246024/0001193125-12-246024-index.htm",
        "finalLink": "https://www.sec.gov/Archives/edgar/data/832988/000119312512246024/d326967d10q.htm"
    },
    {
        "date": "2012-01-31",
        "symbol": "SIG",
        "reportedCurrency": "USD",
        "cik": "0000832988",
        "fillingDate": "2012-03-22",
        "acceptedDate": "2012-03-22 08:38:10",
        "calendarYear": "2012",
        "period": "Q4",
        "revenue": 1353800000,
        "costOfRevenue": 790600000,
        "grossProfit": 563200000,
        "grossProfitRatio": 0.4160141823,
        "researchAndDevelopmentExpenses": 0,
        "generalAndAdministrativeExpenses": 0,
        "sellingAndMarketingExpenses": 0,
        "sellingGeneralAndAdministrativeExpenses": 348800000,
        "otherExpenses": 97000000,
        "operatingExpenses": 445800000,
        "costAndExpenses": 1236400000,
        "interestIncome": 0,
        "interestExpense": 1500000,
        "depreciationAndAmortization": 25100000,
        "ebitda": 269000000,
        "ebitdaratio": 0.1986999557,
        "operatingIncome": 243900000,
        "operatingIncomeRatio": 0.1801595509,
        "totalOtherIncomeExpensesNet": -1500000,
        "incomeBeforeTax": 242400000,
        "incomeBeforeTaxRatio": 0.1790515586,
        "incomeTaxExpense": 85800000,
        "netIncome": 156600000,
        "netIncomeRatio": 0.115674398,
        "eps": 1.82,
        "epsdiluted": 1.8,
        "weightedAverageShsOut": 86200000,
        "weightedAverageShsOutDil": 87000000,
        "link": "https://www.sec.gov/Archives/edgar/data/832988/000119312512126437/0001193125-12-126437-index.htm",
        "finalLink": "https://www.sec.gov/Archives/edgar/data/832988/000119312512126437/d273004d10k.htm"
    },
    {
        "date": "2011-10-29",
        "symbol": "SIG",
        "reportedCurrency": "USD",
        "cik": "0000832988",
        "fillingDate": "2011-11-22",
        "acceptedDate": "2011-11-22 08:16:50",
        "calendarYear": "2012",
        "period": "Q3",
        "revenue": 710500000,
        "costOfRevenue": 480600000,
        "grossProfit": 229900000,
        "grossProfitRatio": 0.3235749472,
        "researchAndDevelopmentExpenses": 0,
        "generalAndAdministrativeExpenses": 0,
        "sellingAndMarketingExpenses": 0,
        "sellingGeneralAndAdministrativeExpenses": 219600000,
        "otherExpenses": 0,
        "operatingExpenses": 187400000,
        "costAndExpenses": 668000000,
        "interestIncome": 0,
        "interestExpense": 400000,
        "depreciationAndAmortization": 22300000,
        "ebitda": 64800000,
        "ebitdaratio": 0.0912033779,
        "operatingIncome": 42500000,
        "operatingIncomeRatio": 0.0598170303,
        "totalOtherIncomeExpensesNet": -400000,
        "incomeBeforeTax": 42100000,
        "incomeBeforeTaxRatio": 0.0592540464,
        "incomeTaxExpense": 16000000,
        "netIncome": 26100000,
        "netIncomeRatio": 0.0367346939,
        "eps": 0.3,
        "epsdiluted": 0.3,
        "weightedAverageShsOut": 86300000,
        "weightedAverageShsOutDil": 87100000,
        "link": "https://www.sec.gov/Archives/edgar/data/832988/000119312511319237/0001193125-11-319237-index.htm",
        "finalLink": "https://www.sec.gov/Archives/edgar/data/832988/000119312511319237/d236059d10q.htm"
    },
    {
        "date": "2011-07-30",
        "symbol": "SIG",
        "reportedCurrency": "USD",
        "cik": "0000832988",
        "fillingDate": "2011-08-25",
        "acceptedDate": "2011-08-25 08:31:59",
        "calendarYear": "2012",
        "period": "Q2",
        "revenue": 797600000,
        "costOfRevenue": 502800000,
        "grossProfit": 294800000,
        "grossProfitRatio": 0.3696088265,
        "researchAndDevelopmentExpenses": 0,
        "generalAndAdministrativeExpenses": 0,
        "sellingAndMarketingExpenses": 0,
        "sellingGeneralAndAdministrativeExpenses": 224500000,
        "otherExpenses": 0,
        "operatingExpenses": 192500000,
        "costAndExpenses": 695300000,
        "interestIncome": 0,
        "interestExpense": 2500000,
        "depreciationAndAmortization": 22500000,
        "ebitda": 124800000,
        "ebitdaratio": 0.1564694082,
        "operatingIncome": 102300000,
        "operatingIncomeRatio": 0.1282597793,
        "totalOtherIncomeExpensesNet": -2500000,
        "incomeBeforeTax": 99800000,
        "incomeBeforeTaxRatio": 0.1251253761,
        "incomeTaxExpense": 33500000,
        "netIncome": 66300000,
        "netIncomeRatio": 0.0831243731,
        "eps": 0.77,
        "epsdiluted": 0.76,
        "weightedAverageShsOut": 86300000,
        "weightedAverageShsOutDil": 87100000,
        "link": "https://www.sec.gov/Archives/edgar/data/832988/000119312511231824/0001193125-11-231824-index.htm",
        "finalLink": "https://www.sec.gov/Archives/edgar/data/832988/000119312511231824/d10q.htm"
    },
    {
        "date": "2011-04-30",
        "symbol": "SIG",
        "reportedCurrency": "USD",
        "cik": "0000832988",
        "fillingDate": "2011-05-26",
        "acceptedDate": "2011-05-26 08:30:48",
        "calendarYear": "2012",
        "period": "Q1",
        "revenue": 887300000,
        "costOfRevenue": 537600000,
        "grossProfit": 349700000,
        "grossProfitRatio": 0.3941169841,
        "researchAndDevelopmentExpenses": 0,
        "generalAndAdministrativeExpenses": 0,
        "sellingAndMarketingExpenses": 0,
        "sellingGeneralAndAdministrativeExpenses": 263800000,
        "otherExpenses": 0,
        "operatingExpenses": 263800000,
        "costAndExpenses": 801400000,
        "interestIncome": 0,
        "interestExpense": 900000,
        "depreciationAndAmortization": 22500000,
        "ebitda": 141200000,
        "ebitdaratio": 0.1591344528,
        "operatingIncome": 118700000,
        "operatingIncomeRatio": 0.1337766257,
        "totalOtherIncomeExpensesNet": -900000,
        "incomeBeforeTax": 117800000,
        "incomeBeforeTaxRatio": 0.1327623126,
        "incomeTaxExpense": 42400000,
        "netIncome": 75400000,
        "netIncomeRatio": 0.0849768962,
        "eps": 0.87,
        "epsdiluted": 0.87,
        "weightedAverageShsOut": 86100000,
        "weightedAverageShsOutDil": 86900000,
        "link": "https://www.sec.gov/Archives/edgar/data/832988/000119312511151042/0001193125-11-151042-index.htm",
        "finalLink": "https://www.sec.gov/Archives/edgar/data/832988/000119312511151042/d10q.htm"
    },
    {
        "date": "2011-01-31",
        "symbol": "SIG",
        "reportedCurrency": "USD",
        "cik": "0000832988",
        "fillingDate": "2011-03-30",
        "acceptedDate": "2011-03-30 08:23:13",
        "calendarYear": "2011",
        "period": "Q4",
        "revenue": 1270500000,
        "costOfRevenue": 752000000,
        "grossProfit": 518500000,
        "grossProfitRatio": 0.4081070445,
        "researchAndDevelopmentExpenses": 0,
        "generalAndAdministrativeExpenses": 0,
        "sellingAndMarketingExpenses": 0,
        "sellingGeneralAndAdministrativeExpenses": 336700000,
        "otherExpenses": 0,
        "operatingExpenses": 308000000,
        "costAndExpenses": 1060000000,
        "interestIncome": 100000,
        "interestExpense": 51000000,
        "depreciationAndAmortization": 26500000,
        "ebitda": 237100000,
        "ebitdaratio": 0.1866194412,
        "operatingIncome": 210500000,
        "operatingIncomeRatio": 0.165682802,
        "totalOtherIncomeExpensesNet": -50900000,
        "incomeBeforeTax": 159600000,
        "incomeBeforeTaxRatio": 0.1256198347,
        "incomeTaxExpense": 54200000,
        "netIncome": 105400000,
        "netIncomeRatio": 0.0829594648,
        "eps": 1.23,
        "epsdiluted": 1.22,
        "weightedAverageShsOut": 85700000,
        "weightedAverageShsOutDil": 86400000,
        "link": "https://www.sec.gov/Archives/edgar/data/832988/000119312511082150/0001193125-11-082150-index.htm",
        "finalLink": "https://www.sec.gov/Archives/edgar/data/832988/000119312511082150/d10k.htm"
    },
    {
        "date": "2010-10-30",
        "symbol": "SIG",
        "reportedCurrency": "USD",
        "cik": "0000832988",
        "fillingDate": "2010-11-30",
        "acceptedDate": "2010-11-30 07:20:53",
        "calendarYear": "2011",
        "period": "Q3",
        "revenue": 641800000,
        "costOfRevenue": 448200000,
        "grossProfit": 193600000,
        "grossProfitRatio": 0.3016516049,
        "researchAndDevelopmentExpenses": 0,
        "generalAndAdministrativeExpenses": 0,
        "sellingAndMarketingExpenses": 0,
        "sellingGeneralAndAdministrativeExpenses": 201500000,
        "otherExpenses": 0,
        "operatingExpenses": 201500000,
        "costAndExpenses": 649700000,
        "interestIncome": 300000,
        "interestExpense": 6800000,
        "depreciationAndAmortization": 23800000,
        "ebitda": 42300000,
        "ebitdaratio": 0.0659083827,
        "operatingIncome": -7900000,
        "operatingIncomeRatio": -0.0123091306,
        "totalOtherIncomeExpensesNet": 19900000,
        "incomeBeforeTax": 12000000,
        "incomeBeforeTaxRatio": 0.0186974135,
        "incomeTaxExpense": 6000000,
        "netIncome": 6000000,
        "netIncomeRatio": 0.0093487068,
        "eps": 0.07,
        "epsdiluted": 0.07,
        "weightedAverageShsOut": 85700000,
        "weightedAverageShsOutDil": 86300000,
        "link": "https://www.sec.gov/Archives/edgar/data/832988/000119312510270721/0001193125-10-270721-index.htm",
        "finalLink": "https://www.sec.gov/Archives/edgar/data/832988/000119312510270721/d10q.htm"
    },
    {
        "date": "2010-07-31",
        "symbol": "SIG",
        "reportedCurrency": "USD",
        "cik": "0000832988",
        "fillingDate": "2010-08-27",
        "acceptedDate": "2010-08-27 07:08:15",
        "calendarYear": "2011",
        "period": "Q2",
        "revenue": 722800000,
        "costOfRevenue": 483000000,
        "grossProfit": 239800000,
        "grossProfitRatio": 0.3317653569,
        "researchAndDevelopmentExpenses": 0,
        "generalAndAdministrativeExpenses": 0,
        "sellingAndMarketingExpenses": 0,
        "sellingGeneralAndAdministrativeExpenses": 203700000,
        "otherExpenses": 0,
        "operatingExpenses": 176500000,
        "costAndExpenses": 659500000,
        "interestIncome": 200000,
        "interestExpense": 6200000,
        "depreciationAndAmortization": 23100000,
        "ebitda": 83800000,
        "ebitdaratio": 0.1159380188,
        "operatingIncome": 63300000,
        "operatingIncomeRatio": 0.087576093,
        "totalOtherIncomeExpensesNet": -6000000,
        "incomeBeforeTax": 57300000,
        "incomeBeforeTaxRatio": 0.0792750415,
        "incomeTaxExpense": 16600000,
        "netIncome": 40700000,
        "netIncomeRatio": 0.0563087991,
        "eps": 0.45,
        "epsdiluted": 0.45,
        "weightedAverageShsOut": 85600000,
        "weightedAverageShsOutDil": 86200000,
        "link": "https://www.sec.gov/Archives/edgar/data/832988/000119312510198765/0001193125-10-198765-index.htm",
        "finalLink": "https://www.sec.gov/Archives/edgar/data/832988/000119312510198765/d10q.htm"
    },
    {
        "date": "2010-05-01",
        "symbol": "SIG",
        "reportedCurrency": "USD",
        "cik": "0000832988",
        "fillingDate": "2010-06-01",
        "acceptedDate": "2010-06-01 07:00:14",
        "calendarYear": "2011",
        "period": "Q1",
        "revenue": 810000000,
        "costOfRevenue": 513700000,
        "grossProfit": 296300000,
        "grossProfitRatio": 0.3658024691,
        "researchAndDevelopmentExpenses": 0,
        "generalAndAdministrativeExpenses": 0,
        "sellingAndMarketingExpenses": 0,
        "sellingGeneralAndAdministrativeExpenses": 238500000,
        "otherExpenses": 0,
        "operatingExpenses": 210800000,
        "costAndExpenses": 724500000,
        "interestIncome": 100000,
        "interestExpense": 8800000,
        "depreciationAndAmortization": 24400000,
        "ebitda": 107200000,
        "ebitdaratio": 0.132345679,
        "operatingIncome": 85500000,
        "operatingIncomeRatio": 0.1055555556,
        "totalOtherIncomeExpensesNet": -8700000,
        "incomeBeforeTax": 76800000,
        "incomeBeforeTaxRatio": 0.0948148148,
        "incomeTaxExpense": 24800000,
        "netIncome": 52000000,
        "netIncomeRatio": 0.0641975309,
        "eps": 0.61,
        "epsdiluted": 0.6,
        "weightedAverageShsOut": 85500000,
        "weightedAverageShsOutDil": 86200000,
        "link": "https://www.sec.gov/Archives/edgar/data/832988/000095013010001939/0000950130-10-001939-index.htm",
        "finalLink": "https://www.sec.gov/Archives/edgar/data/832988/000095013010001939/d10q.htm"
    },
    {
        "date": "2010-01-31",
        "symbol": "SIG",
        "reportedCurrency": "USD",
        "cik": "0000832988",
        "fillingDate": "2010-03-25",
        "acceptedDate": "2010-03-25 07:37:43",
        "calendarYear": "2010",
        "period": "Q4",
        "revenue": 1203600000,
        "costOfRevenue": 769500000,
        "grossProfit": 434100000,
        "grossProfitRatio": 0.360667996,
        "researchAndDevelopmentExpenses": 0,
        "generalAndAdministrativeExpenses": 0,
        "sellingAndMarketingExpenses": 0,
        "sellingGeneralAndAdministrativeExpenses": 282600000,
        "otherExpenses": 86600000,
        "operatingExpenses": 369200000,
        "costAndExpenses": 1138700000,
        "interestIncome": 115100000,
        "interestExpense": 7600000,
        "depreciationAndAmortization": 28700000,
        "ebitda": 208700000,
        "ebitdaratio": 0.1733964772,
        "operatingIncome": 179900000,
        "operatingIncomeRatio": 0.1494682619,
        "totalOtherIncomeExpensesNet": -7500000,
        "incomeBeforeTax": 172400000,
        "incomeBeforeTaxRatio": 0.1432369558,
        "incomeTaxExpense": 55200000,
        "netIncome": 117200000,
        "netIncomeRatio": 0.097374543,
        "eps": 1.37,
        "epsdiluted": 1.37,
        "weightedAverageShsOut": 85300000,
        "weightedAverageShsOutDil": 85600000,
        "link": "https://www.sec.gov/Archives/edgar/data/832988/000119163810000327/0001191638-10-000327-index.htm",
        "finalLink": "https://www.sec.gov/Archives/edgar/data/832988/000119163810000327/sig201003258k8k.htm"
    },
    {
        "date": "2009-10-31",
        "symbol": "SIG",
        "reportedCurrency": "USD",
        "cik": "0000832988",
        "fillingDate": "2009-11-24",
        "acceptedDate": "2009-11-24 07:44:34",
        "calendarYear": "2010",
        "period": "Q3",
        "revenue": 613700000,
        "costOfRevenue": 447900000,
        "grossProfit": 165800000,
        "grossProfitRatio": 0.2701645755,
        "researchAndDevelopmentExpenses": 0,
        "generalAndAdministrativeExpenses": 0,
        "sellingAndMarketingExpenses": 0,
        "sellingGeneralAndAdministrativeExpenses": 197300000,
        "otherExpenses": 0,
        "operatingExpenses": 168900000,
        "costAndExpenses": 616800000,
        "interestIncome": 0,
        "interestExpense": 7400000,
        "depreciationAndAmortization": 27300000,
        "ebitda": 21400000,
        "ebitdaratio": 0.0348704579,
        "operatingIncome": -3100000,
        "operatingIncomeRatio": -0.005051328,
        "totalOtherIncomeExpensesNet": -7400000,
        "incomeBeforeTax": -10500000,
        "incomeBeforeTaxRatio": -0.0171093368,
        "incomeTaxExpense": -3500000,
        "netIncome": -7000000,
        "netIncomeRatio": -0.0114062245,
        "eps": -0.082,
        "epsdiluted": -0.082,
        "weightedAverageShsOut": 85400000,
        "weightedAverageShsOutDil": 85400000,
        "link": "https://www.sec.gov/Archives/edgar/data/832988/000119163809001188/0001191638-09-001188-index.htm",
        "finalLink": "https://www.sec.gov/Archives/edgar/data/832988/000119163809001188/0001191638-09-001188.txt"
    },
    {
        "date": "2009-07-31",
        "symbol": "SIG",
        "reportedCurrency": "USD",
        "cik": "0000832988",
        "fillingDate": "2009-09-09",
        "acceptedDate": "2009-09-09 07:39:46",
        "calendarYear": "2010",
        "period": "Q2",
        "revenue": 710800000,
        "costOfRevenue": 489300000,
        "grossProfit": 221500000,
        "grossProfitRatio": 0.3116207091,
        "researchAndDevelopmentExpenses": 0,
        "generalAndAdministrativeExpenses": 0,
        "sellingAndMarketingExpenses": 0,
        "sellingGeneralAndAdministrativeExpenses": 203800000,
        "otherExpenses": 0,
        "operatingExpenses": 174900000,
        "costAndExpenses": 664200000,
        "interestIncome": 100000,
        "interestExpense": 8200000,
        "depreciationAndAmortization": 27300000,
        "ebitda": 74000000,
        "ebitdaratio": 0.1041080473,
        "operatingIncome": 46600000,
        "operatingIncomeRatio": 0.0655599325,
        "totalOtherIncomeExpensesNet": -8100000,
        "incomeBeforeTax": 38500000,
        "incomeBeforeTaxRatio": 0.0541643219,
        "incomeTaxExpense": 10900000,
        "netIncome": 27600000,
        "netIncomeRatio": 0.0388294879,
        "eps": 0.32,
        "epsdiluted": 0.32,
        "weightedAverageShsOut": 85200000,
        "weightedAverageShsOutDil": 85500000,
        "link": "https://www.sec.gov/Archives/edgar/data/832988/000119163809000939/0001191638-09-000939-index.htm",
        "finalLink": "https://www.sec.gov/Archives/edgar/data/832988/000119163809000939/0001191638-09-000939.txt"
    },
    {
        "date": "2009-04-30",
        "symbol": "SIG",
        "reportedCurrency": "USD",
        "cik": "0000832988",
        "fillingDate": "2009-06-04",
        "acceptedDate": "2009-06-04 07:30:37",
        "calendarYear": "2010",
        "period": "Q1",
        "revenue": 762600000,
        "costOfRevenue": 507100000,
        "grossProfit": 255500000,
        "grossProfitRatio": 0.3350380278,
        "researchAndDevelopmentExpenses": 0,
        "generalAndAdministrativeExpenses": 0,
        "sellingAndMarketingExpenses": 0,
        "sellingGeneralAndAdministrativeExpenses": 232800000,
        "otherExpenses": 0,
        "operatingExpenses": 203100000,
        "costAndExpenses": 710200000,
        "interestIncome": 600000,
        "interestExpense": 11600000,
        "depreciationAndAmortization": 25600000,
        "ebitda": 78600000,
        "ebitdaratio": 0.10306845,
        "operatingIncome": 52400000,
        "operatingIncomeRatio": 0.0687123,
        "totalOtherIncomeExpensesNet": -11000000,
        "incomeBeforeTax": 41400000,
        "incomeBeforeTaxRatio": 0.0542879622,
        "incomeTaxExpense": 15100000,
        "netIncome": 26300000,
        "netIncomeRatio": 0.0344872804,
        "eps": 0.31,
        "epsdiluted": 0.31,
        "weightedAverageShsOut": 85200000,
        "weightedAverageShsOutDil": 85400000,
        "link": "https://www.sec.gov/Archives/edgar/data/832988/000119163809000622/0001191638-09-000622-index.htm",
        "finalLink": "https://www.sec.gov/Archives/edgar/data/832988/000119163809000622/0001191638-09-000622.txt"
    },
    {
        "date": "2009-01-31",
        "symbol": "SIG",
        "reportedCurrency": "USD",
        "cik": "0000832988",
        "fillingDate": "2009-04-01",
        "acceptedDate": "2009-04-01 09:46:28",
        "calendarYear": "2009",
        "period": "Q4",
        "revenue": 1123599378,
        "costOfRevenue": 745099560,
        "grossProfit": 378499818,
        "grossProfitRatio": 0.336863677,
        "researchAndDevelopmentExpenses": 0,
        "generalAndAdministrativeExpenses": 0,
        "sellingAndMarketingExpenses": 0,
        "sellingGeneralAndAdministrativeExpenses": -436400290,
        "otherExpenses": 654699538,
        "operatingExpenses": 218299248,
        "costAndExpenses": 963398808,
        "interestIncome": 0,
        "interestExpense": 0,
        "depreciationAndAmortization": 30000568,
        "ebitda": -332900224,
        "ebitdaratio": -0.2962801783,
        "operatingIncome": -366500024,
        "operatingIncomeRatio": -0.3261838972,
        "totalOtherIncomeExpensesNet": -7100500,
        "incomeBeforeTax": -373600524,
        "incomeBeforeTaxRatio": -0.3325033204,
        "incomeTaxExpense": 50400084,
        "netIncome": -424000608,
        "netIncomeRatio": -0.3773592406,
        "eps": -4.98,
        "epsdiluted": -4.98,
        "weightedAverageShsOut": 85200000,
        "weightedAverageShsOutDil": 85200000,
        "link": "https://www.sec.gov/Archives/edgar/data/832988/000119163809000354/0001191638-09-000354-index.htm",
        "finalLink": "https://www.sec.gov/Archives/edgar/data/832988/000119163809000354/0001191638-09-000354.txt"
    },
    {
        "date": "2008-10-31",
        "symbol": "SIG",
        "reportedCurrency": "USD",
        "cik": "0000832988",
        "fillingDate": "2008-11-25",
        "acceptedDate": "2008-11-25 07:31:54",
        "calendarYear": "2009",
        "period": "Q3",
        "revenue": 629300000,
        "costOfRevenue": 454500000,
        "grossProfit": 174800000,
        "grossProfitRatio": 0.2777689496,
        "researchAndDevelopmentExpenses": 0,
        "generalAndAdministrativeExpenses": 0,
        "sellingAndMarketingExpenses": 0,
        "sellingGeneralAndAdministrativeExpenses": 217300000,
        "otherExpenses": 0,
        "operatingExpenses": 189000000,
        "costAndExpenses": 643500000,
        "interestIncome": 600000,
        "interestExpense": 10000000,
        "depreciationAndAmortization": 29100000,
        "ebitda": 15500000,
        "ebitdaratio": 0.0246305419,
        "operatingIncome": -14200000,
        "operatingIncomeRatio": -0.0225647545,
        "totalOtherIncomeExpensesNet": -9400000,
        "incomeBeforeTax": -23600000,
        "incomeBeforeTaxRatio": -0.0375019863,
        "incomeTaxExpense": -8500000,
        "netIncome": -15100000,
        "netIncomeRatio": -0.023994915,
        "eps": -0.18,
        "epsdiluted": -0.18,
        "weightedAverageShsOut": 85200000,
        "weightedAverageShsOutDil": 85200000,
        "link": "https://www.sec.gov/Archives/edgar/data/832988/000119163808001951/0001191638-08-001951-index.htm",
        "finalLink": "https://www.sec.gov/Archives/edgar/data/832988/000119163808001951/0001191638-08-001951.txt"
    },
    {
        "date": "2008-07-31",
        "symbol": "SIG",
        "reportedCurrency": "USD",
        "cik": "0000832988",
        "fillingDate": "2008-09-03",
        "acceptedDate": "2008-09-03 10:34:52",
        "calendarYear": "2009",
        "period": "Q2",
        "revenue": 768900000,
        "costOfRevenue": 710900000,
        "grossProfit": 58000000,
        "grossProfitRatio": 0.0754324359,
        "researchAndDevelopmentExpenses": 0,
        "generalAndAdministrativeExpenses": 0,
        "sellingAndMarketingExpenses": 0,
        "sellingGeneralAndAdministrativeExpenses": 50800000,
        "otherExpenses": 0,
        "operatingExpenses": 22000000,
        "costAndExpenses": 732900000,
        "interestIncome": 800000,
        "interestExpense": 7700000,
        "depreciationAndAmortization": 27000000,
        "ebitda": 65300000,
        "ebitdaratio": 0.0849265184,
        "operatingIncome": 36000000,
        "operatingIncomeRatio": 0.0468201327,
        "totalOtherIncomeExpensesNet": -6900000,
        "incomeBeforeTax": 29600000,
        "incomeBeforeTaxRatio": 0.0384965535,
        "incomeTaxExpense": 10500000,
        "netIncome": 19100000,
        "netIncomeRatio": 0.0248406815,
        "eps": 0.23,
        "epsdiluted": 0.23,
        "weightedAverageShsOut": 85200000,
        "weightedAverageShsOutDil": 85400000,
        "link": "https://www.sec.gov/Archives/edgar/data/832988/000119163808001566/0001191638-08-001566-index.htm",
        "finalLink": "https://www.sec.gov/Archives/edgar/data/832988/000119163808001566/0001191638-08-001566.txt"
    },
    {
        "date": "2008-04-30",
        "symbol": "SIG",
        "reportedCurrency": "USD",
        "cik": "0000832988",
        "fillingDate": "2008-04-30",
        "acceptedDate": "2008-04-30 00:00:00",
        "calendarYear": "2009",
        "period": "Q1",
        "revenue": 822500000,
        "costOfRevenue": 0,
        "grossProfit": 822500000,
        "grossProfitRatio": 1,
        "researchAndDevelopmentExpenses": 0,
        "generalAndAdministrativeExpenses": 0,
        "sellingAndMarketingExpenses": 0,
        "sellingGeneralAndAdministrativeExpenses": 0,
        "otherExpenses": 0,
        "operatingExpenses": 0,
        "costAndExpenses": 0,
        "interestIncome": 1700000,
        "interestExpense": 7500000,
        "depreciationAndAmortization": 28400000,
        "ebitda": 76000000,
        "ebitdaratio": 0.0924012158,
        "operatingIncome": 822500000,
        "operatingIncomeRatio": 1,
        "totalOtherIncomeExpensesNet": -5800000,
        "incomeBeforeTax": 24700000,
        "incomeBeforeTaxRatio": 0.0300303951,
        "incomeTaxExpense": -24700000,
        "netIncome": 24700000,
        "netIncomeRatio": 0.0300303951,
        "eps": 0.3,
        "epsdiluted": 0.3,
        "weightedAverageShsOut": 85200000,
        "weightedAverageShsOutDil": 85300000,
        "link": null,
        "finalLink": null
    },
    {
        "date": "2008-01-31",
        "symbol": "SIG",
        "reportedCurrency": "USD",
        "cik": "0000832988",
        "fillingDate": "2008-04-09",
        "acceptedDate": "2008-04-09 09:14:46",
        "calendarYear": "2008",
        "period": "Q4",
        "revenue": 1384800000,
        "costOfRevenue": 1141600000,
        "grossProfit": 243200000,
        "grossProfitRatio": 0.1756210283,
        "researchAndDevelopmentExpenses": 0,
        "generalAndAdministrativeExpenses": 0,
        "sellingAndMarketingExpenses": 0,
        "sellingGeneralAndAdministrativeExpenses": 45800000,
        "otherExpenses": 0,
        "operatingExpenses": 16300000,
        "costAndExpenses": 1157900000,
        "interestIncome": 0,
        "interestExpense": 0,
        "depreciationAndAmortization": 35300000,
        "ebitda": 262200000,
        "ebitdaratio": 0.1893414211,
        "operatingIncome": 226900000,
        "operatingIncomeRatio": 0.1638503755,
        "totalOtherIncomeExpensesNet": -4900000,
        "incomeBeforeTax": 222000000,
        "incomeBeforeTaxRatio": 0.1603119584,
        "incomeTaxExpense": 77600000,
        "netIncome": 144400000,
        "netIncomeRatio": 0.1042749856,
        "eps": 1.7,
        "epsdiluted": 1.7,
        "weightedAverageShsOut": 85190000,
        "weightedAverageShsOutDil": 85190000,
        "link": "https://www.sec.gov/Archives/edgar/data/832988/000119163808000612/0001191638-08-000612-index.htm",
        "finalLink": "https://www.sec.gov/Archives/edgar/data/832988/000119163808000612/0001191638-08-000612.txt"
    },
    {
        "date": "2007-10-31",
        "symbol": "SIG",
        "reportedCurrency": "USD",
        "cik": "0000832988",
        "fillingDate": "2007-11-27",
        "acceptedDate": "2007-11-27 08:10:19",
        "calendarYear": "2008",
        "period": "Q3",
        "revenue": 678700000,
        "costOfRevenue": 657700000,
        "grossProfit": 21000000,
        "grossProfitRatio": 0.0309415058,
        "researchAndDevelopmentExpenses": 0,
        "generalAndAdministrativeExpenses": 0,
        "sellingAndMarketingExpenses": 0,
        "sellingGeneralAndAdministrativeExpenses": 39400000,
        "otherExpenses": 0,
        "operatingExpenses": 13500000,
        "costAndExpenses": 671200000,
        "interestIncome": 0,
        "interestExpense": 0,
        "depreciationAndAmortization": 26700000,
        "ebitda": 36800000,
        "ebitdaratio": 0.0542213054,
        "operatingIncome": 7500000,
        "operatingIncomeRatio": 0.0110505378,
        "totalOtherIncomeExpensesNet": -6300000,
        "incomeBeforeTax": 2500000,
        "incomeBeforeTaxRatio": 0.0036835126,
        "incomeTaxExpense": 900000,
        "netIncome": 1600000,
        "netIncomeRatio": 0.0023574481,
        "eps": 0.03,
        "epsdiluted": 0.03,
        "weightedAverageShsOut": 85180000,
        "weightedAverageShsOutDil": 85350000,
        "link": "https://www.sec.gov/Archives/edgar/data/832988/000119163807002847/0001191638-07-002847-index.htm",
        "finalLink": "https://www.sec.gov/Archives/edgar/data/832988/000119163807002847/0001191638-07-002847.txt"
    },
    {
        "date": "2007-07-31",
        "symbol": "SIG",
        "reportedCurrency": "USD",
        "cik": "0000832988",
        "fillingDate": "2007-09-05",
        "acceptedDate": "2007-09-05 13:51:31",
        "calendarYear": "2008",
        "period": "Q2",
        "revenue": 787400000,
        "costOfRevenue": 713100000,
        "grossProfit": 74300000,
        "grossProfitRatio": 0.0943611887,
        "researchAndDevelopmentExpenses": 0,
        "generalAndAdministrativeExpenses": 0,
        "sellingAndMarketingExpenses": 0,
        "sellingGeneralAndAdministrativeExpenses": 37500000,
        "otherExpenses": 0,
        "operatingExpenses": 11400000,
        "costAndExpenses": 724500000,
        "interestIncome": 0,
        "interestExpense": 0,
        "depreciationAndAmortization": 26900000,
        "ebitda": 89800000,
        "ebitdaratio": 0.1140462281,
        "operatingIncome": 62900000,
        "operatingIncomeRatio": 0.0798831598,
        "totalOtherIncomeExpensesNet": -4700000,
        "incomeBeforeTax": 58200000,
        "incomeBeforeTaxRatio": 0.0739141478,
        "incomeTaxExpense": 21500000,
        "netIncome": 36700000,
        "netIncomeRatio": 0.0466090932,
        "eps": 0.43,
        "epsdiluted": 0.43,
        "weightedAverageShsOut": 85120000,
        "weightedAverageShsOutDil": 85505000,
        "link": "https://www.sec.gov/Archives/edgar/data/832988/000119312507195509/0001193125-07-195509-index.htm",
        "finalLink": "https://www.sec.gov/Archives/edgar/data/832988/000119312507195509/0001193125-07-195509.txt"
    },
    {
        "date": "2007-04-30",
        "symbol": "SIG",
        "reportedCurrency": "USD",
        "cik": "0000832988",
        "fillingDate": "2007-06-08",
        "acceptedDate": "2007-06-08 06:33:03",
        "calendarYear": "2008",
        "period": "Q1",
        "revenue": 814400000,
        "costOfRevenue": 752400000,
        "grossProfit": 62000000,
        "grossProfitRatio": 0.076129666,
        "researchAndDevelopmentExpenses": 0,
        "generalAndAdministrativeExpenses": 0,
        "sellingAndMarketingExpenses": 0,
        "sellingGeneralAndAdministrativeExpenses": 35300000,
        "otherExpenses": 0,
        "operatingExpenses": 8000000,
        "costAndExpenses": 760400000,
        "interestIncome": 0,
        "interestExpense": 0,
        "depreciationAndAmortization": 25200000,
        "ebitda": 79200000,
        "ebitdaratio": 0.0972495088,
        "operatingIncome": 54000000,
        "operatingIncomeRatio": 0.0663064833,
        "totalOtherIncomeExpensesNet": -3200000,
        "incomeBeforeTax": 50800000,
        "incomeBeforeTaxRatio": 0.0623772102,
        "incomeTaxExpense": 18300000,
        "netIncome": 32500000,
        "netIncomeRatio": 0.0399066798,
        "eps": 0.38,
        "epsdiluted": 0.38,
        "weightedAverageShsOut": 85175000,
        "weightedAverageShsOutDil": 85680000,
        "link": "https://www.sec.gov/Archives/edgar/data/832988/000119312507132088/0001193125-07-132088-index.htm",
        "finalLink": "https://www.sec.gov/Archives/edgar/data/832988/000119312507132088/0001193125-07-132088.txt"
    },
    {
        "date": "2007-01-31",
        "symbol": "SIG",
        "reportedCurrency": "USD",
        "cik": "0000832988",
        "fillingDate": "2007-04-18",
        "acceptedDate": "2007-04-18 07:52:00",
        "calendarYear": "2007",
        "period": "Q4",
        "revenue": 1547081000,
        "costOfRevenue": 1222545000,
        "grossProfit": 324536000,
        "grossProfitRatio": 0.2097731147,
        "researchAndDevelopmentExpenses": 0,
        "generalAndAdministrativeExpenses": 0,
        "sellingAndMarketingExpenses": 0,
        "sellingGeneralAndAdministrativeExpenses": 45134000,
        "otherExpenses": 0,
        "operatingExpenses": 20610000,
        "costAndExpenses": 1243155000,
        "interestIncome": 0,
        "interestExpense": 0,
        "depreciationAndAmortization": 26522000,
        "ebitda": 330448000,
        "ebitdaratio": 0.2135945047,
        "operatingIncome": 303926000,
        "operatingIncomeRatio": 0.1964512524,
        "totalOtherIncomeExpensesNet": -3520000,
        "incomeBeforeTax": 300406000,
        "incomeBeforeTaxRatio": 0.1941759998,
        "incomeTaxExpense": 98709000,
        "netIncome": 201697000,
        "netIncomeRatio": 0.1303726179,
        "eps": 2.33,
        "epsdiluted": 2.33,
        "weightedAverageShsOut": 86380000,
        "weightedAverageShsOutDil": 86380000,
        "link": "https://www.sec.gov/Archives/edgar/data/832988/000119163807001127/0001191638-07-001127-index.htm",
        "finalLink": "https://www.sec.gov/Archives/edgar/data/832988/000119163807001127/0001191638-07-001127.txt"
    },
    {
        "date": "2006-10-31",
        "symbol": "SIG",
        "reportedCurrency": "USD",
        "cik": "0000832988",
        "fillingDate": "2006-11-21",
        "acceptedDate": "2006-11-21 07:59:08",
        "calendarYear": "2007",
        "period": "Q3",
        "revenue": 626107000,
        "costOfRevenue": 603978000,
        "grossProfit": 22129000,
        "grossProfitRatio": 0.0353437991,
        "researchAndDevelopmentExpenses": 0,
        "generalAndAdministrativeExpenses": 0,
        "sellingAndMarketingExpenses": 0,
        "sellingGeneralAndAdministrativeExpenses": 31477000,
        "otherExpenses": 0,
        "operatingExpenses": 9347000,
        "costAndExpenses": 613325000,
        "interestIncome": 0,
        "interestExpense": 0,
        "depreciationAndAmortization": 25794000,
        "ebitda": 37600000,
        "ebitdaratio": 0.060053633,
        "operatingIncome": 12782000,
        "operatingIncomeRatio": 0.0204150409,
        "totalOtherIncomeExpensesNet": -5400000,
        "incomeBeforeTax": 7249000,
        "incomeBeforeTaxRatio": 0.0115778932,
        "incomeTaxExpense": 2480000,
        "netIncome": 4769000,
        "netIncomeRatio": 0.0076169089,
        "eps": 0.06,
        "epsdiluted": 0.06,
        "weightedAverageShsOut": 86470000,
        "weightedAverageShsOutDil": 86685000,
        "link": "https://www.sec.gov/Archives/edgar/data/832988/000119312506239708/0001193125-06-239708-index.htm",
        "finalLink": "https://www.sec.gov/Archives/edgar/data/832988/000119312506239708/0001193125-06-239708.txt"
    },
    {
        "date": "2006-07-31",
        "symbol": "SIG",
        "reportedCurrency": "USD",
        "cik": "0000832988",
        "fillingDate": "2006-08-30",
        "acceptedDate": "2006-08-30 09:02:23",
        "calendarYear": "2007",
        "period": "Q2",
        "revenue": 730310000,
        "costOfRevenue": 663629000,
        "grossProfit": 66681000,
        "grossProfitRatio": 0.0913050622,
        "researchAndDevelopmentExpenses": 0,
        "generalAndAdministrativeExpenses": 0,
        "sellingAndMarketingExpenses": 0,
        "sellingGeneralAndAdministrativeExpenses": 34368000,
        "otherExpenses": 0,
        "operatingExpenses": 11020000,
        "costAndExpenses": 674649000,
        "interestIncome": 0,
        "interestExpense": 0,
        "depreciationAndAmortization": 23374000,
        "ebitda": 78900000,
        "ebitdaratio": 0.1080363133,
        "operatingIncome": 55660000,
        "operatingIncomeRatio": 0.0762142104,
        "totalOtherIncomeExpensesNet": -4100000,
        "incomeBeforeTax": 51551000,
        "incomeBeforeTaxRatio": 0.0705878326,
        "incomeTaxExpense": 18304000,
        "netIncome": 33247000,
        "netIncomeRatio": 0.0455245033,
        "eps": 0.39,
        "epsdiluted": 0.39,
        "weightedAverageShsOut": 87015000,
        "weightedAverageShsOutDil": 87100000,
        "link": "https://www.sec.gov/Archives/edgar/data/832988/000119312506182186/0001193125-06-182186-index.htm",
        "finalLink": "https://www.sec.gov/Archives/edgar/data/832988/000119312506182186/0001193125-06-182186.txt"
    },
    {
        "date": "2006-04-30",
        "symbol": "SIG",
        "reportedCurrency": "USD",
        "cik": "0000832988",
        "fillingDate": "2006-05-04",
        "acceptedDate": "2006-05-04 15:28:10",
        "calendarYear": "2007",
        "period": "Q1",
        "revenue": 764343000,
        "costOfRevenue": 694576000,
        "grossProfit": 69767000,
        "grossProfitRatio": 0.0912770837,
        "researchAndDevelopmentExpenses": 0,
        "generalAndAdministrativeExpenses": 0,
        "sellingAndMarketingExpenses": 0,
        "sellingGeneralAndAdministrativeExpenses": 35157000,
        "otherExpenses": 0,
        "operatingExpenses": 11111000,
        "costAndExpenses": 705687000,
        "interestIncome": 0,
        "interestExpense": 0,
        "depreciationAndAmortization": 23134000,
        "ebitda": 78500000,
        "ebitdaratio": 0.1027025825,
        "operatingIncome": 58656000,
        "operatingIncomeRatio": 0.0767404163,
        "totalOtherIncomeExpensesNet": -2600000,
        "incomeBeforeTax": 55923000,
        "incomeBeforeTaxRatio": 0.0731647964,
        "incomeTaxExpense": 20038000,
        "netIncome": 35886000,
        "netIncomeRatio": 0.0469501258,
        "eps": 0.4,
        "epsdiluted": 0.39,
        "weightedAverageShsOut": 86965000,
        "weightedAverageShsOutDil": 87120000,
        "link": "https://www.sec.gov/Archives/edgar/data/832988/000095011706002055/0000950117-06-002055-index.htm",
        "finalLink": "https://www.sec.gov/Archives/edgar/data/832988/000095011706002055/ex99-1.htm"
    },
    {
        "date": "2006-01-31",
        "symbol": "SIG",
        "reportedCurrency": "USD",
        "cik": "0000832988",
        "fillingDate": "2006-04-05",
        "acceptedDate": "2006-04-05 07:43:48",
        "calendarYear": "2006",
        "period": "Q4",
        "revenue": 1292402000,
        "costOfRevenue": 1013507000,
        "grossProfit": 278895000,
        "grossProfitRatio": 0.2157958592,
        "researchAndDevelopmentExpenses": 0,
        "generalAndAdministrativeExpenses": 0,
        "sellingAndMarketingExpenses": 0,
        "sellingGeneralAndAdministrativeExpenses": 39266000,
        "otherExpenses": 0,
        "operatingExpenses": 16074000,
        "costAndExpenses": 1029581000,
        "interestIncome": 0,
        "interestExpense": 0,
        "depreciationAndAmortization": 27082000,
        "ebitda": 289903000,
        "ebitdaratio": 0.2243133328,
        "operatingIncome": 262821000,
        "operatingIncomeRatio": 0.2033585525,
        "totalOtherIncomeExpensesNet": -3453000,
        "incomeBeforeTax": 259368000,
        "incomeBeforeTaxRatio": 0.2006867832,
        "incomeTaxExpense": 90321000,
        "netIncome": 169046000,
        "netIncomeRatio": 0.1307998595,
        "eps": 1.95,
        "epsdiluted": 1.94,
        "weightedAverageShsOut": 86830000,
        "weightedAverageShsOutDil": 86995000,
        "link": "https://www.sec.gov/Archives/edgar/data/832988/000119312506073390/0001193125-06-073390-index.htm",
        "finalLink": "https://www.sec.gov/Archives/edgar/data/832988/000119312506073390/0001193125-06-073390.txt"
    },
    {
        "date": "2005-10-31",
        "symbol": "SIG",
        "reportedCurrency": "USD",
        "cik": "0000832988",
        "fillingDate": "2005-11-22",
        "acceptedDate": "2005-11-22 08:15:36",
        "calendarYear": "2006",
        "period": "Q3",
        "revenue": 549119000,
        "costOfRevenue": 530019000,
        "grossProfit": 19100000,
        "grossProfitRatio": 0.0347829888,
        "researchAndDevelopmentExpenses": 0,
        "generalAndAdministrativeExpenses": 0,
        "sellingAndMarketingExpenses": 0,
        "sellingGeneralAndAdministrativeExpenses": 28119000,
        "otherExpenses": 0,
        "operatingExpenses": 9373000,
        "costAndExpenses": 539392000,
        "interestIncome": 0,
        "interestExpense": 0,
        "depreciationAndAmortization": 18619000,
        "ebitda": 28346000,
        "ebitdaratio": 0.0516208691,
        "operatingIncome": 9727000,
        "operatingIncomeRatio": 0.0177138289,
        "totalOtherIncomeExpensesNet": -4421000,
        "incomeBeforeTax": 5306000,
        "incomeBeforeTaxRatio": 0.0096627507,
        "incomeTaxExpense": 1769000,
        "netIncome": 3537000,
        "netIncomeRatio": 0.0064412268,
        "eps": 0.0354,
        "epsdiluted": 0.0354,
        "weightedAverageShsOut": 86830000,
        "weightedAverageShsOutDil": 87105000,
        "link": "https://www.sec.gov/Archives/edgar/data/832988/000119312505230623/0001193125-05-230623-index.htm",
        "finalLink": "https://www.sec.gov/Archives/edgar/data/832988/000119312505230623/0001193125-05-230623.txt"
    },
    {
        "date": "2005-07-31",
        "symbol": "SIG",
        "reportedCurrency": "USD",
        "cik": "0000832988",
        "fillingDate": "2005-08-31",
        "acceptedDate": "2005-08-31 07:30:22",
        "calendarYear": "2006",
        "period": "Q2",
        "revenue": 621663000,
        "costOfRevenue": 563838000,
        "grossProfit": 57825000,
        "grossProfitRatio": 0.0930166344,
        "researchAndDevelopmentExpenses": 0,
        "generalAndAdministrativeExpenses": 0,
        "sellingAndMarketingExpenses": 0,
        "sellingGeneralAndAdministrativeExpenses": 31813000,
        "otherExpenses": 0,
        "operatingExpenses": 12127000,
        "costAndExpenses": 575965000,
        "interestIncome": 0,
        "interestExpense": 0,
        "depreciationAndAmortization": 17301000,
        "ebitda": 62999000,
        "ebitdaratio": 0.1013394717,
        "operatingIncome": 45698000,
        "operatingIncomeRatio": 0.0735092808,
        "totalOtherIncomeExpensesNet": -3164000,
        "incomeBeforeTax": 42534000,
        "incomeBeforeTaxRatio": 0.0684197065,
        "incomeTaxExpense": 14764000,
        "netIncome": 27770000,
        "netIncomeRatio": 0.0446705048,
        "eps": 0.32,
        "epsdiluted": 0.32,
        "weightedAverageShsOut": 86820000,
        "weightedAverageShsOutDil": 87070000,
        "link": "https://www.sec.gov/Archives/edgar/data/832988/000119312505177726/0001193125-05-177726-index.htm",
        "finalLink": "https://www.sec.gov/Archives/edgar/data/832988/000119312505177726/0001193125-05-177726.txt"
    },
    {
        "date": "2005-04-30",
        "symbol": "SIG",
        "reportedCurrency": "USD",
        "cik": "0000832988",
        "fillingDate": "2005-06-10",
        "acceptedDate": "2005-06-10 06:38:08",
        "calendarYear": "2006",
        "period": "Q1",
        "revenue": 703917000,
        "costOfRevenue": 634898000,
        "grossProfit": 69019000,
        "grossProfitRatio": 0.0980499121,
        "researchAndDevelopmentExpenses": 0,
        "generalAndAdministrativeExpenses": 0,
        "sellingAndMarketingExpenses": 0,
        "sellingGeneralAndAdministrativeExpenses": 35081000,
        "otherExpenses": 0,
        "operatingExpenses": 12774000,
        "costAndExpenses": 647672000,
        "interestIncome": 0,
        "interestExpense": 0,
        "depreciationAndAmortization": 19257000,
        "ebitda": 75502000,
        "ebitdaratio": 0.1072598048,
        "operatingIncome": 56245000,
        "operatingIncomeRatio": 0.0799028863,
        "totalOtherIncomeExpensesNet": -3051000,
        "incomeBeforeTax": 53194000,
        "incomeBeforeTaxRatio": 0.0755685685,
        "incomeTaxExpense": 18303000,
        "netIncome": 34891000,
        "netIncomeRatio": 0.0495669234,
        "eps": 0.42,
        "epsdiluted": 0.42,
        "weightedAverageShsOut": 86795000,
        "weightedAverageShsOutDil": 87115000,
        "link": "https://www.sec.gov/Archives/edgar/data/832988/000119312505123284/0001193125-05-123284-index.htm",
        "finalLink": "https://www.sec.gov/Archives/edgar/data/832988/000119312505123284/0001193125-05-123284.txt"
    },
    {
        "date": "2005-01-31",
        "symbol": "SIG",
        "reportedCurrency": "USD",
        "cik": "0000832988",
        "fillingDate": "2005-05-03",
        "acceptedDate": "2005-05-03 13:33:01",
        "calendarYear": "2005",
        "period": "Q4",
        "revenue": 1268859000,
        "costOfRevenue": 781410000,
        "grossProfit": 487449000,
        "grossProfitRatio": 0.3841632522,
        "researchAndDevelopmentExpenses": 0,
        "generalAndAdministrativeExpenses": 0,
        "sellingAndMarketingExpenses": 0,
        "sellingGeneralAndAdministrativeExpenses": 0,
        "otherExpenses": 0,
        "operatingExpenses": 124083000,
        "costAndExpenses": 905493000,
        "interestIncome": 0,
        "interestExpense": 0,
        "depreciationAndAmortization": 26908000,
        "ebitda": 390274000,
        "ebitdaratio": 0.3075786987,
        "operatingIncome": 283719000,
        "operatingIncomeRatio": 0.2236016768,
        "totalOtherIncomeExpensesNet": -2227000,
        "incomeBeforeTax": 281492000,
        "incomeBeforeTaxRatio": 0.2218465566,
        "incomeTaxExpense": 90600000,
        "netIncome": 190891000,
        "netIncomeRatio": 0.1504430358,
        "eps": 2.2,
        "epsdiluted": 2.2,
        "weightedAverageShsOut": 86580000,
        "weightedAverageShsOutDil": 86880000,
        "link": "https://www.sec.gov/Archives/edgar/data/832988/000102123105000342/0001021231-05-000342-index.htm",
        "finalLink": "https://www.sec.gov/Archives/edgar/data/832988/000102123105000342/b775005-20f.htm"
    },
    {
        "date": "2004-10-31",
        "symbol": "SIG",
        "reportedCurrency": "USD",
        "cik": "0000832988",
        "fillingDate": "2004-11-23",
        "acceptedDate": "2004-11-23 08:36:09",
        "calendarYear": "2005",
        "period": "Q3",
        "revenue": 536763000,
        "costOfRevenue": 515998000,
        "grossProfit": 20765000,
        "grossProfitRatio": 0.0386856024,
        "researchAndDevelopmentExpenses": 0,
        "generalAndAdministrativeExpenses": 0,
        "sellingAndMarketingExpenses": 0,
        "sellingGeneralAndAdministrativeExpenses": 0,
        "otherExpenses": 0,
        "operatingExpenses": 0,
        "costAndExpenses": 515998000,
        "interestIncome": 0,
        "interestExpense": 0,
        "depreciationAndAmortization": 18523000,
        "ebitda": 39288000,
        "ebitdaratio": 0.0731943148,
        "operatingIncome": 20765000,
        "operatingIncomeRatio": 0.0386856024,
        "totalOtherIncomeExpensesNet": -5329000,
        "incomeBeforeTax": 15436000,
        "incomeBeforeTaxRatio": 0.0287575708,
        "incomeTaxExpense": 5329000,
        "netIncome": 10107000,
        "netIncomeRatio": 0.0188295393,
        "eps": 0.11,
        "epsdiluted": 0.11,
        "weightedAverageShsOut": 86645000,
        "weightedAverageShsOutDil": 87260000,
        "link": "https://www.sec.gov/Archives/edgar/data/832988/000119312504202109/0001193125-04-202109-index.htm",
        "finalLink": "https://www.sec.gov/Archives/edgar/data/832988/000119312504202109/0001193125-04-202109.txt"
    },
    {
        "date": "2004-07-31",
        "symbol": "SIG",
        "reportedCurrency": "USD",
        "cik": "0000832988",
        "fillingDate": "2004-07-31",
        "acceptedDate": "2004-07-31 00:00:00",
        "calendarYear": "2005",
        "period": "Q2",
        "revenue": 598052000,
        "costOfRevenue": 544726000,
        "grossProfit": 53326000,
        "grossProfitRatio": 0.0891661595,
        "researchAndDevelopmentExpenses": 0,
        "generalAndAdministrativeExpenses": 0,
        "sellingAndMarketingExpenses": 0,
        "sellingGeneralAndAdministrativeExpenses": 0,
        "otherExpenses": 0,
        "operatingExpenses": 0,
        "costAndExpenses": 544726000,
        "interestIncome": 0,
        "interestExpense": 0,
        "depreciationAndAmortization": 17860000,
        "ebitda": 71186000,
        "ebitdaratio": 0.1190297834,
        "operatingIncome": 53326000,
        "operatingIncomeRatio": 0.0891661595,
        "totalOtherIncomeExpensesNet": -4732000,
        "incomeBeforeTax": 48594000,
        "incomeBeforeTaxRatio": 0.081253804,
        "incomeTaxExpense": 16744000,
        "netIncome": 31850000,
        "netIncomeRatio": 0.0532562386,
        "eps": 0.36,
        "epsdiluted": 0.36,
        "weightedAverageShsOut": 86681680,
        "weightedAverageShsOutDil": 87331831,
        "link": null,
        "finalLink": null
    },
    {
        "date": "2004-04-30",
        "symbol": "SIG",
        "reportedCurrency": "USD",
        "cik": "0000832988",
        "fillingDate": "2004-06-09",
        "acceptedDate": "2004-06-09 08:08:27",
        "calendarYear": "2005",
        "period": "Q1",
        "revenue": 612630000,
        "costOfRevenue": 558940000,
        "grossProfit": 53690000,
        "grossProfitRatio": 0.087638542,
        "researchAndDevelopmentExpenses": 0,
        "generalAndAdministrativeExpenses": 0,
        "sellingAndMarketingExpenses": 0,
        "sellingGeneralAndAdministrativeExpenses": 0,
        "otherExpenses": 0,
        "operatingExpenses": 0,
        "costAndExpenses": 558940000,
        "interestIncome": 0,
        "interestExpense": 0,
        "depreciationAndAmortization": 16356000,
        "ebitda": 70046000,
        "ebitdaratio": 0.114336549,
        "operatingIncome": 53690000,
        "operatingIncomeRatio": 0.087638542,
        "totalOtherIncomeExpensesNet": -3734000,
        "incomeBeforeTax": 49956000,
        "incomeBeforeTaxRatio": 0.0815435091,
        "incomeTaxExpense": 17245000,
        "netIncome": 32712000,
        "netIncomeRatio": 0.0533960139,
        "eps": 0.38,
        "epsdiluted": 0.38,
        "weightedAverageShsOut": 86466966,
        "weightedAverageShsOutDil": 87172672,
        "link": "https://www.sec.gov/Archives/edgar/data/832988/000119312504100494/0001193125-04-100494-index.htm",
        "finalLink": "https://www.sec.gov/Archives/edgar/data/832988/000119312504100494/0001193125-04-100494.txt"
    },
    {
        "date": "2004-01-31",
        "symbol": "SIG",
        "reportedCurrency": "USD",
        "cik": "0000832988",
        "fillingDate": "2004-03-24",
        "acceptedDate": "2004-03-24 08:13:48",
        "calendarYear": "2004",
        "period": "Q4",
        "revenue": 1330726000,
        "costOfRevenue": 839899000,
        "grossProfit": 490827000,
        "grossProfitRatio": 0.3688415196,
        "researchAndDevelopmentExpenses": 0,
        "generalAndAdministrativeExpenses": 0,
        "sellingAndMarketingExpenses": 0,
        "sellingGeneralAndAdministrativeExpenses": 0,
        "otherExpenses": 0,
        "operatingExpenses": 116787000,
        "costAndExpenses": 956686000,
        "interestIncome": 0,
        "interestExpense": 0,
        "depreciationAndAmortization": 26643000,
        "ebitda": 400683000,
        "ebitdaratio": 0.3011010531,
        "operatingIncome": 300317000,
        "operatingIncomeRatio": 0.2256790654,
        "totalOtherIncomeExpensesNet": -3228000,
        "incomeBeforeTax": 297089000,
        "incomeBeforeTaxRatio": 0.2232533219,
        "incomeTaxExpense": 104475000,
        "netIncome": 192615000,
        "netIncomeRatio": 0.1447442975,
        "eps": 2.24,
        "epsdiluted": 2.22,
        "weightedAverageShsOut": 85930930,
        "weightedAverageShsOutDil": 86591590,
        "link": "https://www.sec.gov/Archives/edgar/data/832988/000119312504047758/0001193125-04-047758-index.htm",
        "finalLink": "https://www.sec.gov/Archives/edgar/data/832988/000119312504047758/0001193125-04-047758.txt"
    },
    {
        "date": "2003-10-31",
        "symbol": "SIG",
        "reportedCurrency": "USD",
        "cik": "0000832988",
        "fillingDate": "2003-11-25",
        "acceptedDate": "2003-11-25 09:34:27",
        "calendarYear": "2004",
        "period": "Q3",
        "revenue": 490099000,
        "costOfRevenue": 476043000,
        "grossProfit": 14056000,
        "grossProfitRatio": 0.0286799198,
        "researchAndDevelopmentExpenses": 0,
        "generalAndAdministrativeExpenses": 0,
        "sellingAndMarketingExpenses": 0,
        "sellingGeneralAndAdministrativeExpenses": 0,
        "otherExpenses": 0,
        "operatingExpenses": 0,
        "costAndExpenses": 476043000,
        "interestIncome": 0,
        "interestExpense": 0,
        "depreciationAndAmortization": 16972000,
        "ebitda": 31028000,
        "ebitdaratio": 0.0633096578,
        "operatingIncome": 14056000,
        "operatingIncomeRatio": 0.0286799198,
        "totalOtherIncomeExpensesNet": -5689000,
        "incomeBeforeTax": 8367000,
        "incomeBeforeTaxRatio": 0.017072061,
        "incomeTaxExpense": 3048000,
        "netIncome": 5589000,
        "netIncomeRatio": 0.0114038184,
        "eps": 0.0647,
        "epsdiluted": 0.0647,
        "weightedAverageShsOut": 86121621,
        "weightedAverageShsOutDil": 87022522,
        "link": "https://www.sec.gov/Archives/edgar/data/832988/000119312503086127/0001193125-03-086127-index.htm",
        "finalLink": "https://www.sec.gov/Archives/edgar/data/832988/000119312503086127/0001193125-03-086127.txt"
    },
    {
        "date": "2003-07-31",
        "symbol": "SIG",
        "reportedCurrency": "USD",
        "cik": "0000832988",
        "fillingDate": "2003-09-03",
        "acceptedDate": "2003-09-03 07:55:57",
        "calendarYear": "2004",
        "period": "Q2",
        "revenue": 522445000,
        "costOfRevenue": 479458000,
        "grossProfit": 42987000,
        "grossProfitRatio": 0.0822804314,
        "researchAndDevelopmentExpenses": 0,
        "generalAndAdministrativeExpenses": 0,
        "sellingAndMarketingExpenses": 0,
        "sellingGeneralAndAdministrativeExpenses": 0,
        "otherExpenses": 0,
        "operatingExpenses": 0,
        "costAndExpenses": 479458000,
        "interestIncome": 0,
        "interestExpense": 0,
        "depreciationAndAmortization": 15230000,
        "ebitda": 58217000,
        "ebitdaratio": 0.1114318254,
        "operatingIncome": 42987000,
        "operatingIncomeRatio": 0.0822804314,
        "totalOtherIncomeExpensesNet": -4830000,
        "incomeBeforeTax": 38157000,
        "incomeBeforeTaxRatio": 0.0730354391,
        "incomeTaxExpense": 13524000,
        "netIncome": 24633000,
        "netIncomeRatio": 0.0471494607,
        "eps": 0.29,
        "epsdiluted": 0.29,
        "weightedAverageShsOut": 85890390,
        "weightedAverageShsOutDil": 86626125,
        "link": "https://www.sec.gov/Archives/edgar/data/832988/000119312503044735/0001193125-03-044735-index.htm",
        "finalLink": "https://www.sec.gov/Archives/edgar/data/832988/000119312503044735/0001193125-03-044735.txt"
    },
    {
        "date": "2003-04-30",
        "symbol": "SIG",
        "reportedCurrency": "USD",
        "cik": "0000832988",
        "fillingDate": "2003-06-05",
        "acceptedDate": "2003-06-05 08:13:31",
        "calendarYear": "2004",
        "period": "Q1",
        "revenue": 548537000,
        "costOfRevenue": 505025000,
        "grossProfit": 43512000,
        "grossProfitRatio": 0.0793237284,
        "researchAndDevelopmentExpenses": 0,
        "generalAndAdministrativeExpenses": 0,
        "sellingAndMarketingExpenses": 0,
        "sellingGeneralAndAdministrativeExpenses": 0,
        "otherExpenses": 0,
        "operatingExpenses": 0,
        "costAndExpenses": 505025000,
        "interestIncome": 0,
        "interestExpense": 0,
        "depreciationAndAmortization": 14877000,
        "ebitda": 58389000,
        "ebitdaratio": 0.1064449618,
        "operatingIncome": 43512000,
        "operatingIncomeRatio": 0.0793237284,
        "totalOtherIncomeExpensesNet": -4959000,
        "incomeBeforeTax": 38553000,
        "incomeBeforeTaxRatio": 0.0702833173,
        "incomeTaxExpense": 13757000,
        "netIncome": 24795000,
        "netIncomeRatio": 0.0452020556,
        "eps": 0.29,
        "epsdiluted": 0.29,
        "weightedAverageShsOut": 85780780,
        "weightedAverageShsOutDil": 86306305,
        "link": "https://www.sec.gov/Archives/edgar/data/832988/000102140803008534/0001021408-03-008534-index.htm",
        "finalLink": "https://www.sec.gov/Archives/edgar/data/832988/000102140803008534/0001021408-03-008534.txt"
    },
    {
        "date": "2003-01-31",
        "symbol": "SIG",
        "reportedCurrency": "USD",
        "cik": "0000832988",
        "fillingDate": "2003-04-24",
        "acceptedDate": "2003-04-24 08:45:39",
        "calendarYear": "2003",
        "period": "Q4",
        "revenue": 1143700000,
        "costOfRevenue": 788134000,
        "grossProfit": 355566000,
        "grossProfitRatio": 0.3108909679,
        "researchAndDevelopmentExpenses": 0,
        "generalAndAdministrativeExpenses": 0,
        "sellingAndMarketingExpenses": 0,
        "sellingGeneralAndAdministrativeExpenses": 0,
        "otherExpenses": 0,
        "operatingExpenses": 99150000,
        "costAndExpenses": 887284000,
        "interestIncome": 0,
        "interestExpense": 0,
        "depreciationAndAmortization": 20169000,
        "ebitda": 276585000,
        "ebitdaratio": 0.2418335228,
        "operatingIncome": 256416000,
        "operatingIncomeRatio": 0.2241986535,
        "totalOtherIncomeExpensesNet": -7461000,
        "incomeBeforeTax": 248955000,
        "incomeBeforeTaxRatio": 0.2176750896,
        "incomeTaxExpense": 88132000,
        "netIncome": 160823000,
        "netIncomeRatio": 0.1406164204,
        "eps": 1.88,
        "epsdiluted": 1.86,
        "weightedAverageShsOut": 85620120,
        "weightedAverageShsOutDil": 86441439,
        "link": "https://www.sec.gov/Archives/edgar/data/832988/000102123103000492/0001021231-03-000492-index.htm",
        "finalLink": "https://www.sec.gov/Archives/edgar/data/832988/000102123103000492/b706222-20f.htm"
    },
    {
        "date": "2002-10-31",
        "symbol": "SIG",
        "reportedCurrency": "USD",
        "cik": "0000832988",
        "fillingDate": "2002-10-31",
        "acceptedDate": "2002-10-31 00:00:00",
        "calendarYear": "2003",
        "period": "Q3",
        "revenue": 436367000,
        "costOfRevenue": 425102000,
        "grossProfit": 11265000,
        "grossProfitRatio": 0.025815426,
        "researchAndDevelopmentExpenses": 0,
        "generalAndAdministrativeExpenses": 0,
        "sellingAndMarketingExpenses": 0,
        "sellingGeneralAndAdministrativeExpenses": 0,
        "otherExpenses": 0,
        "operatingExpenses": 0,
        "costAndExpenses": 425102000,
        "interestIncome": 0,
        "interestExpense": 0,
        "depreciationAndAmortization": 13958000,
        "ebitda": 25223000,
        "ebitdaratio": 0.0578022628,
        "operatingIncome": 11265000,
        "operatingIncomeRatio": 0.025815426,
        "totalOtherIncomeExpensesNet": -5632000,
        "incomeBeforeTax": 5633000,
        "incomeBeforeTaxRatio": 0.0129088588,
        "incomeTaxExpense": 2034000,
        "netIncome": 3599000,
        "netIncomeRatio": 0.0082476448,
        "eps": 0.0313,
        "epsdiluted": 0.0313,
        "weightedAverageShsOut": 85656156,
        "weightedAverageShsOutDil": 86376876,
        "link": null,
        "finalLink": null
    },
    {
        "date": "2002-07-31",
        "symbol": "SIG",
        "reportedCurrency": "USD",
        "cik": "0000832988",
        "fillingDate": "2002-07-31",
        "acceptedDate": "2002-07-31 00:00:00",
        "calendarYear": "2003",
        "period": "Q2",
        "revenue": 512598000,
        "costOfRevenue": 468840000,
        "grossProfit": 43758000,
        "grossProfitRatio": 0.0853651399,
        "researchAndDevelopmentExpenses": 0,
        "generalAndAdministrativeExpenses": 0,
        "sellingAndMarketingExpenses": 0,
        "sellingGeneralAndAdministrativeExpenses": 0,
        "otherExpenses": 0,
        "operatingExpenses": 0,
        "costAndExpenses": 468840000,
        "interestIncome": 0,
        "interestExpense": 0,
        "depreciationAndAmortization": 14579000,
        "ebitda": 58337000,
        "ebitdaratio": 0.1138065307,
        "operatingIncome": 43758000,
        "operatingIncomeRatio": 0.0853651399,
        "totalOtherIncomeExpensesNet": -6876000,
        "incomeBeforeTax": 36882000,
        "incomeBeforeTaxRatio": 0.0719511196,
        "incomeTaxExpense": 13128000,
        "netIncome": 23755000,
        "netIncomeRatio": 0.0463423579,
        "eps": 0.28,
        "epsdiluted": 0.27,
        "weightedAverageShsOut": 85650150,
        "weightedAverageShsOutDil": 86572071,
        "link": null,
        "finalLink": null
    },
    {
        "date": "2002-04-30",
        "symbol": "SIG",
        "reportedCurrency": "USD",
        "cik": "0000832988",
        "fillingDate": "2002-05-16",
        "acceptedDate": "2002-05-18 13:56:35",
        "calendarYear": "2003",
        "period": "Q1",
        "revenue": 516979000,
        "costOfRevenue": 475452000,
        "grossProfit": 41527000,
        "grossProfitRatio": 0.0803262802,
        "researchAndDevelopmentExpenses": 0,
        "generalAndAdministrativeExpenses": 0,
        "sellingAndMarketingExpenses": 0,
        "sellingGeneralAndAdministrativeExpenses": 0,
        "otherExpenses": 0,
        "operatingExpenses": 0,
        "costAndExpenses": 475452000,
        "interestIncome": 0,
        "interestExpense": 0,
        "depreciationAndAmortization": 13551000,
        "ebitda": 55078000,
        "ebitdaratio": 0.1065381766,
        "operatingIncome": 41527000,
        "operatingIncomeRatio": 0.0803262802,
        "totalOtherIncomeExpensesNet": -6702000,
        "incomeBeforeTax": 34825000,
        "incomeBeforeTaxRatio": 0.0673625041,
        "incomeTaxExpense": 12385000,
        "netIncome": 22439000,
        "netIncomeRatio": 0.0434040841,
        "eps": 0.26,
        "epsdiluted": 0.26,
        "weightedAverageShsOut": 85484985,
        "weightedAverageShsOutDil": 86490990,
        "link": "https://www.sec.gov/Archives/edgar/data/832988/999999999702029787/9999999997-02-029787-index.htm",
        "finalLink": "https://www.sec.gov/Archives/edgar/data/832988/999999999702029787/9999999997-02-029787.paper"
    },
    {
        "date": "2002-01-31",
        "symbol": "SIG",
        "reportedCurrency": "USD",
        "cik": "0000832988",
        "fillingDate": "2002-05-16",
        "acceptedDate": "2002-05-18 13:56:35",
        "calendarYear": "2002",
        "period": "Q4",
        "revenue": 920668000,
        "costOfRevenue": 637204000,
        "grossProfit": 283464000,
        "grossProfitRatio": 0.3078894889,
        "researchAndDevelopmentExpenses": 0,
        "generalAndAdministrativeExpenses": 0,
        "sellingAndMarketingExpenses": 0,
        "sellingGeneralAndAdministrativeExpenses": 0,
        "otherExpenses": 0,
        "operatingExpenses": 83456000,
        "costAndExpenses": 720660000,
        "interestIncome": 0,
        "interestExpense": 0,
        "depreciationAndAmortization": 15232000,
        "ebitda": 215240000,
        "ebitdaratio": 0.2337867722,
        "operatingIncome": 200008000,
        "operatingIncomeRatio": 0.2172422632,
        "totalOtherIncomeExpensesNet": -5336000,
        "incomeBeforeTax": 194672000,
        "incomeBeforeTaxRatio": 0.2114464715,
        "incomeTaxExpense": 67126000,
        "netIncome": 127546000,
        "netIncomeRatio": 0.1385363671,
        "eps": 1.49,
        "epsdiluted": 1.49,
        "weightedAverageShsOut": 85385889,
        "weightedAverageShsOutDil": 85385889,
        "link": "https://www.sec.gov/Archives/edgar/data/832988/999999999702029787/9999999997-02-029787-index.htm",
        "finalLink": "https://www.sec.gov/Archives/edgar/data/832988/999999999702029787/9999999997-02-029787.paper"
    },
    {
        "date": "2001-10-31",
        "symbol": "SIG",
        "reportedCurrency": "USD",
        "cik": "0000832988",
        "fillingDate": "2001-10-31",
        "acceptedDate": "2001-10-31 00:00:00",
        "calendarYear": "2002",
        "period": "Q3",
        "revenue": 391238000,
        "costOfRevenue": 380758000,
        "grossProfit": 10480000,
        "grossProfitRatio": 0.0267867641,
        "researchAndDevelopmentExpenses": 0,
        "generalAndAdministrativeExpenses": 0,
        "sellingAndMarketingExpenses": 0,
        "sellingGeneralAndAdministrativeExpenses": 0,
        "otherExpenses": 0,
        "operatingExpenses": 0,
        "costAndExpenses": 380758000,
        "interestIncome": 0,
        "interestExpense": 0,
        "depreciationAndAmortization": 11821000,
        "ebitda": 22301000,
        "ebitdaratio": 0.0570011093,
        "operatingIncome": 10480000,
        "operatingIncomeRatio": 0.0267867641,
        "totalOtherIncomeExpensesNet": -5531000,
        "incomeBeforeTax": 4949000,
        "incomeBeforeTaxRatio": 0.0126495893,
        "incomeTaxExpense": 1747000,
        "netIncome": 3202000,
        "netIncomeRatio": 0.0081842766,
        "eps": 0.0378,
        "epsdiluted": 0.0375,
        "weightedAverageShsOut": 84684684,
        "weightedAverageShsOutDil": 85435435,
        "link": null,
        "finalLink": null
    },
    {
        "date": "2001-07-31",
        "symbol": "SIG",
        "reportedCurrency": "USD",
        "cik": "0000832988",
        "fillingDate": "2001-07-31",
        "acceptedDate": "2001-07-31 00:00:00",
        "calendarYear": "2002",
        "period": "Q2",
        "revenue": 452042000,
        "costOfRevenue": 413422000,
        "grossProfit": 38620000,
        "grossProfitRatio": 0.0854345393,
        "researchAndDevelopmentExpenses": 0,
        "generalAndAdministrativeExpenses": 0,
        "sellingAndMarketingExpenses": 0,
        "sellingGeneralAndAdministrativeExpenses": 0,
        "otherExpenses": 0,
        "operatingExpenses": 0,
        "costAndExpenses": 413422000,
        "interestIncome": 0,
        "interestExpense": 0,
        "depreciationAndAmortization": 11501000,
        "ebitda": 50121000,
        "ebitdaratio": 0.1108768654,
        "operatingIncome": 38620000,
        "operatingIncomeRatio": 0.0854345393,
        "totalOtherIncomeExpensesNet": -6841000,
        "incomeBeforeTax": 31779000,
        "incomeBeforeTaxRatio": 0.0703009897,
        "incomeTaxExpense": 10973000,
        "netIncome": 20806000,
        "netIncomeRatio": 0.0460266966,
        "eps": 0.26,
        "epsdiluted": 0.26,
        "weightedAverageShsOut": 81192192,
        "weightedAverageShsOutDil": 81192192,
        "link": null,
        "finalLink": null
    },
    {
        "date": "2001-04-30",
        "symbol": "SIG",
        "reportedCurrency": "USD",
        "cik": "0000832988",
        "fillingDate": "2001-04-30",
        "acceptedDate": "2001-04-30 00:00:00",
        "calendarYear": "2002",
        "period": "Q1",
        "revenue": 447188000,
        "costOfRevenue": 414275000,
        "grossProfit": 32913000,
        "grossProfitRatio": 0.0735999177,
        "researchAndDevelopmentExpenses": 0,
        "generalAndAdministrativeExpenses": 0,
        "sellingAndMarketingExpenses": 0,
        "sellingGeneralAndAdministrativeExpenses": 0,
        "otherExpenses": 0,
        "operatingExpenses": 0,
        "costAndExpenses": 414275000,
        "interestIncome": 0,
        "interestExpense": 0,
        "depreciationAndAmortization": 10446000,
        "ebitda": 43359000,
        "ebitdaratio": 0.0969592207,
        "operatingIncome": 32913000,
        "operatingIncomeRatio": 0.0735999177,
        "totalOtherIncomeExpensesNet": -7298000,
        "incomeBeforeTax": 25615000,
        "incomeBeforeTaxRatio": 0.0572801596,
        "incomeTaxExpense": 8872000,
        "netIncome": 16743000,
        "netIncomeRatio": 0.037440629,
        "eps": 0.2,
        "epsdiluted": 0.2,
        "weightedAverageShsOut": 84234234,
        "weightedAverageShsOutDil": 84234234,
        "link": null,
        "finalLink": null
    },
    {
        "date": "2001-01-31",
        "symbol": "SIG",
        "reportedCurrency": "USD",
        "cik": "0000832988",
        "fillingDate": "2001-01-31",
        "acceptedDate": "2001-01-31 00:00:00",
        "calendarYear": "2001",
        "period": "Q4",
        "revenue": 883959000,
        "costOfRevenue": 657346000,
        "grossProfit": 226613000,
        "grossProfitRatio": 0.2563614376,
        "researchAndDevelopmentExpenses": 0,
        "generalAndAdministrativeExpenses": 0,
        "sellingAndMarketingExpenses": 0,
        "sellingGeneralAndAdministrativeExpenses": 0,
        "otherExpenses": 44820000,
        "operatingExpenses": 44820000,
        "costAndExpenses": 702166000,
        "interestIncome": 0,
        "interestExpense": 0,
        "depreciationAndAmortization": 16895000,
        "ebitda": 198688000,
        "ebitdaratio": 0.2247706059,
        "operatingIncome": 181793000,
        "operatingIncomeRatio": 0.2056577285,
        "totalOtherIncomeExpensesNet": -8163000,
        "incomeBeforeTax": 173630000,
        "incomeBeforeTaxRatio": 0.1964231373,
        "incomeTaxExpense": 55579000,
        "netIncome": 118050000,
        "netIncomeRatio": 0.1335469179,
        "eps": 1.41,
        "epsdiluted": 1.4,
        "weightedAverageShsOut": 83923920,
        "weightedAverageShsOutDil": 84619620,
        "link": null,
        "finalLink": null
    },
    {
        "date": "2000-10-31",
        "symbol": "SIG",
        "reportedCurrency": "USD",
        "cik": "0000832988",
        "fillingDate": "2000-10-31",
        "acceptedDate": "2000-10-31 00:00:00",
        "calendarYear": "2001",
        "period": "Q3",
        "revenue": 381956000,
        "costOfRevenue": 357884000,
        "grossProfit": 24072000,
        "grossProfitRatio": 0.063022966,
        "researchAndDevelopmentExpenses": 0,
        "generalAndAdministrativeExpenses": 0,
        "sellingAndMarketingExpenses": 0,
        "sellingGeneralAndAdministrativeExpenses": 0,
        "otherExpenses": 8411000,
        "operatingExpenses": 8411000,
        "costAndExpenses": 366295000,
        "interestIncome": 0,
        "interestExpense": 0,
        "depreciationAndAmortization": 7758000,
        "ebitda": 24072000,
        "ebitdaratio": 0.063022966,
        "operatingIncome": 15661000,
        "operatingIncomeRatio": 0.041002105,
        "totalOtherIncomeExpensesNet": -7396000,
        "incomeBeforeTax": 8265000,
        "incomeBeforeTaxRatio": 0.0216386181,
        "incomeTaxExpense": 2610000,
        "netIncome": 5655000,
        "netIncomeRatio": 0.0148053703,
        "eps": 0.0667,
        "epsdiluted": 0.0667,
        "weightedAverageShsOut": 83893893,
        "weightedAverageShsOutDil": 84679680,
        "link": null,
        "finalLink": null
    },
    {
        "date": "2000-07-31",
        "symbol": "SIG",
        "reportedCurrency": "USD",
        "cik": "0000832988",
        "fillingDate": "2000-07-31",
        "acceptedDate": "2000-07-31 00:00:00",
        "calendarYear": "2001",
        "period": "Q2",
        "revenue": 407524000,
        "costOfRevenue": 359562000,
        "grossProfit": 47962000,
        "grossProfitRatio": 0.117691228,
        "researchAndDevelopmentExpenses": 0,
        "generalAndAdministrativeExpenses": 0,
        "sellingAndMarketingExpenses": 0,
        "sellingGeneralAndAdministrativeExpenses": 0,
        "otherExpenses": 10941000,
        "operatingExpenses": 10941000,
        "costAndExpenses": 370503000,
        "interestIncome": 0,
        "interestExpense": 0,
        "depreciationAndAmortization": 10613000,
        "ebitda": 47962000,
        "ebitdaratio": 0.117691228,
        "operatingIncome": 37021000,
        "operatingIncomeRatio": 0.0908437294,
        "totalOtherIncomeExpensesNet": -4347000,
        "incomeBeforeTax": 32674000,
        "incomeBeforeTaxRatio": 0.080176873,
        "incomeTaxExpense": 10492000,
        "netIncome": 22182000,
        "netIncomeRatio": 0.0544311501,
        "eps": 0.26,
        "epsdiluted": 0.26,
        "weightedAverageShsOut": 83888889,
        "weightedAverageShsOutDil": 84719718,
        "link": null,
        "finalLink": null
    },
    {
        "date": "2000-04-30",
        "symbol": "SIG",
        "reportedCurrency": "USD",
        "cik": "0000832988",
        "fillingDate": "2000-04-30",
        "acceptedDate": "2000-04-30 00:00:00",
        "calendarYear": "2001",
        "period": "Q1",
        "revenue": 394050000,
        "costOfRevenue": 354614000,
        "grossProfit": 39436000,
        "grossProfitRatio": 0.1000786702,
        "researchAndDevelopmentExpenses": 0,
        "generalAndAdministrativeExpenses": 0,
        "sellingAndMarketingExpenses": 0,
        "sellingGeneralAndAdministrativeExpenses": 0,
        "otherExpenses": 9471000,
        "operatingExpenses": 9471000,
        "costAndExpenses": 364085000,
        "interestIncome": 0,
        "interestExpense": 0,
        "depreciationAndAmortization": 9471000,
        "ebitda": 39436000,
        "ebitdaratio": 0.1000786702,
        "operatingIncome": 29965000,
        "operatingIncomeRatio": 0.0760436493,
        "totalOtherIncomeExpensesNet": -3726000,
        "incomeBeforeTax": 26239000,
        "incomeBeforeTaxRatio": 0.0665879964,
        "incomeTaxExpense": 8384000,
        "netIncome": 17855000,
        "netIncomeRatio": 0.0453115087,
        "eps": 0.21,
        "epsdiluted": 0.21,
        "weightedAverageShsOut": 83888889,
        "weightedAverageShsOutDil": 84704703,
        "link": null,
        "finalLink": null
    },
    {
        "date": "2000-01-31",
        "symbol": "SIG",
        "reportedCurrency": "USD",
        "cik": "0000832988",
        "fillingDate": "2000-01-31",
        "acceptedDate": "2000-01-31 00:00:00",
        "calendarYear": "2000",
        "period": "Q4",
        "revenue": 767348000,
        "costOfRevenue": 516968000,
        "grossProfit": 250380000,
        "grossProfitRatio": 0.3262926339,
        "researchAndDevelopmentExpenses": 0,
        "generalAndAdministrativeExpenses": 0,
        "sellingAndMarketingExpenses": 0,
        "sellingGeneralAndAdministrativeExpenses": 0,
        "otherExpenses": 86834000,
        "operatingExpenses": 86834000,
        "costAndExpenses": 603802000,
        "interestIncome": 0,
        "interestExpense": 0,
        "depreciationAndAmortization": 13997000,
        "ebitda": 177543000,
        "ebitdaratio": 0.2313722066,
        "operatingIncome": 163546000,
        "operatingIncomeRatio": 0.2131314606,
        "totalOtherIncomeExpensesNet": -4210000,
        "incomeBeforeTax": 159336000,
        "incomeBeforeTaxRatio": 0.207645032,
        "incomeTaxExpense": 48155000,
        "netIncome": 111181000,
        "netIncomeRatio": 0.1448899326,
        "eps": 1.31,
        "epsdiluted": 1.31,
        "weightedAverageShsOut": 84875379,
        "weightedAverageShsOutDil": 84875379,
        "link": null,
        "finalLink": null
    },
    {
        "date": "1999-10-31",
        "symbol": "SIG",
        "reportedCurrency": "USD",
        "cik": "0000832988",
        "fillingDate": "1999-10-31",
        "acceptedDate": "1999-10-31 00:00:00",
        "calendarYear": "2000",
        "period": "Q3",
        "revenue": 332900000,
        "costOfRevenue": 308400000,
        "grossProfit": 24500000,
        "grossProfitRatio": 0.0735956744,
        "researchAndDevelopmentExpenses": 0,
        "generalAndAdministrativeExpenses": 0,
        "sellingAndMarketingExpenses": 0,
        "sellingGeneralAndAdministrativeExpenses": 0,
        "otherExpenses": 10500000,
        "operatingExpenses": 10500000,
        "costAndExpenses": 318900000,
        "interestIncome": 0,
        "interestExpense": 0,
        "depreciationAndAmortization": 10900000,
        "ebitda": 24900000,
        "ebitdaratio": 0.0747972364,
        "operatingIncome": 14000000,
        "operatingIncomeRatio": 0.0420546711,
        "totalOtherIncomeExpensesNet": -4800000,
        "incomeBeforeTax": 9200000,
        "incomeBeforeTaxRatio": 0.0276359267,
        "incomeTaxExpense": 2800000,
        "netIncome": 6400000,
        "netIncomeRatio": 0.0192249925,
        "eps": 0.0213,
        "epsdiluted": 0.0213,
        "weightedAverageShsOut": 300283035,
        "weightedAverageShsOutDil": 300283035,
        "link": null,
        "finalLink": null
    },
    {
        "date": "1999-07-31",
        "symbol": "SIG",
        "reportedCurrency": "USD",
        "cik": "0000832988",
        "fillingDate": "1999-07-31",
        "acceptedDate": "1999-07-31 00:00:00",
        "calendarYear": "2000",
        "period": "Q2",
        "revenue": 359300000,
        "costOfRevenue": 322600000,
        "grossProfit": 36700000,
        "grossProfitRatio": 0.1021430559,
        "researchAndDevelopmentExpenses": 0,
        "generalAndAdministrativeExpenses": 0,
        "sellingAndMarketingExpenses": 0,
        "sellingGeneralAndAdministrativeExpenses": 0,
        "otherExpenses": 10300000,
        "operatingExpenses": 10300000,
        "costAndExpenses": 332900000,
        "interestIncome": 0,
        "interestExpense": 0,
        "depreciationAndAmortization": 10372000,
        "ebitda": 36772000,
        "ebitdaratio": 0.1023434456,
        "operatingIncome": 26400000,
        "operatingIncomeRatio": 0.0734762037,
        "totalOtherIncomeExpensesNet": -4900000,
        "incomeBeforeTax": 21500000,
        "incomeBeforeTaxRatio": 0.059838575,
        "incomeTaxExpense": 6100000,
        "netIncome": 15400000,
        "netIncomeRatio": 0.0428611188,
        "eps": 0.0513,
        "epsdiluted": 0.0513,
        "weightedAverageShsOut": 300283035,
        "weightedAverageShsOutDil": 300283035,
        "link": null,
        "finalLink": null
    },
    {
        "date": "1999-04-30",
        "symbol": "SIG",
        "reportedCurrency": "USD",
        "cik": "0000832988",
        "fillingDate": "1999-04-30",
        "acceptedDate": "1999-04-30 00:00:00",
        "calendarYear": "2000",
        "period": "Q1",
        "revenue": 359991000,
        "costOfRevenue": 330767000,
        "grossProfit": 29224000,
        "grossProfitRatio": 0.0811798073,
        "researchAndDevelopmentExpenses": 0,
        "generalAndAdministrativeExpenses": 0,
        "sellingAndMarketingExpenses": 0,
        "sellingGeneralAndAdministrativeExpenses": 0,
        "otherExpenses": 9628000,
        "operatingExpenses": 9628000,
        "costAndExpenses": 340395000,
        "interestIncome": 0,
        "interestExpense": 0,
        "depreciationAndAmortization": 9628000,
        "ebitda": 29224000,
        "ebitdaratio": 0.0811798073,
        "operatingIncome": 19596000,
        "operatingIncomeRatio": 0.0544346942,
        "totalOtherIncomeExpensesNet": -4341000,
        "incomeBeforeTax": 15255000,
        "incomeBeforeTaxRatio": 0.0423760594,
        "incomeTaxExpense": 4423000,
        "netIncome": 10832000,
        "netIncomeRatio": 0.0300896411,
        "eps": 0.0361,
        "epsdiluted": 0.0361,
        "weightedAverageShsOut": 300283035,
        "weightedAverageShsOutDil": 300283035,
        "link": null,
        "finalLink": null
    },
    {
        "date": "1999-01-31",
        "symbol": "SIG",
        "reportedCurrency": "USD",
        "cik": "0000832988",
        "fillingDate": "1999-01-31",
        "acceptedDate": "1999-01-31 00:00:00",
        "calendarYear": "1999",
        "period": "Q4",
        "revenue": 485200000,
        "costOfRevenue": 0,
        "grossProfit": 485200000,
        "grossProfitRatio": 1,
        "researchAndDevelopmentExpenses": 0,
        "generalAndAdministrativeExpenses": 0,
        "sellingAndMarketingExpenses": 0,
        "sellingGeneralAndAdministrativeExpenses": 0,
        "otherExpenses": -1463200000,
        "operatingExpenses": -1463200000,
        "costAndExpenses": -1463200000,
        "interestIncome": 0,
        "interestExpense": 0,
        "depreciationAndAmortization": 0,
        "ebitda": -978000000,
        "ebitdaratio": -2.0156636439,
        "operatingIncome": -978000000,
        "operatingIncomeRatio": -2.0156636439,
        "totalOtherIncomeExpensesNet": 1023600000,
        "incomeBeforeTax": 45600000,
        "incomeBeforeTaxRatio": 0.0939818631,
        "incomeTaxExpense": 0,
        "netIncome": 45600000,
        "netIncomeRatio": 0.0939818631,
        "eps": 0.15,
        "epsdiluted": 0.15,
        "weightedAverageShsOut": 300283035,
        "weightedAverageShsOutDil": 300283035,
        "link": null,
        "finalLink": null
    },
    {
        "date": "1998-10-31",
        "symbol": "SIG",
        "reportedCurrency": "USD",
        "cik": "0000832988",
        "fillingDate": "1998-10-31",
        "acceptedDate": "1998-10-31 00:00:00",
        "calendarYear": "1999",
        "period": "Q3",
        "revenue": 496100000,
        "costOfRevenue": 0,
        "grossProfit": 496100000,
        "grossProfitRatio": 1,
        "researchAndDevelopmentExpenses": 0,
        "generalAndAdministrativeExpenses": 0,
        "sellingAndMarketingExpenses": 0,
        "sellingGeneralAndAdministrativeExpenses": 0,
        "otherExpenses": 0,
        "operatingExpenses": 0,
        "costAndExpenses": 0,
        "interestIncome": 0,
        "interestExpense": 0,
        "depreciationAndAmortization": 0,
        "ebitda": 496100000,
        "ebitdaratio": 1,
        "operatingIncome": 496100000,
        "operatingIncomeRatio": 1,
        "totalOtherIncomeExpensesNet": -449000000,
        "incomeBeforeTax": 47100000,
        "incomeBeforeTaxRatio": 0.0949405362,
        "incomeTaxExpense": 0,
        "netIncome": 47100000,
        "netIncomeRatio": 0.0949405362,
        "eps": 0.16,
        "epsdiluted": 0.16,
        "weightedAverageShsOut": 300283035,
        "weightedAverageShsOutDil": 300283035,
        "link": null,
        "finalLink": null
    },
    {
        "date": "1998-07-31",
        "symbol": "SIG",
        "reportedCurrency": "USD",
        "cik": "0000832988",
        "fillingDate": "1998-07-31",
        "acceptedDate": "1998-07-31 00:00:00",
        "calendarYear": "1999",
        "period": "Q2",
        "revenue": 325200000,
        "costOfRevenue": 299900000,
        "grossProfit": 25300000,
        "grossProfitRatio": 0.077798278,
        "researchAndDevelopmentExpenses": 0,
        "generalAndAdministrativeExpenses": 0,
        "sellingAndMarketingExpenses": 0,
        "sellingGeneralAndAdministrativeExpenses": 0,
        "otherExpenses": 9600000,
        "operatingExpenses": 9600000,
        "costAndExpenses": 309500000,
        "interestIncome": 0,
        "interestExpense": 0,
        "depreciationAndAmortization": 9600000,
        "ebitda": 25300000,
        "ebitdaratio": 0.077798278,
        "operatingIncome": 15700000,
        "operatingIncomeRatio": 0.0482779828,
        "totalOtherIncomeExpensesNet": -5700000,
        "incomeBeforeTax": 9900000,
        "incomeBeforeTaxRatio": 0.0304428044,
        "incomeTaxExpense": 2600000,
        "netIncome": 7300000,
        "netIncomeRatio": 0.0224477245,
        "eps": 0.0243,
        "epsdiluted": 0.0243,
        "weightedAverageShsOut": 300283035,
        "weightedAverageShsOutDil": 300283035,
        "link": null,
        "finalLink": null
    },
    {
        "date": "1998-04-30",
        "symbol": "SIG",
        "reportedCurrency": "USD",
        "cik": "0000832988",
        "fillingDate": "1998-04-30",
        "acceptedDate": "1998-04-30 00:00:00",
        "calendarYear": "1999",
        "period": "Q1",
        "revenue": 333200000,
        "costOfRevenue": 0,
        "grossProfit": 333200000,
        "grossProfitRatio": 1,
        "researchAndDevelopmentExpenses": 0,
        "generalAndAdministrativeExpenses": 0,
        "sellingAndMarketingExpenses": 0,
        "sellingGeneralAndAdministrativeExpenses": 0,
        "otherExpenses": 0,
        "operatingExpenses": 0,
        "costAndExpenses": 0,
        "interestIncome": 0,
        "interestExpense": 0,
        "depreciationAndAmortization": 0,
        "ebitda": 333200000,
        "ebitdaratio": 1,
        "operatingIncome": 333200000,
        "operatingIncomeRatio": 1,
        "totalOtherIncomeExpensesNet": -325700000,
        "incomeBeforeTax": 7500000,
        "incomeBeforeTaxRatio": 0.0225090036,
        "incomeTaxExpense": 0,
        "netIncome": 7500000,
        "netIncomeRatio": 0.0225090036,
        "eps": 0.025,
        "epsdiluted": 0.025,
        "weightedAverageShsOut": 300283035,
        "weightedAverageShsOutDil": 300283035,
        "link": null,
        "finalLink": null
    },
    {
        "date": "1998-01-31",
        "symbol": "SIG",
        "reportedCurrency": "USD",
        "cik": "0000832988",
        "fillingDate": "1998-01-31",
        "acceptedDate": "1998-01-31 00:00:00",
        "calendarYear": "1998",
        "period": "Q4",
        "revenue": 439400000,
        "costOfRevenue": 0,
        "grossProfit": 439400000,
        "grossProfitRatio": 1,
        "researchAndDevelopmentExpenses": 0,
        "generalAndAdministrativeExpenses": 0,
        "sellingAndMarketingExpenses": 0,
        "sellingGeneralAndAdministrativeExpenses": 0,
        "otherExpenses": -1367000000,
        "operatingExpenses": -1367000000,
        "costAndExpenses": -1367000000,
        "interestIncome": 0,
        "interestExpense": 0,
        "depreciationAndAmortization": 0,
        "ebitda": -927600000,
        "ebitdaratio": -2.1110605371,
        "operatingIncome": -927600000,
        "operatingIncomeRatio": -2.1110605371,
        "totalOtherIncomeExpensesNet": 967000000,
        "incomeBeforeTax": 39400000,
        "incomeBeforeTaxRatio": 0.0896677287,
        "incomeTaxExpense": 0,
        "netIncome": 39400000,
        "netIncomeRatio": 0.0896677287,
        "eps": 0.0764,
        "epsdiluted": 0.0764,
        "weightedAverageShsOut": 515690690,
        "weightedAverageShsOutDil": 515690690,
        "link": null,
        "finalLink": null
    },
    {
        "date": "1997-10-31",
        "symbol": "SIG",
        "reportedCurrency": "USD",
        "cik": "0000832988",
        "fillingDate": "1997-10-31",
        "acceptedDate": "1997-10-31 00:00:00",
        "calendarYear": "1998",
        "period": "Q3",
        "revenue": 466200000,
        "costOfRevenue": 0,
        "grossProfit": 466200000,
        "grossProfitRatio": 1,
        "researchAndDevelopmentExpenses": 0,
        "generalAndAdministrativeExpenses": 0,
        "sellingAndMarketingExpenses": 0,
        "sellingGeneralAndAdministrativeExpenses": 0,
        "otherExpenses": 0,
        "operatingExpenses": 0,
        "costAndExpenses": 0,
        "interestIncome": 0,
        "interestExpense": 0,
        "depreciationAndAmortization": 0,
        "ebitda": 466200000,
        "ebitdaratio": 1,
        "operatingIncome": 466200000,
        "operatingIncomeRatio": 1,
        "totalOtherIncomeExpensesNet": -424800000,
        "incomeBeforeTax": 41400000,
        "incomeBeforeTaxRatio": 0.0888030888,
        "incomeTaxExpense": 0,
        "netIncome": 41400000,
        "netIncomeRatio": 0.0888030888,
        "eps": -0.33,
        "epsdiluted": -0.33,
        "weightedAverageShsOut": 515690690,
        "weightedAverageShsOutDil": 515690690,
        "link": null,
        "finalLink": null
    },
    {
        "date": "1997-08-02",
        "symbol": "SIG",
        "reportedCurrency": "USD",
        "cik": "0000832988",
        "fillingDate": "1997-09-15",
        "acceptedDate": "1997-09-15 00:00:00",
        "calendarYear": "1998",
        "period": "Q2",
        "revenue": 304800000,
        "costOfRevenue": 284100000,
        "grossProfit": 20700000,
        "grossProfitRatio": 0.0679133858,
        "researchAndDevelopmentExpenses": 0,
        "generalAndAdministrativeExpenses": 0,
        "sellingAndMarketingExpenses": 0,
        "sellingGeneralAndAdministrativeExpenses": 0,
        "otherExpenses": 10200000,
        "operatingExpenses": 10200000,
        "costAndExpenses": 294300000,
        "interestIncome": 0,
        "interestExpense": 0,
        "depreciationAndAmortization": 10200000,
        "ebitda": 20700000,
        "ebitdaratio": 0.0679133858,
        "operatingIncome": 10500000,
        "operatingIncomeRatio": 0.0344488189,
        "totalOtherIncomeExpensesNet": -8900000,
        "incomeBeforeTax": 1600000,
        "incomeBeforeTaxRatio": 0.0052493438,
        "incomeTaxExpense": 400000,
        "netIncome": 1200000,
        "netIncomeRatio": 0.0039370079,
        "eps": 0.65,
        "epsdiluted": 0.65,
        "weightedAverageShsOut": 515690690,
        "weightedAverageShsOutDil": 515690690,
        "link": "https://www.sec.gov/Archives/edgar/data/832988/000090951897000532/0000909518-97-000532-index.html",
        "finalLink": "https://www.sec.gov/Archives/edgar/data/832988/"
    },
    {
        "date": "1997-04-30",
        "symbol": "SIG",
        "reportedCurrency": "USD",
        "cik": "0000832988",
        "fillingDate": "1997-04-30",
        "acceptedDate": "1997-04-30 00:00:00",
        "calendarYear": "1998",
        "period": "Q1",
        "revenue": 301400000,
        "costOfRevenue": 0,
        "grossProfit": 301400000,
        "grossProfitRatio": 1,
        "researchAndDevelopmentExpenses": 0,
        "generalAndAdministrativeExpenses": 0,
        "sellingAndMarketingExpenses": 0,
        "sellingGeneralAndAdministrativeExpenses": 0,
        "otherExpenses": 0,
        "operatingExpenses": 0,
        "costAndExpenses": 0,
        "interestIncome": 0,
        "interestExpense": 0,
        "depreciationAndAmortization": 0,
        "ebitda": 301400000,
        "ebitdaratio": 1,
        "operatingIncome": 301400000,
        "operatingIncomeRatio": 1,
        "totalOtherIncomeExpensesNet": -300200000,
        "incomeBeforeTax": 1200000,
        "incomeBeforeTaxRatio": 0.00398142,
        "incomeTaxExpense": 0,
        "netIncome": 1200000,
        "netIncomeRatio": 0.00398142,
        "eps": 0.65,
        "epsdiluted": 0.65,
        "weightedAverageShsOut": 515690690,
        "weightedAverageShsOutDil": 515690690,
        "link": null,
        "finalLink": null
    },
    {
        "date": "1997-01-31",
        "symbol": "SIG",
        "reportedCurrency": "USD",
        "cik": "0000832988",
        "fillingDate": "1997-01-31",
        "acceptedDate": "1997-01-31 00:00:00",
        "calendarYear": "1997",
        "period": "Q4",
        "revenue": 342500000,
        "costOfRevenue": 0,
        "grossProfit": 342500000,
        "grossProfitRatio": 1,
        "researchAndDevelopmentExpenses": 0,
        "generalAndAdministrativeExpenses": 0,
        "sellingAndMarketingExpenses": 0,
        "sellingGeneralAndAdministrativeExpenses": 0,
        "otherExpenses": -1321300000,
        "operatingExpenses": -1321300000,
        "costAndExpenses": -1321300000,
        "interestIncome": 0,
        "interestExpense": 0,
        "depreciationAndAmortization": 0,
        "ebitda": -978800000,
        "ebitdaratio": -2.857810219,
        "operatingIncome": -978800000,
        "operatingIncomeRatio": -2.857810219,
        "totalOtherIncomeExpensesNet": 981600000,
        "incomeBeforeTax": 2800000,
        "incomeBeforeTaxRatio": 0.0081751825,
        "incomeTaxExpense": 0,
        "netIncome": 2800000,
        "netIncomeRatio": 0.0081751825,
        "eps": 0.0188,
        "epsdiluted": 0.0188,
        "weightedAverageShsOut": 148898899,
        "weightedAverageShsOutDil": 148898899,
        "link": null,
        "finalLink": null
    },
    {
        "date": "1996-10-31",
        "symbol": "SIG",
        "reportedCurrency": "USD",
        "cik": "0000832988",
        "fillingDate": "1996-10-31",
        "acceptedDate": "1996-10-31 00:00:00",
        "calendarYear": "1997",
        "period": "Q3",
        "revenue": 367100000,
        "costOfRevenue": 0,
        "grossProfit": 367100000,
        "grossProfitRatio": 1,
        "researchAndDevelopmentExpenses": 0,
        "generalAndAdministrativeExpenses": 0,
        "sellingAndMarketingExpenses": 0,
        "sellingGeneralAndAdministrativeExpenses": 0,
        "otherExpenses": 0,
        "operatingExpenses": 0,
        "costAndExpenses": 0,
        "interestIncome": 0,
        "interestExpense": 0,
        "depreciationAndAmortization": 0,
        "ebitda": 367100000,
        "ebitdaratio": 1,
        "operatingIncome": 367100000,
        "operatingIncomeRatio": 1,
        "totalOtherIncomeExpensesNet": -364100000,
        "incomeBeforeTax": 3000000,
        "incomeBeforeTaxRatio": 0.0081721602,
        "incomeTaxExpense": 0,
        "netIncome": 3000000,
        "netIncomeRatio": 0.0081721602,
        "eps": 0.0206,
        "epsdiluted": 0.0206,
        "weightedAverageShsOut": 145306597,
        "weightedAverageShsOutDil": 145306597,
        "link": null,
        "finalLink": null
    },
    {
        "date": "1996-07-31",
        "symbol": "SIG",
        "reportedCurrency": "USD",
        "cik": "0000832988",
        "fillingDate": "1996-07-31",
        "acceptedDate": "1996-07-31 00:00:00",
        "calendarYear": "1997",
        "period": "Q2",
        "revenue": 350700000,
        "costOfRevenue": 0,
        "grossProfit": 350700000,
        "grossProfitRatio": 1,
        "researchAndDevelopmentExpenses": 0,
        "generalAndAdministrativeExpenses": 0,
        "sellingAndMarketingExpenses": 0,
        "sellingGeneralAndAdministrativeExpenses": 0,
        "otherExpenses": 0,
        "operatingExpenses": 0,
        "costAndExpenses": 0,
        "interestIncome": 0,
        "interestExpense": 0,
        "depreciationAndAmortization": 0,
        "ebitda": 350700000,
        "ebitdaratio": 1,
        "operatingIncome": 350700000,
        "operatingIncomeRatio": 1,
        "totalOtherIncomeExpensesNet": -347800000,
        "incomeBeforeTax": 2900000,
        "incomeBeforeTaxRatio": 0.0082691759,
        "incomeTaxExpense": 0,
        "netIncome": 2900000,
        "netIncomeRatio": 0.0082691759,
        "eps": 0.0193,
        "epsdiluted": 0.0193,
        "weightedAverageShsOut": 150150150,
        "weightedAverageShsOutDil": 150150150,
        "link": null,
        "finalLink": null
    },
    {
        "date": "1996-04-30",
        "symbol": "SIG",
        "reportedCurrency": "USD",
        "cik": "0000832988",
        "fillingDate": "1996-04-30",
        "acceptedDate": "1996-04-30 00:00:00",
        "calendarYear": "1997",
        "period": "Q1",
        "revenue": 339900000,
        "costOfRevenue": 0,
        "grossProfit": 339900000,
        "grossProfitRatio": 1,
        "researchAndDevelopmentExpenses": 0,
        "generalAndAdministrativeExpenses": 0,
        "sellingAndMarketingExpenses": 0,
        "sellingGeneralAndAdministrativeExpenses": 0,
        "otherExpenses": 0,
        "operatingExpenses": 0,
        "costAndExpenses": 0,
        "interestIncome": 0,
        "interestExpense": 0,
        "depreciationAndAmortization": 0,
        "ebitda": 339900000,
        "ebitdaratio": 1,
        "operatingIncome": 339900000,
        "operatingIncomeRatio": 1,
        "totalOtherIncomeExpensesNet": -337100000,
        "incomeBeforeTax": 2800000,
        "incomeBeforeTaxRatio": 0.008237717,
        "incomeTaxExpense": 0,
        "netIncome": 2800000,
        "netIncomeRatio": 0.008237717,
        "eps": 0.0186,
        "epsdiluted": 0.0186,
        "weightedAverageShsOut": 150150150,
        "weightedAverageShsOutDil": 150150150,
        "link": null,
        "finalLink": null
    },
    {
        "date": "1996-01-31",
        "symbol": "SIG",
        "reportedCurrency": "USD",
        "cik": "0000832988",
        "fillingDate": "1996-01-31",
        "acceptedDate": "1996-01-31 00:00:00",
        "calendarYear": "1996",
        "period": "Q4",
        "revenue": 293300000,
        "costOfRevenue": 0,
        "grossProfit": 293300000,
        "grossProfitRatio": 1,
        "researchAndDevelopmentExpenses": 0,
        "generalAndAdministrativeExpenses": 0,
        "sellingAndMarketingExpenses": 0,
        "sellingGeneralAndAdministrativeExpenses": 0,
        "otherExpenses": -1257700000,
        "operatingExpenses": -1257700000,
        "costAndExpenses": -1257700000,
        "interestIncome": 0,
        "interestExpense": 0,
        "depreciationAndAmortization": 0,
        "ebitda": -964400000,
        "ebitdaratio": -3.2881009206,
        "operatingIncome": -964400000,
        "operatingIncomeRatio": -3.2881009206,
        "totalOtherIncomeExpensesNet": 956300000,
        "incomeBeforeTax": -8100000,
        "incomeBeforeTaxRatio": -0.0276167746,
        "incomeTaxExpense": 0,
        "netIncome": -8100000,
        "netIncomeRatio": -0.0276167746,
        "eps": -0.0554,
        "epsdiluted": -0.0554,
        "weightedAverageShsOut": 146219518,
        "weightedAverageShsOutDil": 146219518,
        "link": null,
        "finalLink": null
    },
    {
        "date": "1995-10-31",
        "symbol": "SIG",
        "reportedCurrency": "USD",
        "cik": "0000832988",
        "fillingDate": "1995-10-31",
        "acceptedDate": "1995-10-31 00:00:00",
        "calendarYear": "1996",
        "period": "Q3",
        "revenue": 353700000,
        "costOfRevenue": 0,
        "grossProfit": 353700000,
        "grossProfitRatio": 1,
        "researchAndDevelopmentExpenses": 0,
        "generalAndAdministrativeExpenses": 0,
        "sellingAndMarketingExpenses": 0,
        "sellingGeneralAndAdministrativeExpenses": 0,
        "otherExpenses": 0,
        "operatingExpenses": 0,
        "costAndExpenses": 0,
        "interestIncome": 0,
        "interestExpense": 0,
        "depreciationAndAmortization": 0,
        "ebitda": 353700000,
        "ebitdaratio": 1,
        "operatingIncome": 353700000,
        "operatingIncomeRatio": 1,
        "totalOtherIncomeExpensesNet": -363400000,
        "incomeBeforeTax": -9700000,
        "incomeBeforeTaxRatio": -0.0274243709,
        "incomeTaxExpense": 0,
        "netIncome": -9700000,
        "netIncomeRatio": -0.0274243709,
        "eps": -0.0666,
        "epsdiluted": -0.0666,
        "weightedAverageShsOut": 145645646,
        "weightedAverageShsOutDil": 145645646,
        "link": null,
        "finalLink": null
    },
    {
        "date": "1995-07-31",
        "symbol": "SIG",
        "reportedCurrency": "USD",
        "cik": "0000832988",
        "fillingDate": "1995-07-31",
        "acceptedDate": "1995-07-31 00:00:00",
        "calendarYear": "1996",
        "period": "Q2",
        "revenue": 356900000,
        "costOfRevenue": 0,
        "grossProfit": 356900000,
        "grossProfitRatio": 1,
        "researchAndDevelopmentExpenses": 0,
        "generalAndAdministrativeExpenses": 0,
        "sellingAndMarketingExpenses": 0,
        "sellingGeneralAndAdministrativeExpenses": 0,
        "otherExpenses": 0,
        "operatingExpenses": 0,
        "costAndExpenses": 0,
        "interestIncome": 0,
        "interestExpense": 0,
        "depreciationAndAmortization": 0,
        "ebitda": 356900000,
        "ebitdaratio": 1,
        "operatingIncome": 356900000,
        "operatingIncomeRatio": 1,
        "totalOtherIncomeExpensesNet": -366700000,
        "incomeBeforeTax": -9800000,
        "incomeBeforeTaxRatio": -0.0274586719,
        "incomeTaxExpense": 0,
        "netIncome": -9800000,
        "netIncomeRatio": -0.0274586719,
        "eps": -0.0673,
        "epsdiluted": -0.0673,
        "weightedAverageShsOut": 145690245,
        "weightedAverageShsOutDil": 145690245,
        "link": null,
        "finalLink": null
    },
    {
        "date": "1995-04-30",
        "symbol": "SIG",
        "reportedCurrency": "USD",
        "cik": "0000832988",
        "fillingDate": "1995-04-30",
        "acceptedDate": "1995-04-30 00:00:00",
        "calendarYear": "1996",
        "period": "Q1",
        "revenue": 360600000,
        "costOfRevenue": 0,
        "grossProfit": 360600000,
        "grossProfitRatio": 1,
        "researchAndDevelopmentExpenses": 0,
        "generalAndAdministrativeExpenses": 0,
        "sellingAndMarketingExpenses": 0,
        "sellingGeneralAndAdministrativeExpenses": 0,
        "otherExpenses": 0,
        "operatingExpenses": 0,
        "costAndExpenses": 0,
        "interestIncome": 0,
        "interestExpense": 0,
        "depreciationAndAmortization": 0,
        "ebitda": 360600000,
        "ebitdaratio": 1,
        "operatingIncome": 360600000,
        "operatingIncomeRatio": 1,
        "totalOtherIncomeExpensesNet": -370500000,
        "incomeBeforeTax": -9900000,
        "incomeBeforeTaxRatio": -0.0274542429,
        "incomeTaxExpense": 0,
        "netIncome": -9900000,
        "netIncomeRatio": -0.0274542429,
        "eps": -0.0679,
        "epsdiluted": -0.0679,
        "weightedAverageShsOut": 145733969,
        "weightedAverageShsOutDil": 145733969,
        "link": null,
        "finalLink": null
    },
    {
        "date": "1995-01-31",
        "symbol": "SIG",
        "reportedCurrency": "USD",
        "cik": "0000832988",
        "fillingDate": "1995-01-31",
        "acceptedDate": "1995-01-31 00:00:00",
        "calendarYear": "1995",
        "period": "Q4",
        "revenue": 364900000,
        "costOfRevenue": 0,
        "grossProfit": 364900000,
        "grossProfitRatio": 1,
        "researchAndDevelopmentExpenses": 0,
        "generalAndAdministrativeExpenses": 0,
        "sellingAndMarketingExpenses": 0,
        "sellingGeneralAndAdministrativeExpenses": 0,
        "otherExpenses": -1393400000,
        "operatingExpenses": -1393400000,
        "costAndExpenses": -1393400000,
        "interestIncome": 0,
        "interestExpense": 0,
        "depreciationAndAmortization": 0,
        "ebitda": -1028500000,
        "ebitdaratio": -2.818580433,
        "operatingIncome": -1028500000,
        "operatingIncomeRatio": -2.818580433,
        "totalOtherIncomeExpensesNet": 1018200000,
        "incomeBeforeTax": -10300000,
        "incomeBeforeTaxRatio": -0.0282269115,
        "incomeTaxExpense": 0,
        "netIncome": -10300000,
        "netIncomeRatio": -0.0282269115,
        "eps": -0.0711,
        "epsdiluted": -0.0711,
        "weightedAverageShsOut": 144912354,
        "weightedAverageShsOutDil": 144912354,
        "link": null,
        "finalLink": null
    },
    {
        "date": "1994-10-31",
        "symbol": "SIG",
        "reportedCurrency": "USD",
        "cik": "0000832988",
        "fillingDate": "1994-10-31",
        "acceptedDate": "1994-10-31 00:00:00",
        "calendarYear": "1995",
        "period": "Q3",
        "revenue": 364900000,
        "costOfRevenue": 0,
        "grossProfit": 364900000,
        "grossProfitRatio": 1,
        "researchAndDevelopmentExpenses": 0,
        "generalAndAdministrativeExpenses": 0,
        "sellingAndMarketingExpenses": 0,
        "sellingGeneralAndAdministrativeExpenses": 0,
        "otherExpenses": 0,
        "operatingExpenses": 0,
        "costAndExpenses": 0,
        "interestIncome": 0,
        "interestExpense": 0,
        "depreciationAndAmortization": 0,
        "ebitda": 364900000,
        "ebitdaratio": 1,
        "operatingIncome": 364900000,
        "operatingIncomeRatio": 1,
        "totalOtherIncomeExpensesNet": -375300000,
        "incomeBeforeTax": -10400000,
        "incomeBeforeTaxRatio": -0.0285009592,
        "incomeTaxExpense": 0,
        "netIncome": -10400000,
        "netIncomeRatio": -0.0285009592,
        "eps": -0.0733,
        "epsdiluted": -0.0733,
        "weightedAverageShsOut": 141960142,
        "weightedAverageShsOutDil": 141960142,
        "link": null,
        "finalLink": null
    },
    {
        "date": "1994-07-31",
        "symbol": "SIG",
        "reportedCurrency": "USD",
        "cik": "0000832988",
        "fillingDate": "1994-07-31",
        "acceptedDate": "1994-07-31 00:00:00",
        "calendarYear": "1995",
        "period": "Q2",
        "revenue": 364900000,
        "costOfRevenue": 0,
        "grossProfit": 364900000,
        "grossProfitRatio": 1,
        "researchAndDevelopmentExpenses": 0,
        "generalAndAdministrativeExpenses": 0,
        "sellingAndMarketingExpenses": 0,
        "sellingGeneralAndAdministrativeExpenses": 0,
        "otherExpenses": 0,
        "operatingExpenses": 0,
        "costAndExpenses": 0,
        "interestIncome": 0,
        "interestExpense": 0,
        "depreciationAndAmortization": 0,
        "ebitda": 364900000,
        "ebitdaratio": 1,
        "operatingIncome": 364900000,
        "operatingIncomeRatio": 1,
        "totalOtherIncomeExpensesNet": -375300000,
        "incomeBeforeTax": -10400000,
        "incomeBeforeTaxRatio": -0.0285009592,
        "incomeTaxExpense": 0,
        "netIncome": -10400000,
        "netIncomeRatio": -0.0285009592,
        "eps": -0.0733,
        "epsdiluted": -0.0733,
        "weightedAverageShsOut": 141960142,
        "weightedAverageShsOutDil": 141960142,
        "link": null,
        "finalLink": null
    },
    {
        "date": "1994-04-30",
        "symbol": "SIG",
        "reportedCurrency": "USD",
        "cik": "0000832988",
        "fillingDate": "1994-04-30",
        "acceptedDate": "1994-04-30 00:00:00",
        "calendarYear": "1995",
        "period": "Q1",
        "revenue": 364900000,
        "costOfRevenue": 0,
        "grossProfit": 364900000,
        "grossProfitRatio": 1,
        "researchAndDevelopmentExpenses": 0,
        "generalAndAdministrativeExpenses": 0,
        "sellingAndMarketingExpenses": 0,
        "sellingGeneralAndAdministrativeExpenses": 0,
        "otherExpenses": 0,
        "operatingExpenses": 0,
        "costAndExpenses": 0,
        "interestIncome": 0,
        "interestExpense": 0,
        "depreciationAndAmortization": 0,
        "ebitda": 364900000,
        "ebitdaratio": 1,
        "operatingIncome": 364900000,
        "operatingIncomeRatio": 1,
        "totalOtherIncomeExpensesNet": -375300000,
        "incomeBeforeTax": -10400000,
        "incomeBeforeTaxRatio": -0.0285009592,
        "incomeTaxExpense": 0,
        "netIncome": -10400000,
        "netIncomeRatio": -0.0285009592,
        "eps": -0.0733,
        "epsdiluted": -0.0733,
        "weightedAverageShsOut": 141960142,
        "weightedAverageShsOutDil": 141960142,
        "link": null,
        "finalLink": null
    },
    {
        "date": "1994-01-31",
        "symbol": "SIG",
        "reportedCurrency": "USD",
        "cik": "0000832988",
        "fillingDate": "1994-01-31",
        "acceptedDate": "1994-01-31 00:00:00",
        "calendarYear": "1994",
        "period": "Q4",
        "revenue": 391700000,
        "costOfRevenue": 0,
        "grossProfit": 391700000,
        "grossProfitRatio": 1,
        "researchAndDevelopmentExpenses": 0,
        "generalAndAdministrativeExpenses": 0,
        "sellingAndMarketingExpenses": 0,
        "sellingGeneralAndAdministrativeExpenses": 0,
        "otherExpenses": -1564500000,
        "operatingExpenses": -1564500000,
        "costAndExpenses": -1564500000,
        "interestIncome": 0,
        "interestExpense": 0,
        "depreciationAndAmortization": 0,
        "ebitda": -1172800000,
        "ebitdaratio": -2.9941281593,
        "operatingIncome": -1172800000,
        "operatingIncomeRatio": -2.9941281593,
        "totalOtherIncomeExpensesNet": 1128400000,
        "incomeBeforeTax": -44400000,
        "incomeBeforeTaxRatio": -0.1133520551,
        "incomeTaxExpense": 0,
        "netIncome": -44400000,
        "netIncomeRatio": -0.1133520551,
        "eps": -0.3,
        "epsdiluted": -0.3,
        "weightedAverageShsOut": 146678470,
        "weightedAverageShsOutDil": 146678470,
        "link": null,
        "finalLink": null
    },
    {
        "date": "1993-10-31",
        "symbol": "SIG",
        "reportedCurrency": "USD",
        "cik": "0000832988",
        "fillingDate": "1993-10-31",
        "acceptedDate": "1993-10-31 00:00:00",
        "calendarYear": "1994",
        "period": "Q3",
        "revenue": 365900000,
        "costOfRevenue": 0,
        "grossProfit": 365900000,
        "grossProfitRatio": 1,
        "researchAndDevelopmentExpenses": 0,
        "generalAndAdministrativeExpenses": 0,
        "sellingAndMarketingExpenses": 0,
        "sellingGeneralAndAdministrativeExpenses": 0,
        "otherExpenses": 0,
        "operatingExpenses": 0,
        "costAndExpenses": 0,
        "interestIncome": 0,
        "interestExpense": 0,
        "depreciationAndAmortization": 0,
        "ebitda": 365900000,
        "ebitdaratio": 1,
        "operatingIncome": 365900000,
        "operatingIncomeRatio": 1,
        "totalOtherIncomeExpensesNet": -407400000,
        "incomeBeforeTax": -41500000,
        "incomeBeforeTaxRatio": -0.1134189669,
        "incomeTaxExpense": 0,
        "netIncome": -41500000,
        "netIncomeRatio": -0.1134189669,
        "eps": -0.29,
        "epsdiluted": -0.29,
        "weightedAverageShsOut": 144912354,
        "weightedAverageShsOutDil": 144912354,
        "link": null,
        "finalLink": null
    },
    {
        "date": "1993-07-31",
        "symbol": "SIG",
        "reportedCurrency": "USD",
        "cik": "0000832988",
        "fillingDate": "1993-07-31",
        "acceptedDate": "1993-07-31 00:00:00",
        "calendarYear": "1994",
        "period": "Q2",
        "revenue": 367000000,
        "costOfRevenue": 0,
        "grossProfit": 367000000,
        "grossProfitRatio": 1,
        "researchAndDevelopmentExpenses": 0,
        "generalAndAdministrativeExpenses": 0,
        "sellingAndMarketingExpenses": 0,
        "sellingGeneralAndAdministrativeExpenses": 0,
        "otherExpenses": 0,
        "operatingExpenses": 0,
        "costAndExpenses": 0,
        "interestIncome": 0,
        "interestExpense": 0,
        "depreciationAndAmortization": 0,
        "ebitda": 367000000,
        "ebitdaratio": 1,
        "operatingIncome": 367000000,
        "operatingIncomeRatio": 1,
        "totalOtherIncomeExpensesNet": -408600000,
        "incomeBeforeTax": -41600000,
        "incomeBeforeTaxRatio": -0.1133514986,
        "incomeTaxExpense": 0,
        "netIncome": -41600000,
        "netIncomeRatio": -0.1133514986,
        "eps": -0.28,
        "epsdiluted": -0.28,
        "weightedAverageShsOut": 148720149,
        "weightedAverageShsOutDil": 148720149,
        "link": null,
        "finalLink": null
    },
    {
        "date": "1993-04-30",
        "symbol": "SIG",
        "reportedCurrency": "USD",
        "cik": "0000832988",
        "fillingDate": "1993-04-30",
        "acceptedDate": "1993-04-30 00:00:00",
        "calendarYear": "1994",
        "period": "Q1",
        "revenue": 388400000,
        "costOfRevenue": 0,
        "grossProfit": 388400000,
        "grossProfitRatio": 1,
        "researchAndDevelopmentExpenses": 0,
        "generalAndAdministrativeExpenses": 0,
        "sellingAndMarketingExpenses": 0,
        "sellingGeneralAndAdministrativeExpenses": 0,
        "otherExpenses": 0,
        "operatingExpenses": 0,
        "costAndExpenses": 0,
        "interestIncome": 0,
        "interestExpense": 0,
        "depreciationAndAmortization": 0,
        "ebitda": 388400000,
        "ebitdaratio": 1,
        "operatingIncome": 388400000,
        "operatingIncomeRatio": 1,
        "totalOtherIncomeExpensesNet": -432500000,
        "incomeBeforeTax": -44100000,
        "incomeBeforeTaxRatio": -0.1135427394,
        "incomeTaxExpense": 0,
        "netIncome": -44100000,
        "netIncomeRatio": -0.1135427394,
        "eps": -0.3,
        "epsdiluted": -0.3,
        "weightedAverageShsOut": 147147147,
        "weightedAverageShsOutDil": 147147147,
        "link": null,
        "finalLink": null
    },
    {
        "date": "1993-01-31",
        "symbol": "SIG",
        "reportedCurrency": "USD",
        "cik": "0000832988",
        "fillingDate": "1993-01-31",
        "acceptedDate": "1993-01-31 00:00:00",
        "calendarYear": "1993",
        "period": "Q4",
        "revenue": 289800000,
        "costOfRevenue": 0,
        "grossProfit": 289800000,
        "grossProfitRatio": 1,
        "researchAndDevelopmentExpenses": 0,
        "generalAndAdministrativeExpenses": 0,
        "sellingAndMarketingExpenses": 0,
        "sellingGeneralAndAdministrativeExpenses": 0,
        "otherExpenses": -1376900000,
        "operatingExpenses": -1376900000,
        "costAndExpenses": -1376900000,
        "interestIncome": 0,
        "interestExpense": 0,
        "depreciationAndAmortization": 0,
        "ebitda": -1087100000,
        "ebitdaratio": -3.7512077295,
        "operatingIncome": -1087100000,
        "operatingIncomeRatio": -3.7512077295,
        "totalOtherIncomeExpensesNet": 1079100000,
        "incomeBeforeTax": -8000000,
        "incomeBeforeTaxRatio": -0.027605245,
        "incomeTaxExpense": 0,
        "netIncome": -8000000,
        "netIncomeRatio": -0.027605245,
        "eps": -0.057,
        "epsdiluted": -0.057,
        "weightedAverageShsOut": 140296547,
        "weightedAverageShsOutDil": 140296547,
        "link": null,
        "finalLink": null
    },
    {
        "date": "1992-10-31",
        "symbol": "SIG",
        "reportedCurrency": "USD",
        "cik": "0000832988",
        "fillingDate": "1992-10-31",
        "acceptedDate": "1992-10-31 00:00:00",
        "calendarYear": "1993",
        "period": "Q3",
        "revenue": 361400000,
        "costOfRevenue": 0,
        "grossProfit": 361400000,
        "grossProfitRatio": 1,
        "researchAndDevelopmentExpenses": 0,
        "generalAndAdministrativeExpenses": 0,
        "sellingAndMarketingExpenses": 0,
        "sellingGeneralAndAdministrativeExpenses": 0,
        "otherExpenses": 0,
        "operatingExpenses": 0,
        "costAndExpenses": 0,
        "interestIncome": 0,
        "interestExpense": 0,
        "depreciationAndAmortization": 0,
        "ebitda": 361400000,
        "ebitdaratio": 1,
        "operatingIncome": 361400000,
        "operatingIncomeRatio": 1,
        "totalOtherIncomeExpensesNet": -371400000,
        "incomeBeforeTax": -10000000,
        "incomeBeforeTaxRatio": -0.0276701716,
        "incomeTaxExpense": 0,
        "netIncome": -10000000,
        "netIncomeRatio": -0.0276701716,
        "eps": -0.07,
        "epsdiluted": -0.07,
        "weightedAverageShsOut": 142845548,
        "weightedAverageShsOutDil": 142845548,
        "link": null,
        "finalLink": null
    },
    {
        "date": "1992-07-31",
        "symbol": "SIG",
        "reportedCurrency": "USD",
        "cik": "0000832988",
        "fillingDate": "1992-07-31",
        "acceptedDate": "1992-07-31 00:00:00",
        "calendarYear": "1993",
        "period": "Q2",
        "revenue": 351200000,
        "costOfRevenue": 0,
        "grossProfit": 351200000,
        "grossProfitRatio": 1,
        "researchAndDevelopmentExpenses": 0,
        "generalAndAdministrativeExpenses": 0,
        "sellingAndMarketingExpenses": 0,
        "sellingGeneralAndAdministrativeExpenses": 0,
        "otherExpenses": 0,
        "operatingExpenses": 0,
        "costAndExpenses": 0,
        "interestIncome": 0,
        "interestExpense": 0,
        "depreciationAndAmortization": 0,
        "ebitda": 351200000,
        "ebitdaratio": 1,
        "operatingIncome": 351200000,
        "operatingIncomeRatio": 1,
        "totalOtherIncomeExpensesNet": -368800000,
        "incomeBeforeTax": -17600000,
        "incomeBeforeTaxRatio": -0.0501138952,
        "incomeTaxExpense": 0,
        "netIncome": -17600000,
        "netIncomeRatio": -0.0501138952,
        "eps": -0.12,
        "epsdiluted": -0.12,
        "weightedAverageShsOut": 146813480,
        "weightedAverageShsOutDil": 146813480,
        "link": null,
        "finalLink": null
    },
    {
        "date": "1992-04-30",
        "symbol": "SIG",
        "reportedCurrency": "USD",
        "cik": "0000832988",
        "fillingDate": "1992-04-30",
        "acceptedDate": "1992-04-30 00:00:00",
        "calendarYear": "1993",
        "period": "Q1",
        "revenue": 351200000,
        "costOfRevenue": 0,
        "grossProfit": 351200000,
        "grossProfitRatio": 1,
        "researchAndDevelopmentExpenses": 0,
        "generalAndAdministrativeExpenses": 0,
        "sellingAndMarketingExpenses": 0,
        "sellingGeneralAndAdministrativeExpenses": 0,
        "otherExpenses": 0,
        "operatingExpenses": 0,
        "costAndExpenses": 0,
        "interestIncome": 0,
        "interestExpense": 0,
        "depreciationAndAmortization": 0,
        "ebitda": 351200000,
        "ebitdaratio": 1,
        "operatingIncome": 351200000,
        "operatingIncomeRatio": 1,
        "totalOtherIncomeExpensesNet": -368800000,
        "incomeBeforeTax": -17600000,
        "incomeBeforeTaxRatio": -0.0501138952,
        "incomeTaxExpense": 0,
        "netIncome": -17600000,
        "netIncomeRatio": -0.0501138952,
        "eps": -0.12,
        "epsdiluted": -0.12,
        "weightedAverageShsOut": 146813480,
        "weightedAverageShsOutDil": 146813480,
        "link": null,
        "finalLink": null
    },
    {
        "date": "1992-01-31",
        "symbol": "SIG",
        "reportedCurrency": "USD",
        "cik": "0000832988",
        "fillingDate": "1992-01-31",
        "acceptedDate": "1992-01-31 00:00:00",
        "calendarYear": "1992",
        "period": "Q4",
        "revenue": 469600000,
        "costOfRevenue": 0,
        "grossProfit": 469600000,
        "grossProfitRatio": 1,
        "researchAndDevelopmentExpenses": 0,
        "generalAndAdministrativeExpenses": 0,
        "sellingAndMarketingExpenses": 0,
        "sellingGeneralAndAdministrativeExpenses": 0,
        "otherExpenses": -1978800000,
        "operatingExpenses": -1978800000,
        "costAndExpenses": -1978800000,
        "interestIncome": 0,
        "interestExpense": 0,
        "depreciationAndAmortization": 0,
        "ebitda": -1509200000,
        "ebitdaratio": -3.2137989779,
        "operatingIncome": -1509200000,
        "operatingIncomeRatio": -3.2137989779,
        "totalOtherIncomeExpensesNet": 1456700000,
        "incomeBeforeTax": -52500000,
        "incomeBeforeTaxRatio": -0.1117972743,
        "incomeTaxExpense": 0,
        "netIncome": -52500000,
        "netIncomeRatio": -0.1117972743,
        "eps": -0.42,
        "epsdiluted": -0.42,
        "weightedAverageShsOut": 125276220,
        "weightedAverageShsOutDil": 125276220,
        "link": null,
        "finalLink": null
    },
    {
        "date": "1991-10-31",
        "symbol": "SIG",
        "reportedCurrency": "USD",
        "cik": "0000832988",
        "fillingDate": "1991-10-31",
        "acceptedDate": "1991-10-31 00:00:00",
        "calendarYear": "1992",
        "period": "Q3",
        "revenue": 503900000,
        "costOfRevenue": 0,
        "grossProfit": 503900000,
        "grossProfitRatio": 1,
        "researchAndDevelopmentExpenses": 0,
        "generalAndAdministrativeExpenses": 0,
        "sellingAndMarketingExpenses": 0,
        "sellingGeneralAndAdministrativeExpenses": 0,
        "otherExpenses": 0,
        "operatingExpenses": 0,
        "costAndExpenses": 0,
        "interestIncome": 0,
        "interestExpense": 0,
        "depreciationAndAmortization": 0,
        "ebitda": 503900000,
        "ebitdaratio": 1,
        "operatingIncome": 503900000,
        "operatingIncomeRatio": 1,
        "totalOtherIncomeExpensesNet": -560100000,
        "incomeBeforeTax": -56200000,
        "incomeBeforeTaxRatio": -0.1115300655,
        "incomeTaxExpense": 0,
        "netIncome": -56200000,
        "netIncomeRatio": -0.1115300655,
        "eps": -0.45,
        "epsdiluted": -0.45,
        "weightedAverageShsOut": 124094683,
        "weightedAverageShsOutDil": 124094683,
        "link": null,
        "finalLink": null
    },
    {
        "date": "1991-07-31",
        "symbol": "SIG",
        "reportedCurrency": "USD",
        "cik": "0000832988",
        "fillingDate": "1991-07-31",
        "acceptedDate": "1991-07-31 00:00:00",
        "calendarYear": "1992",
        "period": "Q2",
        "revenue": 503900000,
        "costOfRevenue": 0,
        "grossProfit": 503900000,
        "grossProfitRatio": 1,
        "researchAndDevelopmentExpenses": 0,
        "generalAndAdministrativeExpenses": 0,
        "sellingAndMarketingExpenses": 0,
        "sellingGeneralAndAdministrativeExpenses": 0,
        "otherExpenses": 0,
        "operatingExpenses": 0,
        "costAndExpenses": 0,
        "interestIncome": 0,
        "interestExpense": 0,
        "depreciationAndAmortization": 0,
        "ebitda": 503900000,
        "ebitdaratio": 1,
        "operatingIncome": 503900000,
        "operatingIncomeRatio": 1,
        "totalOtherIncomeExpensesNet": -560100000,
        "incomeBeforeTax": -56200000,
        "incomeBeforeTaxRatio": -0.1115300655,
        "incomeTaxExpense": 0,
        "netIncome": -56200000,
        "netIncomeRatio": -0.1115300655,
        "eps": -0.45,
        "epsdiluted": -0.45,
        "weightedAverageShsOut": 124094683,
        "weightedAverageShsOutDil": 124094683,
        "link": null,
        "finalLink": null
    },
    {
        "date": "1991-04-30",
        "symbol": "SIG",
        "reportedCurrency": "USD",
        "cik": "0000832988",
        "fillingDate": "1991-04-30",
        "acceptedDate": "1991-04-30 00:00:00",
        "calendarYear": "1992",
        "period": "Q1",
        "revenue": 503900000,
        "costOfRevenue": 0,
        "grossProfit": 503900000,
        "grossProfitRatio": 1,
        "researchAndDevelopmentExpenses": 0,
        "generalAndAdministrativeExpenses": 0,
        "sellingAndMarketingExpenses": 0,
        "sellingGeneralAndAdministrativeExpenses": 0,
        "otherExpenses": 0,
        "operatingExpenses": 0,
        "costAndExpenses": 0,
        "interestIncome": 0,
        "interestExpense": 0,
        "depreciationAndAmortization": 0,
        "ebitda": 503900000,
        "ebitdaratio": 1,
        "operatingIncome": 503900000,
        "operatingIncomeRatio": 1,
        "totalOtherIncomeExpensesNet": -560100000,
        "incomeBeforeTax": -56200000,
        "incomeBeforeTaxRatio": -0.1115300655,
        "incomeTaxExpense": 0,
        "netIncome": -56200000,
        "netIncomeRatio": -0.1115300655,
        "eps": -0.45,
        "epsdiluted": -0.45,
        "weightedAverageShsOut": 124094683,
        "weightedAverageShsOutDil": 124094683,
        "link": null,
        "finalLink": null
    },
    {
        "date": "1991-01-31",
        "symbol": "SIG",
        "reportedCurrency": "USD",
        "cik": "0000832988",
        "fillingDate": "1991-01-31",
        "acceptedDate": "1991-01-31 00:00:00",
        "calendarYear": "1991",
        "period": "Q4",
        "revenue": 547900000,
        "costOfRevenue": 0,
        "grossProfit": 547900000,
        "grossProfitRatio": 1,
        "researchAndDevelopmentExpenses": 0,
        "generalAndAdministrativeExpenses": 0,
        "sellingAndMarketingExpenses": 0,
        "sellingGeneralAndAdministrativeExpenses": 0,
        "otherExpenses": -1927500000,
        "operatingExpenses": -1927500000,
        "costAndExpenses": -1927500000,
        "interestIncome": 0,
        "interestExpense": 0,
        "depreciationAndAmortization": 0,
        "ebitda": -1379600000,
        "ebitdaratio": -2.5179777332,
        "operatingIncome": -1379600000,
        "operatingIncomeRatio": -2.5179777332,
        "totalOtherIncomeExpensesNet": 1379600000,
        "incomeBeforeTax": 0,
        "incomeBeforeTaxRatio": 0,
        "incomeTaxExpense": 0,
        "netIncome": 37200000,
        "netIncomeRatio": 0.0678956014,
        "eps": 0.25,
        "epsdiluted": 0.23,
        "weightedAverageShsOut": 150961773,
        "weightedAverageShsOutDil": 160736276,
        "link": null,
        "finalLink": null
    },
    {
        "date": "1990-10-31",
        "symbol": "SIG",
        "reportedCurrency": "USD",
        "cik": "0000832988",
        "fillingDate": "1990-10-31",
        "acceptedDate": "1990-10-31 00:00:00",
        "calendarYear": "1991",
        "period": "Q3",
        "revenue": 547900000,
        "costOfRevenue": 0,
        "grossProfit": 547900000,
        "grossProfitRatio": 1,
        "researchAndDevelopmentExpenses": 0,
        "generalAndAdministrativeExpenses": 0,
        "sellingAndMarketingExpenses": 0,
        "sellingGeneralAndAdministrativeExpenses": 0,
        "otherExpenses": 0,
        "operatingExpenses": 0,
        "costAndExpenses": 0,
        "interestIncome": 0,
        "interestExpense": 0,
        "depreciationAndAmortization": 0,
        "ebitda": 547900000,
        "ebitdaratio": 1,
        "operatingIncome": 547900000,
        "operatingIncomeRatio": 1,
        "totalOtherIncomeExpensesNet": -547900000,
        "incomeBeforeTax": 0,
        "incomeBeforeTaxRatio": 0,
        "incomeTaxExpense": 0,
        "netIncome": 37200000,
        "netIncomeRatio": 0.0678956014,
        "eps": 0.25,
        "epsdiluted": 0.23,
        "weightedAverageShsOut": 146681680,
        "weightedAverageShsOutDil": 146681680,
        "link": null,
        "finalLink": null
    },
    {
        "date": "1990-07-31",
        "symbol": "SIG",
        "reportedCurrency": "USD",
        "cik": "0000832988",
        "fillingDate": "1990-07-31",
        "acceptedDate": "1990-07-31 00:00:00",
        "calendarYear": "1991",
        "period": "Q2",
        "revenue": 547900000,
        "costOfRevenue": 0,
        "grossProfit": 547900000,
        "grossProfitRatio": 1,
        "researchAndDevelopmentExpenses": 0,
        "generalAndAdministrativeExpenses": 0,
        "sellingAndMarketingExpenses": 0,
        "sellingGeneralAndAdministrativeExpenses": 0,
        "otherExpenses": 0,
        "operatingExpenses": 0,
        "costAndExpenses": 0,
        "interestIncome": 0,
        "interestExpense": 0,
        "depreciationAndAmortization": 0,
        "ebitda": 547900000,
        "ebitdaratio": 1,
        "operatingIncome": 547900000,
        "operatingIncomeRatio": 1,
        "totalOtherIncomeExpensesNet": -547900000,
        "incomeBeforeTax": 0,
        "incomeBeforeTaxRatio": 0,
        "incomeTaxExpense": 0,
        "netIncome": 37200000,
        "netIncomeRatio": 0.0678956014,
        "eps": 0.25,
        "epsdiluted": 0.23,
        "weightedAverageShsOut": 146681680,
        "weightedAverageShsOutDil": 146681680,
        "link": null,
        "finalLink": null
    },
    {
        "date": "1990-04-30",
        "symbol": "SIG",
        "reportedCurrency": "USD",
        "cik": "0000832988",
        "fillingDate": "1990-04-30",
        "acceptedDate": "1990-04-30 00:00:00",
        "calendarYear": "1991",
        "period": "Q1",
        "revenue": 547900000,
        "costOfRevenue": 0,
        "grossProfit": 547900000,
        "grossProfitRatio": 1,
        "researchAndDevelopmentExpenses": 0,
        "generalAndAdministrativeExpenses": 0,
        "sellingAndMarketingExpenses": 0,
        "sellingGeneralAndAdministrativeExpenses": 0,
        "otherExpenses": 0,
        "operatingExpenses": 0,
        "costAndExpenses": 0,
        "interestIncome": 0,
        "interestExpense": 0,
        "depreciationAndAmortization": 0,
        "ebitda": 547900000,
        "ebitdaratio": 1,
        "operatingIncome": 547900000,
        "operatingIncomeRatio": 1,
        "totalOtherIncomeExpensesNet": -547900000,
        "incomeBeforeTax": 0,
        "incomeBeforeTaxRatio": 0,
        "incomeTaxExpense": 0,
        "netIncome": 37200000,
        "netIncomeRatio": 0.0678956014,
        "eps": 0.25,
        "epsdiluted": 0.23,
        "weightedAverageShsOut": 146681680,
        "weightedAverageShsOutDil": 146681680,
        "link": null,
        "finalLink": null
    },
    {
        "date": "1990-01-31",
        "symbol": "SIG",
        "reportedCurrency": "USD",
        "cik": "0000832988",
        "fillingDate": "1990-01-31",
        "acceptedDate": "1990-01-31 00:00:00",
        "calendarYear": "1990",
        "period": "Q4",
        "revenue": 503100000,
        "costOfRevenue": 0,
        "grossProfit": 503100000,
        "grossProfitRatio": 1,
        "researchAndDevelopmentExpenses": 0,
        "generalAndAdministrativeExpenses": 0,
        "sellingAndMarketingExpenses": 0,
        "sellingGeneralAndAdministrativeExpenses": 0,
        "otherExpenses": -1290900000,
        "operatingExpenses": -1290900000,
        "costAndExpenses": -1290900000,
        "interestIncome": 0,
        "interestExpense": 0,
        "depreciationAndAmortization": 0,
        "ebitda": -787800000,
        "ebitdaratio": -1.5658914729,
        "operatingIncome": -787800000,
        "operatingIncomeRatio": -1.5658914729,
        "totalOtherIncomeExpensesNet": 787800000,
        "incomeBeforeTax": 0,
        "incomeBeforeTaxRatio": 0,
        "incomeTaxExpense": 0,
        "netIncome": 58500000,
        "netIncomeRatio": 0.1162790698,
        "eps": 4.66,
        "epsdiluted": 4.02,
        "weightedAverageShsOut": 146681680,
        "weightedAverageShsOutDil": 146681680,
        "link": null,
        "finalLink": null
    },
    {
        "date": "1989-10-31",
        "symbol": "SIG",
        "reportedCurrency": "USD",
        "cik": "0000832988",
        "fillingDate": "1989-10-31",
        "acceptedDate": "1989-10-31 00:00:00",
        "calendarYear": "1990",
        "period": "Q3",
        "revenue": 503100000,
        "costOfRevenue": 0,
        "grossProfit": 503100000,
        "grossProfitRatio": 1,
        "researchAndDevelopmentExpenses": 0,
        "generalAndAdministrativeExpenses": 0,
        "sellingAndMarketingExpenses": 0,
        "sellingGeneralAndAdministrativeExpenses": 0,
        "otherExpenses": 0,
        "operatingExpenses": 0,
        "costAndExpenses": 0,
        "interestIncome": 0,
        "interestExpense": 0,
        "depreciationAndAmortization": 0,
        "ebitda": 503100000,
        "ebitdaratio": 1,
        "operatingIncome": 503100000,
        "operatingIncomeRatio": 1,
        "totalOtherIncomeExpensesNet": -503100000,
        "incomeBeforeTax": 0,
        "incomeBeforeTaxRatio": 0,
        "incomeTaxExpense": 0,
        "netIncome": 58500000,
        "netIncomeRatio": 0.1162790698,
        "eps": 4.66,
        "epsdiluted": 4.02,
        "weightedAverageShsOut": 146681680,
        "weightedAverageShsOutDil": 146681680,
        "link": null,
        "finalLink": null
    },
    {
        "date": "1989-07-31",
        "symbol": "SIG",
        "reportedCurrency": "USD",
        "cik": "0000832988",
        "fillingDate": "1989-07-31",
        "acceptedDate": "1989-07-31 00:00:00",
        "calendarYear": "1990",
        "period": "Q2",
        "revenue": 251100000,
        "costOfRevenue": 0,
        "grossProfit": 251100000,
        "grossProfitRatio": 1,
        "researchAndDevelopmentExpenses": 0,
        "generalAndAdministrativeExpenses": 0,
        "sellingAndMarketingExpenses": 0,
        "sellingGeneralAndAdministrativeExpenses": 0,
        "otherExpenses": 0,
        "operatingExpenses": 0,
        "costAndExpenses": 0,
        "interestIncome": 0,
        "interestExpense": 0,
        "depreciationAndAmortization": 0,
        "ebitda": 251100000,
        "ebitdaratio": 1,
        "operatingIncome": 251100000,
        "operatingIncomeRatio": 1,
        "totalOtherIncomeExpensesNet": -251100000,
        "incomeBeforeTax": 0,
        "incomeBeforeTaxRatio": 0,
        "incomeTaxExpense": 0,
        "netIncome": 7800000,
        "netIncomeRatio": 0.0310633214,
        "eps": 1.61,
        "epsdiluted": 1.61,
        "weightedAverageShsOut": 146681680,
        "weightedAverageShsOutDil": 146681680,
        "link": null,
        "finalLink": null
    },
    {
        "date": "1989-04-30",
        "symbol": "SIG",
        "reportedCurrency": "USD",
        "cik": "0000832988",
        "fillingDate": "1989-04-30",
        "acceptedDate": "1989-04-30 00:00:00",
        "calendarYear": "1990",
        "period": "Q1",
        "revenue": 251100000,
        "costOfRevenue": 0,
        "grossProfit": 251100000,
        "grossProfitRatio": 1,
        "researchAndDevelopmentExpenses": 0,
        "generalAndAdministrativeExpenses": 0,
        "sellingAndMarketingExpenses": 0,
        "sellingGeneralAndAdministrativeExpenses": 0,
        "otherExpenses": 0,
        "operatingExpenses": 0,
        "costAndExpenses": 0,
        "interestIncome": 0,
        "interestExpense": 0,
        "depreciationAndAmortization": 0,
        "ebitda": 251100000,
        "ebitdaratio": 1,
        "operatingIncome": 251100000,
        "operatingIncomeRatio": 1,
        "totalOtherIncomeExpensesNet": -251100000,
        "incomeBeforeTax": 0,
        "incomeBeforeTaxRatio": 0,
        "incomeTaxExpense": 0,
        "netIncome": 7800000,
        "netIncomeRatio": 0.0310633214,
        "eps": 1.61,
        "epsdiluted": 1.61,
        "weightedAverageShsOut": 146681680,
        "weightedAverageShsOutDil": 146681680,
        "link": null,
        "finalLink": null
    },
    {
        "date": "1989-01-31",
        "symbol": "SIG",
        "reportedCurrency": "USD",
        "cik": "0000832988",
        "fillingDate": "1989-01-31",
        "acceptedDate": "1989-01-31 00:00:00",
        "calendarYear": "1989",
        "period": "Q4",
        "revenue": 278200000,
        "costOfRevenue": 0,
        "grossProfit": 278200000,
        "grossProfitRatio": 1,
        "researchAndDevelopmentExpenses": 0,
        "generalAndAdministrativeExpenses": 0,
        "sellingAndMarketingExpenses": 0,
        "sellingGeneralAndAdministrativeExpenses": 0,
        "otherExpenses": -951000000,
        "operatingExpenses": -951000000,
        "costAndExpenses": -951000000,
        "interestIncome": 0,
        "interestExpense": 0,
        "depreciationAndAmortization": 0,
        "ebitda": -672800000,
        "ebitdaratio": -2.4184040259,
        "operatingIncome": -672800000,
        "operatingIncomeRatio": -2.4184040259,
        "totalOtherIncomeExpensesNet": 672800000,
        "incomeBeforeTax": 0,
        "incomeBeforeTaxRatio": 0,
        "incomeTaxExpense": 0,
        "netIncome": 23800000,
        "netIncomeRatio": 0.0855499641,
        "eps": 2.85,
        "epsdiluted": 2.6,
        "weightedAverageShsOut": 146681680,
        "weightedAverageShsOutDil": 146681680,
        "link": null,
        "finalLink": null
    },
    {
        "date": "1988-10-31",
        "symbol": "SIG",
        "reportedCurrency": "USD",
        "cik": "0000832988",
        "fillingDate": "1988-10-31",
        "acceptedDate": "1988-10-31 00:00:00",
        "calendarYear": "1989",
        "period": "Q3",
        "revenue": 278100000,
        "costOfRevenue": 0,
        "grossProfit": 278100000,
        "grossProfitRatio": 1,
        "researchAndDevelopmentExpenses": 0,
        "generalAndAdministrativeExpenses": 0,
        "sellingAndMarketingExpenses": 0,
        "sellingGeneralAndAdministrativeExpenses": 0,
        "otherExpenses": 0,
        "operatingExpenses": 0,
        "costAndExpenses": 0,
        "interestIncome": 0,
        "interestExpense": 0,
        "depreciationAndAmortization": 0,
        "ebitda": 278100000,
        "ebitdaratio": 1,
        "operatingIncome": 278100000,
        "operatingIncomeRatio": 1,
        "totalOtherIncomeExpensesNet": -278100000,
        "incomeBeforeTax": 0,
        "incomeBeforeTaxRatio": 0,
        "incomeTaxExpense": 0,
        "netIncome": 23700000,
        "netIncomeRatio": 0.0852211435,
        "eps": 2.85,
        "epsdiluted": 2.6,
        "weightedAverageShsOut": 146681680,
        "weightedAverageShsOutDil": 146681680,
        "link": null,
        "finalLink": null
    },
    {
        "date": "1988-07-31",
        "symbol": "SIG",
        "reportedCurrency": "USD",
        "cik": "0000832988",
        "fillingDate": "1988-07-31",
        "acceptedDate": "1988-07-31 00:00:00",
        "calendarYear": "1989",
        "period": "Q2",
        "revenue": 278100000,
        "costOfRevenue": 0,
        "grossProfit": 278100000,
        "grossProfitRatio": 1,
        "researchAndDevelopmentExpenses": 0,
        "generalAndAdministrativeExpenses": 0,
        "sellingAndMarketingExpenses": 0,
        "sellingGeneralAndAdministrativeExpenses": 0,
        "otherExpenses": 0,
        "operatingExpenses": 0,
        "costAndExpenses": 0,
        "interestIncome": 0,
        "interestExpense": 0,
        "depreciationAndAmortization": 0,
        "ebitda": 278100000,
        "ebitdaratio": 1,
        "operatingIncome": 278100000,
        "operatingIncomeRatio": 1,
        "totalOtherIncomeExpensesNet": -278100000,
        "incomeBeforeTax": 0,
        "incomeBeforeTaxRatio": 0,
        "incomeTaxExpense": 0,
        "netIncome": 23700000,
        "netIncomeRatio": 0.0852211435,
        "eps": 2.84,
        "epsdiluted": 2.6,
        "weightedAverageShsOut": 146681680,
        "weightedAverageShsOutDil": 146681680,
        "link": null,
        "finalLink": null
    },
    {
        "date": "1988-04-30",
        "symbol": "SIG",
        "reportedCurrency": "USD",
        "cik": "0000832988",
        "fillingDate": "1988-04-30",
        "acceptedDate": "1988-04-30 00:00:00",
        "calendarYear": "1989",
        "period": "Q1",
        "revenue": 278100000,
        "costOfRevenue": 0,
        "grossProfit": 278100000,
        "grossProfitRatio": 1,
        "researchAndDevelopmentExpenses": 0,
        "generalAndAdministrativeExpenses": 0,
        "sellingAndMarketingExpenses": 0,
        "sellingGeneralAndAdministrativeExpenses": 0,
        "otherExpenses": 0,
        "operatingExpenses": 0,
        "costAndExpenses": 0,
        "interestIncome": 0,
        "interestExpense": 0,
        "depreciationAndAmortization": 0,
        "ebitda": 278100000,
        "ebitdaratio": 1,
        "operatingIncome": 278100000,
        "operatingIncomeRatio": 1,
        "totalOtherIncomeExpensesNet": -278100000,
        "incomeBeforeTax": 0,
        "incomeBeforeTaxRatio": 0,
        "incomeTaxExpense": 0,
        "netIncome": 23700000,
        "netIncomeRatio": 0.0852211435,
        "eps": 2.84,
        "epsdiluted": 2.59,
        "weightedAverageShsOut": 146681680,
        "weightedAverageShsOutDil": 146681680,
        "link": null,
        "finalLink": null
    },
    {
        "date": "1988-01-31",
        "symbol": "SIG",
        "reportedCurrency": "USD",
        "cik": "0000832988",
        "fillingDate": "1988-01-31",
        "acceptedDate": "1988-01-31 00:00:00",
        "calendarYear": "1988",
        "period": "Q4",
        "revenue": 159100000,
        "costOfRevenue": 0,
        "grossProfit": 159100000,
        "grossProfitRatio": 1,
        "researchAndDevelopmentExpenses": 0,
        "generalAndAdministrativeExpenses": 0,
        "sellingAndMarketingExpenses": 0,
        "sellingGeneralAndAdministrativeExpenses": 0,
        "otherExpenses": -542100000,
        "operatingExpenses": -542100000,
        "costAndExpenses": -542100000,
        "interestIncome": 0,
        "interestExpense": 0,
        "depreciationAndAmortization": 0,
        "ebitda": -383000000,
        "ebitdaratio": -2.4072910119,
        "operatingIncome": -383000000,
        "operatingIncomeRatio": -2.4072910119,
        "totalOtherIncomeExpensesNet": 383000000,
        "incomeBeforeTax": 0,
        "incomeBeforeTaxRatio": 0,
        "incomeTaxExpense": 0,
        "netIncome": 14100000,
        "netIncomeRatio": 0.0886235072,
        "eps": 2.32,
        "epsdiluted": 2.13,
        "weightedAverageShsOut": 146681680,
        "weightedAverageShsOutDil": 146681680,
        "link": null,
        "finalLink": null
    },
    {
        "date": "1987-10-31",
        "symbol": "SIG",
        "reportedCurrency": "USD",
        "cik": "0000832988",
        "fillingDate": "1987-10-31",
        "acceptedDate": "1987-10-31 00:00:00",
        "calendarYear": "1988",
        "period": "Q3",
        "revenue": 159000000,
        "costOfRevenue": 0,
        "grossProfit": 159000000,
        "grossProfitRatio": 1,
        "researchAndDevelopmentExpenses": 0,
        "generalAndAdministrativeExpenses": 0,
        "sellingAndMarketingExpenses": 0,
        "sellingGeneralAndAdministrativeExpenses": 0,
        "otherExpenses": 0,
        "operatingExpenses": 0,
        "costAndExpenses": 0,
        "interestIncome": 0,
        "interestExpense": 0,
        "depreciationAndAmortization": 0,
        "ebitda": 159000000,
        "ebitdaratio": 1,
        "operatingIncome": 159000000,
        "operatingIncomeRatio": 1,
        "totalOtherIncomeExpensesNet": -159000000,
        "incomeBeforeTax": 0,
        "incomeBeforeTaxRatio": 0,
        "incomeTaxExpense": 0,
        "netIncome": 14100000,
        "netIncomeRatio": 0.0886792453,
        "eps": 2.32,
        "epsdiluted": 2.13,
        "weightedAverageShsOut": 146681680,
        "weightedAverageShsOutDil": 146681680,
        "link": null,
        "finalLink": null
    },
    {
        "date": "1987-07-31",
        "symbol": "SIG",
        "reportedCurrency": "USD",
        "cik": "0000832988",
        "fillingDate": "1987-07-31",
        "acceptedDate": "1987-07-31 00:00:00",
        "calendarYear": "1988",
        "period": "Q2",
        "revenue": 159000000,
        "costOfRevenue": 0,
        "grossProfit": 159000000,
        "grossProfitRatio": 1,
        "researchAndDevelopmentExpenses": 0,
        "generalAndAdministrativeExpenses": 0,
        "sellingAndMarketingExpenses": 0,
        "sellingGeneralAndAdministrativeExpenses": 0,
        "otherExpenses": 0,
        "operatingExpenses": 0,
        "costAndExpenses": 0,
        "interestIncome": 0,
        "interestExpense": 0,
        "depreciationAndAmortization": 0,
        "ebitda": 159000000,
        "ebitdaratio": 1,
        "operatingIncome": 159000000,
        "operatingIncomeRatio": 1,
        "totalOtherIncomeExpensesNet": -159000000,
        "incomeBeforeTax": 0,
        "incomeBeforeTaxRatio": 0,
        "incomeTaxExpense": 0,
        "netIncome": 14100000,
        "netIncomeRatio": 0.0886792453,
        "eps": 2.32,
        "epsdiluted": 2.13,
        "weightedAverageShsOut": 146681680,
        "weightedAverageShsOutDil": 146681680,
        "link": null,
        "finalLink": null
    },
    {
        "date": "1987-04-30",
        "symbol": "SIG",
        "reportedCurrency": "USD",
        "cik": "0000832988",
        "fillingDate": "1987-04-30",
        "acceptedDate": "1987-04-30 00:00:00",
        "calendarYear": "1988",
        "period": "Q1",
        "revenue": 159000000,
        "costOfRevenue": 0,
        "grossProfit": 159000000,
        "grossProfitRatio": 1,
        "researchAndDevelopmentExpenses": 0,
        "generalAndAdministrativeExpenses": 0,
        "sellingAndMarketingExpenses": 0,
        "sellingGeneralAndAdministrativeExpenses": 0,
        "otherExpenses": 0,
        "operatingExpenses": 0,
        "costAndExpenses": 0,
        "interestIncome": 0,
        "interestExpense": 0,
        "depreciationAndAmortization": 0,
        "ebitda": 159000000,
        "ebitdaratio": 1,
        "operatingIncome": 159000000,
        "operatingIncomeRatio": 1,
        "totalOtherIncomeExpensesNet": -159000000,
        "incomeBeforeTax": 0,
        "incomeBeforeTaxRatio": 0,
        "incomeTaxExpense": 0,
        "netIncome": 14100000,
        "netIncomeRatio": 0.0886792453,
        "eps": 2.32,
        "epsdiluted": 2.12,
        "weightedAverageShsOut": 146681680,
        "weightedAverageShsOutDil": 146681680,
        "link": null,
        "finalLink": null
    },
    {
        "date": "1987-01-31",
        "symbol": "SIG",
        "reportedCurrency": "USD",
        "cik": "0000832988",
        "fillingDate": "1987-01-31",
        "acceptedDate": "1987-01-31 00:00:00",
        "calendarYear": "1987",
        "period": "Q4",
        "revenue": 59900000,
        "costOfRevenue": 0,
        "grossProfit": 59900000,
        "grossProfitRatio": 1,
        "researchAndDevelopmentExpenses": 0,
        "generalAndAdministrativeExpenses": 0,
        "sellingAndMarketingExpenses": 0,
        "sellingGeneralAndAdministrativeExpenses": 0,
        "otherExpenses": -201200000,
        "operatingExpenses": -201200000,
        "costAndExpenses": -201200000,
        "interestIncome": 0,
        "interestExpense": 0,
        "depreciationAndAmortization": 0,
        "ebitda": -141300000,
        "ebitdaratio": -2.3589315526,
        "operatingIncome": -141300000,
        "operatingIncomeRatio": -2.3589315526,
        "totalOtherIncomeExpensesNet": 141300000,
        "incomeBeforeTax": 0,
        "incomeBeforeTaxRatio": 0,
        "incomeTaxExpense": 0,
        "netIncome": 5400000,
        "netIncomeRatio": 0.0901502504,
        "eps": 1.39,
        "epsdiluted": 1.25,
        "weightedAverageShsOut": 146681680,
        "weightedAverageShsOutDil": 146681680,
        "link": null,
        "finalLink": null
    },
    {
        "date": "1986-10-31",
        "symbol": "SIG",
        "reportedCurrency": "USD",
        "cik": "0000832988",
        "fillingDate": "1986-10-31",
        "acceptedDate": "1986-10-31 00:00:00",
        "calendarYear": "1987",
        "period": "Q3",
        "revenue": 59900000,
        "costOfRevenue": 0,
        "grossProfit": 59900000,
        "grossProfitRatio": 1,
        "researchAndDevelopmentExpenses": 0,
        "generalAndAdministrativeExpenses": 0,
        "sellingAndMarketingExpenses": 0,
        "sellingGeneralAndAdministrativeExpenses": 0,
        "otherExpenses": 0,
        "operatingExpenses": 0,
        "costAndExpenses": 0,
        "interestIncome": 0,
        "interestExpense": 0,
        "depreciationAndAmortization": 0,
        "ebitda": 59900000,
        "ebitdaratio": 1,
        "operatingIncome": 59900000,
        "operatingIncomeRatio": 1,
        "totalOtherIncomeExpensesNet": -59900000,
        "incomeBeforeTax": 0,
        "incomeBeforeTaxRatio": 0,
        "incomeTaxExpense": 0,
        "netIncome": 5400000,
        "netIncomeRatio": 0.0901502504,
        "eps": 1.39,
        "epsdiluted": 1.25,
        "weightedAverageShsOut": 146681680,
        "weightedAverageShsOutDil": 146681680,
        "link": null,
        "finalLink": null
    },
    {
        "date": "1986-07-31",
        "symbol": "SIG",
        "reportedCurrency": "USD",
        "cik": "0000832988",
        "fillingDate": "1986-07-31",
        "acceptedDate": "1986-07-31 00:00:00",
        "calendarYear": "1987",
        "period": "Q2",
        "revenue": 59800000,
        "costOfRevenue": 0,
        "grossProfit": 59800000,
        "grossProfitRatio": 1,
        "researchAndDevelopmentExpenses": 0,
        "generalAndAdministrativeExpenses": 0,
        "sellingAndMarketingExpenses": 0,
        "sellingGeneralAndAdministrativeExpenses": 0,
        "otherExpenses": 0,
        "operatingExpenses": 0,
        "costAndExpenses": 0,
        "interestIncome": 0,
        "interestExpense": 0,
        "depreciationAndAmortization": 0,
        "ebitda": 59800000,
        "ebitdaratio": 1,
        "operatingIncome": 59800000,
        "operatingIncomeRatio": 1,
        "totalOtherIncomeExpensesNet": -59800000,
        "incomeBeforeTax": 0,
        "incomeBeforeTaxRatio": 0,
        "incomeTaxExpense": 0,
        "netIncome": 5400000,
        "netIncomeRatio": 0.0903010033,
        "eps": 1.39,
        "epsdiluted": 1.25,
        "weightedAverageShsOut": 146681680,
        "weightedAverageShsOutDil": 146681680,
        "link": null,
        "finalLink": null
    },
    {
        "date": "1986-04-30",
        "symbol": "SIG",
        "reportedCurrency": "USD",
        "cik": "0000832988",
        "fillingDate": "1986-04-30",
        "acceptedDate": "1986-04-30 00:00:00",
        "calendarYear": "1987",
        "period": "Q1",
        "revenue": 59800000,
        "costOfRevenue": 0,
        "grossProfit": 59800000,
        "grossProfitRatio": 1,
        "researchAndDevelopmentExpenses": 0,
        "generalAndAdministrativeExpenses": 0,
        "sellingAndMarketingExpenses": 0,
        "sellingGeneralAndAdministrativeExpenses": 0,
        "otherExpenses": 0,
        "operatingExpenses": 0,
        "costAndExpenses": 0,
        "interestIncome": 0,
        "interestExpense": 0,
        "depreciationAndAmortization": 0,
        "ebitda": 59800000,
        "ebitdaratio": 1,
        "operatingIncome": 59800000,
        "operatingIncomeRatio": 1,
        "totalOtherIncomeExpensesNet": -59800000,
        "incomeBeforeTax": 0,
        "incomeBeforeTaxRatio": 0,
        "incomeTaxExpense": 0,
        "netIncome": 5300000,
        "netIncomeRatio": 0.0886287625,
        "eps": 1.39,
        "epsdiluted": 1.24,
        "weightedAverageShsOut": 146681680,
        "weightedAverageShsOutDil": 146681680,
        "link": null,
        "finalLink": null
    }
]