[
    {
        "date": "2025-06-28",
        "symbol": "SKY",
        "reportedCurrency": "USD",
        "cik": "0000090896",
        "fillingDate": "2025-08-06",
        "acceptedDate": "2025-08-06 16:15:52",
        "calendarYear": "2025",
        "period": "Q1",
        "revenue": 701318000,
        "costOfRevenue": 511488000,
        "grossProfit": 189830000,
        "grossProfitRatio": 0.2706760699,
        "researchAndDevelopmentExpenses": 0,
        "generalAndAdministrativeExpenses": 0,
        "sellingAndMarketingExpenses": 0,
        "sellingGeneralAndAdministrativeExpenses": 111309000,
        "otherExpenses": 0,
        "operatingExpenses": 111309000,
        "costAndExpenses": 622797000,
        "interestIncome": 4536000,
        "interestExpense": 1497000,
        "depreciationAndAmortization": 11902000,
        "ebitda": 96179000,
        "ebitdaratio": 0.1371403557,
        "operatingIncome": 78521000,
        "operatingIncomeRatio": 0.1119620486,
        "totalOtherIncomeExpensesNet": 5756000,
        "incomeBeforeTax": 84277000,
        "incomeBeforeTaxRatio": 0.1201694524,
        "incomeTaxExpense": 17699000,
        "netIncome": 65272000,
        "netIncomeRatio": 0.0930704759,
        "eps": 1.13,
        "epsdiluted": 1.13,
        "weightedAverageShsOut": 57562000,
        "weightedAverageShsOutDil": 58075000,
        "link": "https://www.sec.gov/Archives/edgar/data/90896/000095017025104056/0000950170-25-104056-index.htm",
        "finalLink": "https://www.sec.gov/Archives/edgar/data/90896/000095017025104056/sky-20250628.htm"
    },
    {
        "date": "2025-03-29",
        "symbol": "SKY",
        "reportedCurrency": "USD",
        "cik": "0000090896",
        "fillingDate": "2025-05-27",
        "acceptedDate": "2025-05-27 16:30:31",
        "calendarYear": "2024",
        "period": "Q4",
        "revenue": 593867000,
        "costOfRevenue": 441414000,
        "grossProfit": 152453000,
        "grossProfitRatio": 0.2567123615,
        "researchAndDevelopmentExpenses": 0,
        "generalAndAdministrativeExpenses": 99887000,
        "sellingAndMarketingExpenses": 9700000,
        "sellingGeneralAndAdministrativeExpenses": 110295000,
        "otherExpenses": 0,
        "operatingExpenses": 110295000,
        "costAndExpenses": 551709000,
        "interestIncome": 6056000,
        "interestExpense": 2059000,
        "depreciationAndAmortization": 11114000,
        "ebitda": 59327000,
        "ebitdaratio": 0.0998994724,
        "operatingIncome": 42158000,
        "operatingIncomeRatio": 0.0709889588,
        "totalOtherIncomeExpensesNet": 3458000,
        "incomeBeforeTax": 45616000,
        "incomeBeforeTaxRatio": 0.0768118114,
        "incomeTaxExpense": 7915000,
        "netIncome": 36348000,
        "netIncomeRatio": 0.0612056235,
        "eps": 0.63,
        "epsdiluted": 0.63,
        "weightedAverageShsOut": 57562000,
        "weightedAverageShsOutDil": 58075000,
        "link": "https://www.sec.gov/Archives/edgar/data/90896/000095017025077746/0000950170-25-077746-index.htm",
        "finalLink": "https://www.sec.gov/Archives/edgar/data/90896/000095017025077746/sky-20250329.htm"
    },
    {
        "date": "2024-12-28",
        "symbol": "SKY",
        "reportedCurrency": "USD",
        "cik": "0000090896",
        "fillingDate": "2025-02-05",
        "acceptedDate": "2025-02-05 16:15:23",
        "calendarYear": "2024",
        "period": "Q3",
        "revenue": 644925000,
        "costOfRevenue": 463903000,
        "grossProfit": 181022000,
        "grossProfitRatio": 0.2806869016,
        "researchAndDevelopmentExpenses": 0,
        "generalAndAdministrativeExpenses": 0,
        "sellingAndMarketingExpenses": 0,
        "sellingGeneralAndAdministrativeExpenses": 108214000,
        "otherExpenses": 0,
        "operatingExpenses": 108214000,
        "costAndExpenses": 572117000,
        "interestIncome": 6090000,
        "interestExpense": 2099000,
        "depreciationAndAmortization": 10700000,
        "ebitda": 91756000,
        "ebitdaratio": 0.1422739078,
        "operatingIncome": 72808000,
        "operatingIncomeRatio": 0.1128937473,
        "totalOtherIncomeExpensesNet": 6717000,
        "incomeBeforeTax": 78957000,
        "incomeBeforeTaxRatio": 0.1224281893,
        "incomeTaxExpense": 16698000,
        "netIncome": 61537000,
        "netIncomeRatio": 0.0954172966,
        "eps": 1.07,
        "epsdiluted": 1.06,
        "weightedAverageShsOut": 57407000,
        "weightedAverageShsOutDil": 57407000,
        "link": "https://www.sec.gov/Archives/edgar/data/90896/000095017025014483/0000950170-25-014483-index.htm",
        "finalLink": "https://www.sec.gov/Archives/edgar/data/90896/000095017025014483/sky-20241228.htm"
    },
    {
        "date": "2024-09-28",
        "symbol": "SKY",
        "reportedCurrency": "USD",
        "cik": "0000090896",
        "fillingDate": "2024-10-29",
        "acceptedDate": "2024-10-29 16:15:23",
        "calendarYear": "2024",
        "period": "Q2",
        "revenue": 616877000,
        "costOfRevenue": 450544000,
        "grossProfit": 166333000,
        "grossProfitRatio": 0.269637221,
        "researchAndDevelopmentExpenses": 0,
        "generalAndAdministrativeExpenses": 0,
        "sellingAndMarketingExpenses": 0,
        "sellingGeneralAndAdministrativeExpenses": 99655000,
        "otherExpenses": 0,
        "operatingExpenses": 99655000,
        "costAndExpenses": 550199000,
        "interestIncome": 6850000,
        "interestExpense": 2113000,
        "depreciationAndAmortization": 9511000,
        "ebitda": 83025000,
        "ebitdaratio": 0.1345892293,
        "operatingIncome": 66678000,
        "operatingIncomeRatio": 0.1080896192,
        "totalOtherIncomeExpensesNet": 4032000,
        "incomeBeforeTax": 70710000,
        "incomeBeforeTaxRatio": 0.1146257682,
        "incomeTaxExpense": 15392000,
        "netIncome": 54734000,
        "netIncomeRatio": 0.0887275745,
        "eps": 0.95,
        "epsdiluted": 0.94,
        "weightedAverageShsOut": 57648000,
        "weightedAverageShsOutDil": 58185000,
        "link": "https://www.sec.gov/Archives/edgar/data/90896/000095017024118247/0000950170-24-118247-index.htm",
        "finalLink": "https://www.sec.gov/Archives/edgar/data/90896/000095017024118247/sky-20240928.htm"
    },
    {
        "date": "2024-06-29",
        "symbol": "SKY",
        "reportedCurrency": "USD",
        "cik": "0000090896",
        "fillingDate": "2024-08-07",
        "acceptedDate": "2024-08-07 16:15:26",
        "calendarYear": "2024",
        "period": "Q1",
        "revenue": 627779000,
        "costOfRevenue": 466464000,
        "grossProfit": 161315000,
        "grossProfitRatio": 0.2569614466,
        "researchAndDevelopmentExpenses": 0,
        "generalAndAdministrativeExpenses": 0,
        "sellingAndMarketingExpenses": 0,
        "sellingGeneralAndAdministrativeExpenses": 108827000,
        "otherExpenses": 0,
        "operatingExpenses": 105927000,
        "costAndExpenses": 572391000,
        "interestIncome": 6446000,
        "interestExpense": 2197000,
        "depreciationAndAmortization": 10600000,
        "ebitda": 73653000,
        "ebitdaratio": 0.1173231344,
        "operatingIncome": 55388000,
        "operatingIncomeRatio": 0.0882285008,
        "totalOtherIncomeExpensesNet": 5468000,
        "incomeBeforeTax": 60856000,
        "incomeBeforeTaxRatio": 0.0969385723,
        "incomeTaxExpense": 13719000,
        "netIncome": 45794000,
        "netIncomeRatio": 0.0729460527,
        "eps": 0.79,
        "epsdiluted": 0.79,
        "weightedAverageShsOut": 57865000,
        "weightedAverageShsOutDil": 58335000,
        "link": "https://www.sec.gov/Archives/edgar/data/90896/000095017024092813/0000950170-24-092813-index.htm",
        "finalLink": "https://www.sec.gov/Archives/edgar/data/90896/000095017024092813/sky-20240629.htm"
    },
    {
        "date": "2024-03-30",
        "symbol": "SKY",
        "reportedCurrency": "USD",
        "cik": "0000090896",
        "fillingDate": "2024-05-29",
        "acceptedDate": "2024-05-29 09:37:10",
        "calendarYear": "2023",
        "period": "Q4",
        "revenue": 491530000,
        "costOfRevenue": 350380000,
        "grossProfit": 141150000,
        "grossProfitRatio": 0.2871645678,
        "researchAndDevelopmentExpenses": 0,
        "generalAndAdministrativeExpenses": 65480000,
        "sellingAndMarketingExpenses": 6900000,
        "sellingGeneralAndAdministrativeExpenses": 72380000,
        "otherExpenses": 217000,
        "operatingExpenses": 72380000,
        "costAndExpenses": 528608000,
        "interestIncome": 6111000,
        "interestExpense": 1947000,
        "depreciationAndAmortization": 10888000,
        "ebitda": 24971000,
        "ebitdaratio": 0.050802596,
        "operatingIncome": 68770000,
        "operatingIncomeRatio": 0.1399100767,
        "totalOtherIncomeExpensesNet": 4381000,
        "incomeBeforeTax": 76460000,
        "incomeBeforeTaxRatio": 0.1555551035,
        "incomeTaxExpense": 18710000,
        "netIncome": 57750000,
        "netIncomeRatio": 0.1174902854,
        "eps": 1.01,
        "epsdiluted": 1.01,
        "weightedAverageShsOut": 57110000,
        "weightedAverageShsOutDil": 57410000,
        "link": "https://www.sec.gov/Archives/edgar/data/90896/000095017024065649/0000950170-24-065649-index.htm",
        "finalLink": "https://www.sec.gov/Archives/edgar/data/90896/000095017024065649/sky-20240330.htm"
    },
    {
        "date": "2023-12-30",
        "symbol": "SKY",
        "reportedCurrency": "USD",
        "cik": "0000090896",
        "fillingDate": "2024-02-06",
        "acceptedDate": "2024-02-06 16:10:35",
        "calendarYear": "2023",
        "period": "Q3",
        "revenue": 559455000,
        "costOfRevenue": 418183000,
        "grossProfit": 141272000,
        "grossProfitRatio": 0.2525171819,
        "researchAndDevelopmentExpenses": 0,
        "generalAndAdministrativeExpenses": 0,
        "sellingAndMarketingExpenses": 0,
        "sellingGeneralAndAdministrativeExpenses": 85091000,
        "otherExpenses": -756000,
        "operatingExpenses": 85091000,
        "costAndExpenses": 503274000,
        "interestIncome": 6236000,
        "interestExpense": 1927000,
        "depreciationAndAmortization": 9677000,
        "ebitda": 56181000,
        "ebitdaratio": 0.1004209454,
        "operatingIncome": 56181000,
        "operatingIncomeRatio": 0.1004209454,
        "totalOtherIncomeExpensesNet": 3553000,
        "incomeBeforeTax": 59734000,
        "incomeBeforeTaxRatio": 0.106771769,
        "incomeTaxExpense": 12764000,
        "netIncome": 46970000,
        "netIncomeRatio": 0.0839567079,
        "eps": 0.81,
        "epsdiluted": 0.81,
        "weightedAverageShsOut": 57644000,
        "weightedAverageShsOutDil": 58136000,
        "link": "https://www.sec.gov/Archives/edgar/data/90896/000095017024011727/0000950170-24-011727-index.htm",
        "finalLink": "https://www.sec.gov/Archives/edgar/data/90896/000095017024011727/sky-20231230.htm"
    },
    {
        "date": "2023-09-30",
        "symbol": "SKY",
        "reportedCurrency": "USD",
        "cik": "0000090896",
        "fillingDate": "2023-11-01",
        "acceptedDate": "2023-11-01 16:30:29",
        "calendarYear": "2023",
        "period": "Q2",
        "revenue": 464236000,
        "costOfRevenue": 347747000,
        "grossProfit": 116489000,
        "grossProfitRatio": 0.250926253,
        "researchAndDevelopmentExpenses": 0,
        "generalAndAdministrativeExpenses": 0,
        "sellingAndMarketingExpenses": 0,
        "sellingGeneralAndAdministrativeExpenses": 64454000,
        "otherExpenses": 0,
        "operatingExpenses": 64454000,
        "costAndExpenses": 412201000,
        "interestIncome": 10842000,
        "interestExpense": 362000,
        "depreciationAndAmortization": 6786000,
        "ebitda": 58821000,
        "ebitdaratio": 0.1267049518,
        "operatingIncome": 52035000,
        "operatingIncomeRatio": 0.1120873866,
        "totalOtherIncomeExpensesNet": 8415000,
        "incomeBeforeTax": 60450000,
        "incomeBeforeTaxRatio": 0.1302139429,
        "incomeTaxExpense": 14781000,
        "netIncome": 45669000,
        "netIncomeRatio": 0.0983745336,
        "eps": 0.8,
        "epsdiluted": 0.79,
        "weightedAverageShsOut": 57232000,
        "weightedAverageShsOutDil": 57724000,
        "link": "https://www.sec.gov/Archives/edgar/data/90896/000095017023057501/0000950170-23-057501-index.htm",
        "finalLink": "https://www.sec.gov/Archives/edgar/data/90896/000095017023057501/sky-20230930.htm"
    },
    {
        "date": "2023-07-01",
        "symbol": "SKY",
        "reportedCurrency": "USD",
        "cik": "0000090896",
        "fillingDate": "2023-08-02",
        "acceptedDate": "2023-08-02 16:13:08",
        "calendarYear": "2023",
        "period": "Q1",
        "revenue": 464769000,
        "costOfRevenue": 335096000,
        "grossProfit": 129673000,
        "grossProfitRatio": 0.2790052693,
        "researchAndDevelopmentExpenses": 0,
        "generalAndAdministrativeExpenses": 0,
        "sellingAndMarketingExpenses": 0,
        "sellingGeneralAndAdministrativeExpenses": 70439000,
        "otherExpenses": 0,
        "operatingExpenses": 70439000,
        "costAndExpenses": 405535000,
        "interestIncome": 9678000,
        "interestExpense": 377000,
        "depreciationAndAmortization": 7592000,
        "ebitda": 66826000,
        "ebitdaratio": 0.1437832558,
        "operatingIncome": 59234000,
        "operatingIncomeRatio": 0.1274482592,
        "totalOtherIncomeExpensesNet": 9301000,
        "incomeBeforeTax": 68535000,
        "incomeBeforeTaxRatio": 0.1474603513,
        "incomeTaxExpense": 17266000,
        "netIncome": 51269000,
        "netIncomeRatio": 0.1103107135,
        "eps": 0.9,
        "epsdiluted": 0.89,
        "weightedAverageShsOut": 57183000,
        "weightedAverageShsOutDil": 57658000,
        "link": "https://www.sec.gov/Archives/edgar/data/90896/000095017023037170/0000950170-23-037170-index.htm",
        "finalLink": "https://www.sec.gov/Archives/edgar/data/90896/000095017023037170/sky-20230701.htm"
    },
    {
        "date": "2023-04-01",
        "symbol": "SKY",
        "reportedCurrency": "USD",
        "cik": "0000090896",
        "fillingDate": "2023-05-30",
        "acceptedDate": "2023-05-30 16:17:08",
        "calendarYear": "2022",
        "period": "Q4",
        "revenue": 491532000,
        "costOfRevenue": 350381000,
        "grossProfit": 141151000,
        "grossProfitRatio": 0.2871654338,
        "researchAndDevelopmentExpenses": 0,
        "generalAndAdministrativeExpenses": 68779000,
        "sellingAndMarketingExpenses": 3600000,
        "sellingGeneralAndAdministrativeExpenses": 72379000,
        "otherExpenses": 0,
        "operatingExpenses": 72379000,
        "costAndExpenses": 422760000,
        "interestIncome": 8067000,
        "interestExpense": 383000,
        "depreciationAndAmortization": 7385000,
        "ebitda": 76157000,
        "ebitdaratio": 0.1549380305,
        "operatingIncome": 68772000,
        "operatingIncomeRatio": 0.1399135763,
        "totalOtherIncomeExpensesNet": 7684000,
        "incomeBeforeTax": 76456000,
        "incomeBeforeTaxRatio": 0.1555463327,
        "incomeTaxExpense": 18710000,
        "netIncome": 57746000,
        "netIncomeRatio": 0.1174816696,
        "eps": 0.99,
        "epsdiluted": 1,
        "weightedAverageShsOut": 57746000,
        "weightedAverageShsOutDil": 57746000,
        "link": "https://www.sec.gov/Archives/edgar/data/90896/000095017023024856/0000950170-23-024856-index.htm",
        "finalLink": "https://www.sec.gov/Archives/edgar/data/90896/000095017023024856/sky-20230401.htm"
    },
    {
        "date": "2022-12-31",
        "symbol": "SKY",
        "reportedCurrency": "USD",
        "cik": "0000090896",
        "fillingDate": "2023-02-07",
        "acceptedDate": "2023-02-07 16:17:20",
        "calendarYear": "2022",
        "period": "Q3",
        "revenue": 582322000,
        "costOfRevenue": 408233000,
        "grossProfit": 174089000,
        "grossProfitRatio": 0.298956591,
        "researchAndDevelopmentExpenses": 0,
        "generalAndAdministrativeExpenses": 0,
        "sellingAndMarketingExpenses": 0,
        "sellingGeneralAndAdministrativeExpenses": 71820000,
        "otherExpenses": 0,
        "operatingExpenses": 71820000,
        "costAndExpenses": 480053000,
        "interestIncome": 6407000,
        "interestExpense": 998000,
        "depreciationAndAmortization": 6784000,
        "ebitda": 109053000,
        "ebitdaratio": 0.1872726773,
        "operatingIncome": 102269000,
        "operatingIncomeRatio": 0.1756227654,
        "totalOtherIncomeExpensesNet": 5409000,
        "incomeBeforeTax": 107678000,
        "incomeBeforeTaxRatio": 0.1849114407,
        "incomeTaxExpense": 24865000,
        "netIncome": 82813000,
        "netIncomeRatio": 0.1422116973,
        "eps": 1.45,
        "epsdiluted": 1.44,
        "weightedAverageShsOut": 56971000,
        "weightedAverageShsOutDil": 57377000,
        "link": "https://www.sec.gov/Archives/edgar/data/90896/000095017023001991/0000950170-23-001991-index.htm",
        "finalLink": "https://www.sec.gov/Archives/edgar/data/90896/000095017023001991/sky-20221231.htm"
    },
    {
        "date": "2022-10-01",
        "symbol": "SKY",
        "reportedCurrency": "USD",
        "cik": "0000090896",
        "fillingDate": "2022-11-02",
        "acceptedDate": "2022-11-02 16:15:21",
        "calendarYear": "2022",
        "period": "Q2",
        "revenue": 806825000,
        "costOfRevenue": 532719000,
        "grossProfit": 274106000,
        "grossProfitRatio": 0.3397341431,
        "researchAndDevelopmentExpenses": 0,
        "generalAndAdministrativeExpenses": 0,
        "sellingAndMarketingExpenses": 0,
        "sellingGeneralAndAdministrativeExpenses": 83915000,
        "otherExpenses": 0,
        "operatingExpenses": 83915000,
        "costAndExpenses": 616634000,
        "interestIncome": 2966000,
        "interestExpense": 992000,
        "depreciationAndAmortization": 6941000,
        "ebitda": 197132000,
        "ebitdaratio": 0.244330555,
        "operatingIncome": 190191000,
        "operatingIncomeRatio": 0.2357276981,
        "totalOtherIncomeExpensesNet": 1974000,
        "incomeBeforeTax": 192165000,
        "incomeBeforeTaxRatio": 0.2381743253,
        "incomeTaxExpense": 48073000,
        "netIncome": 144092000,
        "netIncomeRatio": 0.1785913922,
        "eps": 2.53,
        "epsdiluted": 2.51,
        "weightedAverageShsOut": 56956000,
        "weightedAverageShsOutDil": 57406000,
        "link": "https://www.sec.gov/Archives/edgar/data/90896/000095017022021249/0000950170-22-021249-index.htm",
        "finalLink": "https://www.sec.gov/Archives/edgar/data/90896/000095017022021249/sky-20221001.htm"
    },
    {
        "date": "2022-07-02",
        "symbol": "SKY",
        "reportedCurrency": "USD",
        "cik": "0000090896",
        "fillingDate": "2022-08-03",
        "acceptedDate": "2022-08-03 16:22:14",
        "calendarYear": "2022",
        "period": "Q1",
        "revenue": 725881000,
        "costOfRevenue": 498492000,
        "grossProfit": 227389000,
        "grossProfitRatio": 0.3132593359,
        "researchAndDevelopmentExpenses": 0,
        "generalAndAdministrativeExpenses": 0,
        "sellingAndMarketingExpenses": 0,
        "sellingGeneralAndAdministrativeExpenses": 70336000,
        "otherExpenses": 634000,
        "operatingExpenses": 70336000,
        "costAndExpenses": 568828000,
        "interestIncome": 813000,
        "interestExpense": 903000,
        "depreciationAndAmortization": 5616000,
        "ebitda": 162669000,
        "ebitdaratio": 0.2240987159,
        "operatingIncome": 157053000,
        "operatingIncomeRatio": 0.2163619106,
        "totalOtherIncomeExpensesNet": 544000,
        "incomeBeforeTax": 157597000,
        "incomeBeforeTaxRatio": 0.2171113447,
        "incomeTaxExpense": 40446000,
        "netIncome": 117151000,
        "netIncomeRatio": 0.1613914677,
        "eps": 2.06,
        "epsdiluted": 2.04,
        "weightedAverageShsOut": 56910000,
        "weightedAverageShsOutDil": 57297000,
        "link": "https://www.sec.gov/Archives/edgar/data/90896/000095017022014279/0000950170-22-014279-index.htm",
        "finalLink": "https://www.sec.gov/Archives/edgar/data/90896/000095017022014279/sky-20220702.htm"
    },
    {
        "date": "2022-04-02",
        "symbol": "SKY",
        "reportedCurrency": "USD",
        "cik": "0000090896",
        "fillingDate": "2022-05-24",
        "acceptedDate": "2022-05-24 16:25:30",
        "calendarYear": "2021",
        "period": "Q4",
        "revenue": 638117000,
        "costOfRevenue": 447090000,
        "grossProfit": 191027000,
        "grossProfitRatio": 0.2993604621,
        "researchAndDevelopmentExpenses": 0,
        "generalAndAdministrativeExpenses": 73229000,
        "sellingAndMarketingExpenses": 1800000,
        "sellingGeneralAndAdministrativeExpenses": 75029000,
        "otherExpenses": -36000,
        "operatingExpenses": 75029000,
        "costAndExpenses": 522119000,
        "interestIncome": 233000,
        "interestExpense": 743000,
        "depreciationAndAmortization": 5403000,
        "ebitda": 121400000,
        "ebitdaratio": 0.1902472431,
        "operatingIncome": 115998000,
        "operatingIncomeRatio": 0.1817817109,
        "totalOtherIncomeExpensesNet": -510000,
        "incomeBeforeTax": 115487000,
        "incomeBeforeTaxRatio": 0.1809809173,
        "incomeTaxExpense": 28689000,
        "netIncome": 86798000,
        "netIncomeRatio": 0.1360220775,
        "eps": 1.52,
        "epsdiluted": 1.51,
        "weightedAverageShsOut": 56933718,
        "weightedAverageShsOutDil": 57482119,
        "link": "https://www.sec.gov/Archives/edgar/data/90896/000095017022010576/0000950170-22-010576-index.htm",
        "finalLink": "https://www.sec.gov/Archives/edgar/data/90896/000095017022010576/sky-20220402.htm"
    },
    {
        "date": "2022-01-01",
        "symbol": "SKY",
        "reportedCurrency": "USD",
        "cik": "0000090896",
        "fillingDate": "2022-02-03",
        "acceptedDate": "2022-02-03 16:16:20",
        "calendarYear": "2021",
        "period": "Q3",
        "revenue": 534690000,
        "costOfRevenue": 377451000,
        "grossProfit": 157239000,
        "grossProfitRatio": 0.2940750715,
        "researchAndDevelopmentExpenses": 0,
        "generalAndAdministrativeExpenses": 0,
        "sellingAndMarketingExpenses": 0,
        "sellingGeneralAndAdministrativeExpenses": 65825000,
        "otherExpenses": -7000,
        "operatingExpenses": 65825000,
        "costAndExpenses": 443276000,
        "interestIncome": 193000,
        "interestExpense": 701000,
        "depreciationAndAmortization": 5248000,
        "ebitda": 96848000,
        "ebitdaratio": 0.1811292525,
        "operatingIncome": 91414000,
        "operatingIncomeRatio": 0.1709663543,
        "totalOtherIncomeExpensesNet": -515000,
        "incomeBeforeTax": 90899000,
        "incomeBeforeTaxRatio": 0.1700031794,
        "incomeTaxExpense": 23277000,
        "netIncome": 67622000,
        "netIncomeRatio": 0.1264695431,
        "eps": 1.19,
        "epsdiluted": 1.18,
        "weightedAverageShsOut": 56825210,
        "weightedAverageShsOutDil": 57306780,
        "link": "https://www.sec.gov/Archives/edgar/data/90896/000095017022000741/0000950170-22-000741-index.htm",
        "finalLink": "https://www.sec.gov/Archives/edgar/data/90896/000095017022000741/sky-20220101.htm"
    },
    {
        "date": "2021-10-02",
        "symbol": "SKY",
        "reportedCurrency": "USD",
        "cik": "0000090896",
        "fillingDate": "2021-11-03",
        "acceptedDate": "2021-11-03 16:14:32",
        "calendarYear": "2021",
        "period": "Q2",
        "revenue": 524225000,
        "costOfRevenue": 394898000,
        "grossProfit": 129327000,
        "grossProfitRatio": 0.246701321,
        "researchAndDevelopmentExpenses": 0,
        "generalAndAdministrativeExpenses": 0,
        "sellingAndMarketingExpenses": 0,
        "sellingGeneralAndAdministrativeExpenses": 61340000,
        "otherExpenses": -11000,
        "operatingExpenses": 61340000,
        "costAndExpenses": 456238000,
        "interestIncome": 148000,
        "interestExpense": 993000,
        "depreciationAndAmortization": 5164000,
        "ebitda": 73288000,
        "ebitdaratio": 0.1398025657,
        "operatingIncome": 67987000,
        "operatingIncomeRatio": 0.1296904955,
        "totalOtherIncomeExpensesNet": -856000,
        "incomeBeforeTax": 67131000,
        "incomeBeforeTaxRatio": 0.1280576089,
        "incomeTaxExpense": 16408000,
        "netIncome": 50723000,
        "netIncomeRatio": 0.0967580714,
        "eps": 0.89,
        "epsdiluted": 0.89,
        "weightedAverageShsOut": 56808000,
        "weightedAverageShsOutDil": 57208000,
        "link": "https://www.sec.gov/Archives/edgar/data/90896/000095017021002826/0000950170-21-002826-index.htm",
        "finalLink": "https://www.sec.gov/Archives/edgar/data/90896/000095017021002826/sky-20211002.htm"
    },
    {
        "date": "2021-07-03",
        "symbol": "SKY",
        "reportedCurrency": "USD",
        "cik": "0000090896",
        "fillingDate": "2021-08-04",
        "acceptedDate": "2021-08-04 16:17:17",
        "calendarYear": "2021",
        "period": "Q1",
        "revenue": 510197000,
        "costOfRevenue": 398667000,
        "grossProfit": 111530000,
        "grossProfitRatio": 0.2186018342,
        "researchAndDevelopmentExpenses": 0,
        "generalAndAdministrativeExpenses": 0,
        "sellingAndMarketingExpenses": 0,
        "sellingGeneralAndAdministrativeExpenses": 54023000,
        "otherExpenses": 54000,
        "operatingExpenses": 54023000,
        "costAndExpenses": 452690000,
        "interestIncome": 159000,
        "interestExpense": 808000,
        "depreciationAndAmortization": 5145000,
        "ebitda": 62652000,
        "ebitdaratio": 0.1227996245,
        "operatingIncome": 57507000,
        "operatingIncomeRatio": 0.1127152845,
        "totalOtherIncomeExpensesNet": -595000,
        "incomeBeforeTax": 56912000,
        "incomeBeforeTaxRatio": 0.1115490683,
        "incomeTaxExpense": 14011000,
        "netIncome": 42901000,
        "netIncomeRatio": 0.0840871271,
        "eps": 0.76,
        "epsdiluted": 0.75,
        "weightedAverageShsOut": 56706000,
        "weightedAverageShsOutDil": 57203000,
        "link": "https://www.sec.gov/Archives/edgar/data/90896/000095017021000789/0000950170-21-000789-index.htm",
        "finalLink": "https://www.sec.gov/Archives/edgar/data/90896/000095017021000789/sky-20210703.htm"
    },
    {
        "date": "2021-04-03",
        "symbol": "SKY",
        "reportedCurrency": "USD",
        "cik": "0000090896",
        "fillingDate": "2021-05-26",
        "acceptedDate": "2021-05-26 16:01:52",
        "calendarYear": "2020",
        "period": "Q4",
        "revenue": 447649000,
        "costOfRevenue": 348534000,
        "grossProfit": 99115000,
        "grossProfitRatio": 0.2214123119,
        "researchAndDevelopmentExpenses": 0,
        "generalAndAdministrativeExpenses": 50770000,
        "sellingAndMarketingExpenses": 1700000,
        "sellingGeneralAndAdministrativeExpenses": 52470000,
        "otherExpenses": 0,
        "operatingExpenses": 52470000,
        "costAndExpenses": 401004000,
        "interestIncome": 159000,
        "interestExpense": 806000,
        "depreciationAndAmortization": 4628000,
        "ebitda": 51273000,
        "ebitdaratio": 0.1145383995,
        "operatingIncome": 46645000,
        "operatingIncomeRatio": 0.1041999424,
        "totalOtherIncomeExpensesNet": -1751000,
        "incomeBeforeTax": 44894000,
        "incomeBeforeTaxRatio": 0.1002883956,
        "incomeTaxExpense": 11008000,
        "netIncome": 33886000,
        "netIncomeRatio": 0.0756977007,
        "eps": 0.6,
        "epsdiluted": 0.59,
        "weightedAverageShsOut": 56703000,
        "weightedAverageShsOutDil": 56967000,
        "link": "https://www.sec.gov/Archives/edgar/data/90896/000156459021030013/0001564590-21-030013-index.htm",
        "finalLink": "https://www.sec.gov/Archives/edgar/data/90896/000156459021030013/sky-10k_20210403.htm"
    },
    {
        "date": "2020-12-26",
        "symbol": "SKY",
        "reportedCurrency": "USD",
        "cik": "0000090896",
        "fillingDate": "2021-02-02",
        "acceptedDate": "2021-02-02 16:21:05",
        "calendarYear": "2020",
        "period": "Q3",
        "revenue": 377581000,
        "costOfRevenue": 305797000,
        "grossProfit": 71784000,
        "grossProfitRatio": 0.1901154984,
        "researchAndDevelopmentExpenses": 0,
        "generalAndAdministrativeExpenses": 0,
        "sellingAndMarketingExpenses": 0,
        "sellingGeneralAndAdministrativeExpenses": 44286000,
        "otherExpenses": 180000,
        "operatingExpenses": 44286000,
        "costAndExpenses": 350083000,
        "interestIncome": 151000,
        "interestExpense": 946000,
        "depreciationAndAmortization": 4386000,
        "ebitda": 32215000,
        "ebitdaratio": 0.0853194414,
        "operatingIncome": 27498000,
        "operatingIncomeRatio": 0.0728267577,
        "totalOtherIncomeExpensesNet": -615000,
        "incomeBeforeTax": 26883000,
        "incomeBeforeTaxRatio": 0.0711979681,
        "incomeTaxExpense": 5284000,
        "netIncome": 21599000,
        "netIncomeRatio": 0.0572036199,
        "eps": 0.38,
        "epsdiluted": 0.38,
        "weightedAverageShsOut": 56702000,
        "weightedAverageShsOutDil": 56990000,
        "link": "https://www.sec.gov/Archives/edgar/data/90896/000156459021003853/0001564590-21-003853-index.htm",
        "finalLink": "https://www.sec.gov/Archives/edgar/data/90896/000156459021003853/sky-10q_20201226.htm"
    },
    {
        "date": "2020-09-26",
        "symbol": "SKY",
        "reportedCurrency": "USD",
        "cik": "0000090896",
        "fillingDate": "2020-10-28",
        "acceptedDate": "2020-10-28 16:08:21",
        "calendarYear": "2020",
        "period": "Q2",
        "revenue": 322366000,
        "costOfRevenue": 259573000,
        "grossProfit": 62793000,
        "grossProfitRatio": 0.1947879119,
        "researchAndDevelopmentExpenses": 0,
        "generalAndAdministrativeExpenses": 0,
        "sellingAndMarketingExpenses": 0,
        "sellingGeneralAndAdministrativeExpenses": 41373000,
        "otherExpenses": 0,
        "operatingExpenses": 41373000,
        "costAndExpenses": 300946000,
        "interestIncome": 110000,
        "interestExpense": 974000,
        "depreciationAndAmortization": 4408000,
        "ebitda": 28537000,
        "ebitdaratio": 0.0885236036,
        "operatingIncome": 21420000,
        "operatingIncomeRatio": 0.0664462133,
        "totalOtherIncomeExpensesNet": 1735000,
        "incomeBeforeTax": 23155000,
        "incomeBeforeTaxRatio": 0.0718282945,
        "incomeTaxExpense": 5644000,
        "netIncome": 17511000,
        "netIncomeRatio": 0.0543202447,
        "eps": 0.31,
        "epsdiluted": 0.31,
        "weightedAverageShsOut": 56654000,
        "weightedAverageShsOutDil": 56909000,
        "link": "https://www.sec.gov/Archives/edgar/data/90896/000156459020048330/0001564590-20-048330-index.htm",
        "finalLink": "https://www.sec.gov/Archives/edgar/data/90896/000156459020048330/sky-10q_20200926.htm"
    },
    {
        "date": "2020-06-27",
        "symbol": "SKY",
        "reportedCurrency": "USD",
        "cik": "0000090896",
        "fillingDate": "2020-07-30",
        "acceptedDate": "2020-07-30 18:44:30",
        "calendarYear": "2020",
        "period": "Q1",
        "revenue": 273285000,
        "costOfRevenue": 219282000,
        "grossProfit": 54003000,
        "grossProfitRatio": 0.1976068939,
        "researchAndDevelopmentExpenses": 0,
        "generalAndAdministrativeExpenses": 0,
        "sellingAndMarketingExpenses": 0,
        "sellingGeneralAndAdministrativeExpenses": 40807000,
        "otherExpenses": 0,
        "operatingExpenses": 40807000,
        "costAndExpenses": 260089000,
        "interestIncome": 145000,
        "interestExpense": 1087000,
        "depreciationAndAmortization": 4282000,
        "ebitda": 21837000,
        "ebitdaratio": 0.0799055931,
        "operatingIncome": 13196000,
        "operatingIncomeRatio": 0.0482865873,
        "totalOtherIncomeExpensesNet": 3272000,
        "incomeBeforeTax": 16468000,
        "incomeBeforeTaxRatio": 0.0602594361,
        "incomeTaxExpense": 4565000,
        "netIncome": 11903000,
        "netIncomeRatio": 0.0435552628,
        "eps": 0.21,
        "epsdiluted": 0.21,
        "weightedAverageShsOut": 56532000,
        "weightedAverageShsOutDil": 56761000,
        "link": "https://www.sec.gov/Archives/edgar/data/90896/000156459020034769/0001564590-20-034769-index.htm",
        "finalLink": "https://www.sec.gov/Archives/edgar/data/90896/000156459020034769/sky-10q_20200627.htm"
    },
    {
        "date": "2020-03-28",
        "symbol": "SKY",
        "reportedCurrency": "USD",
        "cik": "0000090896",
        "fillingDate": "2020-05-21",
        "acceptedDate": "2020-05-21 16:44:31",
        "calendarYear": "2019",
        "period": "Q4",
        "revenue": 301145000,
        "costOfRevenue": 241161000,
        "grossProfit": 59984000,
        "grossProfitRatio": 0.1991864384,
        "researchAndDevelopmentExpenses": 0,
        "generalAndAdministrativeExpenses": 41501000,
        "sellingAndMarketingExpenses": 5665000,
        "sellingGeneralAndAdministrativeExpenses": 47166000,
        "otherExpenses": 0,
        "operatingExpenses": 47166000,
        "costAndExpenses": 288327000,
        "interestIncome": 673000,
        "interestExpense": 1055000,
        "depreciationAndAmortization": 4651000,
        "ebitda": 20121000,
        "ebitdaratio": 0.0668149895,
        "operatingIncome": 12818000,
        "operatingIncomeRatio": 0.0425642133,
        "totalOtherIncomeExpensesNet": -382000,
        "incomeBeforeTax": 12436000,
        "incomeBeforeTaxRatio": 0.0412957213,
        "incomeTaxExpense": 6438000,
        "netIncome": 5998000,
        "netIncomeRatio": 0.0199173156,
        "eps": 0.11,
        "epsdiluted": 0.11,
        "weightedAverageShsOut": 54527273,
        "weightedAverageShsOutDil": 54527273,
        "link": "https://www.sec.gov/Archives/edgar/data/90896/000156459020026572/0001564590-20-026572-index.htm",
        "finalLink": "https://www.sec.gov/Archives/edgar/data/90896/000156459020026572/sky-10k_20200328.htm"
    },
    {
        "date": "2019-12-28",
        "symbol": "SKY",
        "reportedCurrency": "USD",
        "cik": "0000090896",
        "fillingDate": "2020-01-29",
        "acceptedDate": "2020-01-29 16:48:23",
        "calendarYear": "2019",
        "period": "Q3",
        "revenue": 342239000,
        "costOfRevenue": 273338000,
        "grossProfit": 68901000,
        "grossProfitRatio": 0.2013242208,
        "researchAndDevelopmentExpenses": 0,
        "generalAndAdministrativeExpenses": 45237000,
        "sellingAndMarketingExpenses": 0,
        "sellingGeneralAndAdministrativeExpenses": 45237000,
        "otherExpenses": 0,
        "operatingExpenses": 45237000,
        "costAndExpenses": 318575000,
        "interestIncome": 783000,
        "interestExpense": 1111000,
        "depreciationAndAmortization": 4516000,
        "ebitda": 28740000,
        "ebitdaratio": 0.0839764025,
        "operatingIncome": 23664000,
        "operatingIncomeRatio": 0.0691446621,
        "totalOtherIncomeExpensesNet": -328000,
        "incomeBeforeTax": 23336000,
        "incomeBeforeTaxRatio": 0.0681862675,
        "incomeTaxExpense": 6299000,
        "netIncome": 17037000,
        "netIncomeRatio": 0.049781001,
        "eps": 0.3,
        "epsdiluted": 0.3,
        "weightedAverageShsOut": 56521000,
        "weightedAverageShsOutDil": 56788000,
        "link": "https://www.sec.gov/Archives/edgar/data/90896/000156459020002475/0001564590-20-002475-index.htm",
        "finalLink": "https://www.sec.gov/Archives/edgar/data/90896/000156459020002475/sky-10q_20191228.htm"
    },
    {
        "date": "2019-09-28",
        "symbol": "SKY",
        "reportedCurrency": "USD",
        "cik": "0000090896",
        "fillingDate": "2019-10-31",
        "acceptedDate": "2019-10-31 16:13:28",
        "calendarYear": "2019",
        "period": "Q2",
        "revenue": 354458000,
        "costOfRevenue": 280403000,
        "grossProfit": 74055000,
        "grossProfitRatio": 0.2089246117,
        "researchAndDevelopmentExpenses": 0,
        "generalAndAdministrativeExpenses": 48402000,
        "sellingAndMarketingExpenses": 0,
        "sellingGeneralAndAdministrativeExpenses": 48402000,
        "otherExpenses": 0,
        "operatingExpenses": 48402000,
        "costAndExpenses": 328805000,
        "interestIncome": 813000,
        "interestExpense": 1195000,
        "depreciationAndAmortization": 4907000,
        "ebitda": 30900000,
        "ebitdaratio": 0.0871753494,
        "operatingIncome": 25653000,
        "operatingIncomeRatio": 0.0723724673,
        "totalOtherIncomeExpensesNet": -382000,
        "incomeBeforeTax": 25271000,
        "incomeBeforeTaxRatio": 0.0712947655,
        "incomeTaxExpense": 7526000,
        "netIncome": 17745000,
        "netIncomeRatio": 0.0500623487,
        "eps": 0.31,
        "epsdiluted": 0.31,
        "weightedAverageShsOut": 56481000,
        "weightedAverageShsOutDil": 56724000,
        "link": "https://www.sec.gov/Archives/edgar/data/90896/000156459019039143/0001564590-19-039143-index.htm",
        "finalLink": "https://www.sec.gov/Archives/edgar/data/90896/000156459019039143/sky-10q_20190928.htm"
    },
    {
        "date": "2019-06-29",
        "symbol": "SKY",
        "reportedCurrency": "USD",
        "cik": "0000090896",
        "fillingDate": "2019-08-01",
        "acceptedDate": "2019-08-01 16:24:08",
        "calendarYear": "2019",
        "period": "Q1",
        "revenue": 371888000,
        "costOfRevenue": 295853000,
        "grossProfit": 76035000,
        "grossProfitRatio": 0.2044567182,
        "researchAndDevelopmentExpenses": 0,
        "generalAndAdministrativeExpenses": 51715000,
        "sellingAndMarketingExpenses": 0,
        "sellingGeneralAndAdministrativeExpenses": 51715000,
        "otherExpenses": 0,
        "operatingExpenses": 51715000,
        "costAndExpenses": 347568000,
        "interestIncome": 962000,
        "interestExpense": 1271000,
        "depreciationAndAmortization": 4472000,
        "ebitda": 30816000,
        "ebitdaratio": 0.0828636579,
        "operatingIncome": 24320000,
        "operatingIncomeRatio": 0.0653960332,
        "totalOtherIncomeExpensesNet": -309000,
        "incomeBeforeTax": 24011000,
        "incomeBeforeTaxRatio": 0.0645651379,
        "incomeTaxExpense": 6631000,
        "netIncome": 17380000,
        "netIncomeRatio": 0.0467345007,
        "eps": 0.31,
        "epsdiluted": 0.31,
        "weightedAverageShsOut": 56368000,
        "weightedAverageShsOutDil": 56635000,
        "link": "https://www.sec.gov/Archives/edgar/data/90896/000156459019027980/0001564590-19-027980-index.htm",
        "finalLink": "https://www.sec.gov/Archives/edgar/data/90896/000156459019027980/sky-10q_20190629.htm"
    },
    {
        "date": "2019-03-30",
        "symbol": "SKY",
        "reportedCurrency": "USD",
        "cik": "0000090896",
        "fillingDate": "2019-05-23",
        "acceptedDate": "2019-05-23 16:02:37",
        "calendarYear": "2018",
        "period": "Q4",
        "revenue": 327675000,
        "costOfRevenue": 261212000,
        "grossProfit": 66463000,
        "grossProfitRatio": 0.2028320745,
        "researchAndDevelopmentExpenses": 0,
        "generalAndAdministrativeExpenses": 48153000,
        "sellingAndMarketingExpenses": 4943000,
        "sellingGeneralAndAdministrativeExpenses": 53096000,
        "otherExpenses": -426000,
        "operatingExpenses": 53096000,
        "costAndExpenses": 314308000,
        "interestIncome": 748000,
        "interestExpense": 1326000,
        "depreciationAndAmortization": 4544000,
        "ebitda": 20778000,
        "ebitdaratio": 0.0634103914,
        "operatingIncome": -13367000,
        "operatingIncomeRatio": -0.0407934691,
        "totalOtherIncomeExpensesNet": -1004000,
        "incomeBeforeTax": 12363000,
        "incomeBeforeTaxRatio": 0.0377294575,
        "incomeTaxExpense": 3206000,
        "netIncome": 9157000,
        "netIncomeRatio": 0.0279453727,
        "eps": 0.26,
        "epsdiluted": 0.26,
        "weightedAverageShsOut": 56251000,
        "weightedAverageShsOutDil": 56434000,
        "link": "https://www.sec.gov/Archives/edgar/data/90896/000156459019020324/0001564590-19-020324-index.htm",
        "finalLink": "https://www.sec.gov/Archives/edgar/data/90896/000156459019020324/sky-10k_20190330.htm"
    },
    {
        "date": "2018-12-29",
        "symbol": "SKY",
        "reportedCurrency": "USD",
        "cik": "0000090896",
        "fillingDate": "2019-02-06",
        "acceptedDate": "2019-02-06 17:23:07",
        "calendarYear": "2018",
        "period": "Q3",
        "revenue": 354671000,
        "costOfRevenue": 289935000,
        "grossProfit": 64736000,
        "grossProfitRatio": 0.1825240857,
        "researchAndDevelopmentExpenses": 0,
        "generalAndAdministrativeExpenses": 48848000,
        "sellingAndMarketingExpenses": 0,
        "sellingGeneralAndAdministrativeExpenses": 48848000,
        "otherExpenses": -125000,
        "operatingExpenses": 48848000,
        "costAndExpenses": 338783000,
        "interestIncome": 495000,
        "interestExpense": 1308000,
        "depreciationAndAmortization": 4577000,
        "ebitda": 22715000,
        "ebitdaratio": 0.0640452701,
        "operatingIncome": 15888000,
        "operatingIncomeRatio": 0.0447964452,
        "totalOtherIncomeExpensesNet": -938000,
        "incomeBeforeTax": 14950000,
        "incomeBeforeTaxRatio": 0.0421517406,
        "incomeTaxExpense": 4437000,
        "netIncome": 10513000,
        "netIncomeRatio": 0.0296415551,
        "eps": 0.19,
        "epsdiluted": 0.19,
        "weightedAverageShsOut": 56249000,
        "weightedAverageShsOutDil": 56249000,
        "link": "https://www.sec.gov/Archives/edgar/data/90896/000156459019002170/0001564590-19-002170-index.htm",
        "finalLink": "https://www.sec.gov/Archives/edgar/data/90896/000156459019002170/sky-10q_20181229.htm"
    },
    {
        "date": "2018-09-29",
        "symbol": "SKY",
        "reportedCurrency": "USD",
        "cik": "0000090896",
        "fillingDate": "2018-11-08",
        "acceptedDate": "2018-11-08 14:07:23",
        "calendarYear": "2018",
        "period": "Q2",
        "revenue": 355436000,
        "costOfRevenue": 296436000,
        "grossProfit": 59000000,
        "grossProfitRatio": 0.1659933153,
        "researchAndDevelopmentExpenses": 0,
        "generalAndAdministrativeExpenses": 129376000,
        "sellingAndMarketingExpenses": -1307000,
        "sellingGeneralAndAdministrativeExpenses": 128069000,
        "otherExpenses": 0,
        "operatingExpenses": 128069000,
        "costAndExpenses": 424505000,
        "interestIncome": 370000,
        "interestExpense": 1197000,
        "depreciationAndAmortization": 4047000,
        "ebitda": -66006000,
        "ebitdaratio": -0.1857043181,
        "operatingIncome": -69069000,
        "operatingIncomeRatio": -0.1943219032,
        "totalOtherIncomeExpensesNet": -2134000,
        "incomeBeforeTax": -71203000,
        "incomeBeforeTaxRatio": -0.200325797,
        "incomeTaxExpense": 5822000,
        "netIncome": -77025000,
        "netIncomeRatio": -0.2167056798,
        "eps": -1.42,
        "epsdiluted": -1.42,
        "weightedAverageShsOut": 54105000,
        "weightedAverageShsOutDil": 54105000,
        "link": "https://www.sec.gov/Archives/edgar/data/90896/000156459018028430/0001564590-18-028430-index.htm",
        "finalLink": "https://www.sec.gov/Archives/edgar/data/90896/000156459018028430/sky-10q_20180929.htm"
    },
    {
        "date": "2018-06-30",
        "symbol": "SKY",
        "reportedCurrency": "USD",
        "cik": "0000090896",
        "fillingDate": "2018-08-09",
        "acceptedDate": "2018-08-09 16:07:06",
        "calendarYear": "2018",
        "period": "Q1",
        "revenue": 322261000,
        "costOfRevenue": 267101000,
        "grossProfit": 55160000,
        "grossProfitRatio": 0.171165608,
        "researchAndDevelopmentExpenses": 0,
        "generalAndAdministrativeExpenses": 0,
        "sellingAndMarketingExpenses": 0,
        "sellingGeneralAndAdministrativeExpenses": 45088000,
        "otherExpenses": 0,
        "operatingExpenses": 45088000,
        "costAndExpenses": 312189000,
        "interestIncome": 0,
        "interestExpense": 1072000,
        "depreciationAndAmortization": 2911000,
        "ebitda": 18983000,
        "ebitdaratio": 0.0589056696,
        "operatingIncome": 10072000,
        "operatingIncomeRatio": 0.0312541698,
        "totalOtherIncomeExpensesNet": -7485000,
        "incomeBeforeTax": 2587000,
        "incomeBeforeTaxRatio": 0.0080276546,
        "incomeTaxExpense": 3440000,
        "netIncome": -853000,
        "netIncomeRatio": -0.0026469228,
        "eps": -0.018,
        "epsdiluted": -0.018,
        "weightedAverageShsOut": 47462000,
        "weightedAverageShsOutDil": 47462000,
        "link": "https://www.sec.gov/Archives/edgar/data/90896/000119312518244308/0001193125-18-244308-index.htm",
        "finalLink": "https://www.sec.gov/Archives/edgar/data/90896/000119312518244308/d367923d10q.htm"
    },
    {
        "date": "2018-03-04",
        "symbol": "SKY",
        "reportedCurrency": "USD",
        "cik": "0000090896",
        "fillingDate": "2018-04-12",
        "acceptedDate": "2018-04-12 16:58:51",
        "calendarYear": "2017",
        "period": "Q4",
        "revenue": 57978000,
        "costOfRevenue": 49832000,
        "grossProfit": 8146000,
        "grossProfitRatio": 0.1405015696,
        "researchAndDevelopmentExpenses": 0,
        "generalAndAdministrativeExpenses": 103400000,
        "sellingAndMarketingExpenses": -96487000,
        "sellingGeneralAndAdministrativeExpenses": 6913000,
        "otherExpenses": 0,
        "operatingExpenses": 6913000,
        "costAndExpenses": 56745000,
        "interestIncome": 0,
        "interestExpense": 15000,
        "depreciationAndAmortization": 141000,
        "ebitda": 1374000,
        "ebitdaratio": 0.0236986443,
        "operatingIncome": 1233000,
        "operatingIncomeRatio": 0.0212666874,
        "totalOtherIncomeExpensesNet": -15000,
        "incomeBeforeTax": 1218000,
        "incomeBeforeTaxRatio": 0.0210079685,
        "incomeTaxExpense": 0,
        "netIncome": 1218000,
        "netIncomeRatio": 0.0210079685,
        "eps": 0.15,
        "epsdiluted": 0.14,
        "weightedAverageShsOut": 8391244,
        "weightedAverageShsOutDil": 8627332,
        "link": "https://www.sec.gov/Archives/edgar/data/90896/000119312518115639/0001193125-18-115639-index.htm",
        "finalLink": "https://www.sec.gov/Archives/edgar/data/90896/000119312518115639/d554575d10q.htm"
    },
    {
        "date": "2017-12-03",
        "symbol": "SKY",
        "reportedCurrency": "USD",
        "cik": "0000090896",
        "fillingDate": "2018-01-11",
        "acceptedDate": "2018-01-11 16:56:51",
        "calendarYear": "2017",
        "period": "Q3",
        "revenue": 57765000,
        "costOfRevenue": 49394000,
        "grossProfit": 8371000,
        "grossProfitRatio": 0.1449147408,
        "researchAndDevelopmentExpenses": 0,
        "generalAndAdministrativeExpenses": 0,
        "sellingAndMarketingExpenses": 6132000,
        "sellingGeneralAndAdministrativeExpenses": 6132000,
        "otherExpenses": 0,
        "operatingExpenses": 6132000,
        "costAndExpenses": 55526000,
        "interestIncome": 0,
        "interestExpense": 37000,
        "depreciationAndAmortization": 210000,
        "ebitda": 2449000,
        "ebitdaratio": 0.0423959145,
        "operatingIncome": 3001000,
        "operatingIncomeRatio": 0.051951874,
        "totalOtherIncomeExpensesNet": -37000,
        "incomeBeforeTax": 2964000,
        "incomeBeforeTaxRatio": 0.0513113477,
        "incomeTaxExpense": 0,
        "netIncome": 2964000,
        "netIncomeRatio": 0.0513113477,
        "eps": 0.35,
        "epsdiluted": 0.35,
        "weightedAverageShsOut": 8391244,
        "weightedAverageShsOutDil": 8562899,
        "link": "https://www.sec.gov/Archives/edgar/data/90896/000119312518009075/0001193125-18-009075-index.htm",
        "finalLink": "https://www.sec.gov/Archives/edgar/data/90896/000119312518009075/d507728d10q.htm"
    },
    {
        "date": "2017-09-03",
        "symbol": "SKY",
        "reportedCurrency": "USD",
        "cik": "0000090896",
        "fillingDate": "2017-10-06",
        "acceptedDate": "2017-10-06 16:59:43",
        "calendarYear": "2017",
        "period": "Q2",
        "revenue": 58462000,
        "costOfRevenue": 50536000,
        "grossProfit": 7926000,
        "grossProfitRatio": 0.1355752455,
        "researchAndDevelopmentExpenses": 0,
        "generalAndAdministrativeExpenses": 0,
        "sellingAndMarketingExpenses": 6112000,
        "sellingGeneralAndAdministrativeExpenses": 6112000,
        "otherExpenses": 0,
        "operatingExpenses": 6112000,
        "costAndExpenses": 56648000,
        "interestIncome": 0,
        "interestExpense": 147000,
        "depreciationAndAmortization": 207000,
        "ebitda": 2021000,
        "ebitdaratio": 0.0345694639,
        "operatingIncome": 1754000,
        "operatingIncomeRatio": 0.0300023947,
        "totalOtherIncomeExpensesNet": -147000,
        "incomeBeforeTax": 1607000,
        "incomeBeforeTaxRatio": 0.0274879409,
        "incomeTaxExpense": 0,
        "netIncome": 1607000,
        "netIncomeRatio": 0.0274879409,
        "eps": 0.19,
        "epsdiluted": 0.19,
        "weightedAverageShsOut": 8391244,
        "weightedAverageShsOutDil": 8483935,
        "link": "https://www.sec.gov/Archives/edgar/data/90896/000119312517305994/0001193125-17-305994-index.htm",
        "finalLink": "https://www.sec.gov/Archives/edgar/data/90896/000119312517305994/d455900d10q.htm"
    },
    {
        "date": "2017-05-31",
        "symbol": "SKY",
        "reportedCurrency": "USD",
        "cik": "0000090896",
        "fillingDate": "2017-08-11",
        "acceptedDate": "2017-08-11 16:55:03",
        "calendarYear": "2017",
        "period": "Q1",
        "revenue": 59462000,
        "costOfRevenue": 52514000,
        "grossProfit": 6948000,
        "grossProfitRatio": 0.1168477347,
        "researchAndDevelopmentExpenses": 0,
        "generalAndAdministrativeExpenses": 0,
        "sellingAndMarketingExpenses": 0,
        "sellingGeneralAndAdministrativeExpenses": 5838000,
        "otherExpenses": 0,
        "operatingExpenses": 5838000,
        "costAndExpenses": 58352000,
        "interestIncome": 0,
        "interestExpense": 87000,
        "depreciationAndAmortization": 247000,
        "ebitda": 2637000,
        "ebitdaratio": 0.0443476506,
        "operatingIncome": 2390000,
        "operatingIncomeRatio": 0.0401937372,
        "totalOtherIncomeExpensesNet": -87000,
        "incomeBeforeTax": 2303000,
        "incomeBeforeTaxRatio": 0.0387306179,
        "incomeTaxExpense": 0,
        "netIncome": 2303000,
        "netIncomeRatio": 0.0387306179,
        "eps": 0.27,
        "epsdiluted": 0.27,
        "weightedAverageShsOut": 8391244,
        "weightedAverageShsOutDil": 8473521,
        "link": "https://www.sec.gov/Archives/edgar/data/90896/000119312517256047/0001193125-17-256047-index.htm",
        "finalLink": "https://www.sec.gov/Archives/edgar/data/90896/000119312517256047/d393467d10k.htm"
    },
    {
        "date": "2017-02-28",
        "symbol": "SKY",
        "reportedCurrency": "USD",
        "cik": "0000090896",
        "fillingDate": "2017-04-14",
        "acceptedDate": "2017-04-14 16:56:52",
        "calendarYear": "2016",
        "period": "Q4",
        "revenue": 51640000,
        "costOfRevenue": 48421000,
        "grossProfit": 3219000,
        "grossProfitRatio": 0.0623353989,
        "researchAndDevelopmentExpenses": 0,
        "generalAndAdministrativeExpenses": 5281000,
        "sellingAndMarketingExpenses": 300000,
        "sellingGeneralAndAdministrativeExpenses": 5581000,
        "otherExpenses": 0,
        "operatingExpenses": 5581000,
        "costAndExpenses": 54002000,
        "interestIncome": 0,
        "interestExpense": 85000,
        "depreciationAndAmortization": 268000,
        "ebitda": -2094000,
        "ebitdaratio": -0.0405499613,
        "operatingIncome": -2362000,
        "operatingIncomeRatio": -0.0457397366,
        "totalOtherIncomeExpensesNet": -85000,
        "incomeBeforeTax": -2447000,
        "incomeBeforeTaxRatio": -0.0473857475,
        "incomeTaxExpense": 0,
        "netIncome": -2447000,
        "netIncomeRatio": -0.0473857475,
        "eps": -0.29,
        "epsdiluted": -0.29,
        "weightedAverageShsOut": 8391244,
        "weightedAverageShsOutDil": 8391244,
        "link": "https://www.sec.gov/Archives/edgar/data/90896/000119312517124764/0001193125-17-124764-index.htm",
        "finalLink": "https://www.sec.gov/Archives/edgar/data/90896/000119312517124764/d361528d10q.htm"
    },
    {
        "date": "2016-11-30",
        "symbol": "SKY",
        "reportedCurrency": "USD",
        "cik": "0000090896",
        "fillingDate": "2017-01-12",
        "acceptedDate": "2017-01-12 16:59:50",
        "calendarYear": "2016",
        "period": "Q3",
        "revenue": 64226000,
        "costOfRevenue": 58996000,
        "grossProfit": 5230000,
        "grossProfitRatio": 0.0814311961,
        "researchAndDevelopmentExpenses": 0,
        "generalAndAdministrativeExpenses": 0,
        "sellingAndMarketingExpenses": 0,
        "sellingGeneralAndAdministrativeExpenses": 5739000,
        "otherExpenses": 0,
        "operatingExpenses": 5739000,
        "costAndExpenses": 64735000,
        "interestIncome": 0,
        "interestExpense": 86000,
        "depreciationAndAmortization": 260000,
        "ebitda": -249000,
        "ebitdaratio": -0.0038769346,
        "operatingIncome": -509000,
        "operatingIncomeRatio": -0.0079251394,
        "totalOtherIncomeExpensesNet": -86000,
        "incomeBeforeTax": -595000,
        "incomeBeforeTaxRatio": -0.0092641609,
        "incomeTaxExpense": 0,
        "netIncome": -595000,
        "netIncomeRatio": -0.0092641609,
        "eps": -0.0709,
        "epsdiluted": -0.0709,
        "weightedAverageShsOut": 8391244,
        "weightedAverageShsOutDil": 8391244,
        "link": "https://www.sec.gov/Archives/edgar/data/90896/000119312517008891/0001193125-17-008891-index.htm",
        "finalLink": "https://www.sec.gov/Archives/edgar/data/90896/000119312517008891/d314208d10q.htm"
    },
    {
        "date": "2016-08-31",
        "symbol": "SKY",
        "reportedCurrency": "USD",
        "cik": "0000090896",
        "fillingDate": "2016-10-13",
        "acceptedDate": "2016-10-13 16:59:51",
        "calendarYear": "2016",
        "period": "Q2",
        "revenue": 61176000,
        "costOfRevenue": 54596000,
        "grossProfit": 6580000,
        "grossProfitRatio": 0.1075585197,
        "researchAndDevelopmentExpenses": 0,
        "generalAndAdministrativeExpenses": 0,
        "sellingAndMarketingExpenses": 0,
        "sellingGeneralAndAdministrativeExpenses": 5750000,
        "otherExpenses": 0,
        "operatingExpenses": 5750000,
        "costAndExpenses": 60346000,
        "interestIncome": 0,
        "interestExpense": 86000,
        "depreciationAndAmortization": 251000,
        "ebitda": 1081000,
        "ebitdaratio": 0.0176703282,
        "operatingIncome": 830000,
        "operatingIncomeRatio": 0.0135674121,
        "totalOtherIncomeExpensesNet": -86000,
        "incomeBeforeTax": 744000,
        "incomeBeforeTaxRatio": 0.012161632,
        "incomeTaxExpense": 0,
        "netIncome": 744000,
        "netIncomeRatio": 0.012161632,
        "eps": 0.09,
        "epsdiluted": 0.09,
        "weightedAverageShsOut": 8391244,
        "weightedAverageShsOutDil": 8498192,
        "link": "https://www.sec.gov/Archives/edgar/data/90896/000119312516737742/0001193125-16-737742-index.htm",
        "finalLink": "https://www.sec.gov/Archives/edgar/data/90896/000119312516737742/d268622d10q.htm"
    },
    {
        "date": "2016-05-31",
        "symbol": "SKY",
        "reportedCurrency": "USD",
        "cik": "0000090896",
        "fillingDate": "2016-08-05",
        "acceptedDate": "2016-08-05 16:56:56",
        "calendarYear": "2016",
        "period": "Q1",
        "revenue": 56651000,
        "costOfRevenue": 50018000,
        "grossProfit": 6633000,
        "grossProfitRatio": 0.1170853118,
        "researchAndDevelopmentExpenses": 0,
        "generalAndAdministrativeExpenses": 0,
        "sellingAndMarketingExpenses": 0,
        "sellingGeneralAndAdministrativeExpenses": 5015000,
        "otherExpenses": 0,
        "operatingExpenses": 5015000,
        "costAndExpenses": 55033000,
        "interestIncome": 0,
        "interestExpense": 84000,
        "depreciationAndAmortization": 277000,
        "ebitda": 1895000,
        "ebitdaratio": 0.0334504245,
        "operatingIncome": 1618000,
        "operatingIncomeRatio": 0.0285608374,
        "totalOtherIncomeExpensesNet": -84000,
        "incomeBeforeTax": 1534000,
        "incomeBeforeTaxRatio": 0.0270780745,
        "incomeTaxExpense": 0,
        "netIncome": 1326000,
        "netIncomeRatio": 0.0234064712,
        "eps": 0.16,
        "epsdiluted": 0.16,
        "weightedAverageShsOut": 8391244,
        "weightedAverageShsOutDil": 8391244,
        "link": "https://www.sec.gov/Archives/edgar/data/90896/000119312516673582/0001193125-16-673582-index.htm",
        "finalLink": "https://www.sec.gov/Archives/edgar/data/90896/000119312516673582/d212209d10k.htm"
    },
    {
        "date": "2016-02-29",
        "symbol": "SKY",
        "reportedCurrency": "USD",
        "cik": "0000090896",
        "fillingDate": "2016-04-14",
        "acceptedDate": "2016-04-14 16:54:49",
        "calendarYear": "2015",
        "period": "Q4",
        "revenue": 47697000,
        "costOfRevenue": 42887000,
        "grossProfit": 4810000,
        "grossProfitRatio": 0.1008449169,
        "researchAndDevelopmentExpenses": 0,
        "generalAndAdministrativeExpenses": 0,
        "sellingAndMarketingExpenses": 0,
        "sellingGeneralAndAdministrativeExpenses": 5246000,
        "otherExpenses": 0,
        "operatingExpenses": 5246000,
        "costAndExpenses": 48133000,
        "interestIncome": 0,
        "interestExpense": 78000,
        "depreciationAndAmortization": 260000,
        "ebitda": -176000,
        "ebitdaratio": -0.0036899595,
        "operatingIncome": -436000,
        "operatingIncomeRatio": -0.0091410361,
        "totalOtherIncomeExpensesNet": -78000,
        "incomeBeforeTax": -514000,
        "incomeBeforeTaxRatio": -0.0107763591,
        "incomeTaxExpense": 0,
        "netIncome": -520000,
        "netIncomeRatio": -0.0109021532,
        "eps": -0.062,
        "epsdiluted": -0.062,
        "weightedAverageShsOut": 8391244,
        "weightedAverageShsOutDil": 8391244,
        "link": "https://www.sec.gov/Archives/edgar/data/90896/000119312516541560/0001193125-16-541560-index.htm",
        "finalLink": "https://www.sec.gov/Archives/edgar/data/90896/000119312516541560/d163141d10q.htm"
    },
    {
        "date": "2015-11-30",
        "symbol": "SKY",
        "reportedCurrency": "USD",
        "cik": "0000090896",
        "fillingDate": "2016-01-14",
        "acceptedDate": "2016-01-14 16:53:19",
        "calendarYear": "2015",
        "period": "Q3",
        "revenue": 58684000,
        "costOfRevenue": 51457000,
        "grossProfit": 7227000,
        "grossProfitRatio": 0.1231511144,
        "researchAndDevelopmentExpenses": 0,
        "generalAndAdministrativeExpenses": 0,
        "sellingAndMarketingExpenses": 0,
        "sellingGeneralAndAdministrativeExpenses": 5400000,
        "otherExpenses": 0,
        "operatingExpenses": 5400000,
        "costAndExpenses": 56857000,
        "interestIncome": 0,
        "interestExpense": 79000,
        "depreciationAndAmortization": 263000,
        "ebitda": 1827000,
        "ebitdaratio": 0.0311328471,
        "operatingIncome": 1827000,
        "operatingIncomeRatio": 0.0311328471,
        "totalOtherIncomeExpensesNet": -79000,
        "incomeBeforeTax": 1748000,
        "incomeBeforeTaxRatio": 0.0297866539,
        "incomeTaxExpense": 0,
        "netIncome": 1706000,
        "netIncomeRatio": 0.0290709563,
        "eps": 0.2,
        "epsdiluted": 0.2,
        "weightedAverageShsOut": 8391244,
        "weightedAverageShsOutDil": 8391244,
        "link": "https://www.sec.gov/Archives/edgar/data/90896/000119312516429984/0001193125-16-429984-index.htm",
        "finalLink": "https://www.sec.gov/Archives/edgar/data/90896/000119312516429984/d114974d10q.htm"
    },
    {
        "date": "2015-08-31",
        "symbol": "SKY",
        "reportedCurrency": "USD",
        "cik": "0000090896",
        "fillingDate": "2015-10-15",
        "acceptedDate": "2015-10-15 16:58:57",
        "calendarYear": "2015",
        "period": "Q2",
        "revenue": 48742000,
        "costOfRevenue": 44099000,
        "grossProfit": 4643000,
        "grossProfitRatio": 0.0952566575,
        "researchAndDevelopmentExpenses": 0,
        "generalAndAdministrativeExpenses": 0,
        "sellingAndMarketingExpenses": 0,
        "sellingGeneralAndAdministrativeExpenses": 5459000,
        "otherExpenses": 0,
        "operatingExpenses": 5459000,
        "costAndExpenses": 49558000,
        "interestIncome": 0,
        "interestExpense": 79000,
        "depreciationAndAmortization": 257000,
        "ebitda": -559000,
        "ebitdaratio": -0.0114685487,
        "operatingIncome": -816000,
        "operatingIncomeRatio": -0.0167412088,
        "totalOtherIncomeExpensesNet": -79000,
        "incomeBeforeTax": -895000,
        "incomeBeforeTaxRatio": -0.0183619876,
        "incomeTaxExpense": 0,
        "netIncome": -834000,
        "netIncomeRatio": -0.0171105002,
        "eps": -0.0994,
        "epsdiluted": -0.0994,
        "weightedAverageShsOut": 8391244,
        "weightedAverageShsOutDil": 8391244,
        "link": "https://www.sec.gov/Archives/edgar/data/90896/000119312515344789/0001193125-15-344789-index.htm",
        "finalLink": "https://www.sec.gov/Archives/edgar/data/90896/000119312515344789/d94841d10q.htm"
    },
    {
        "date": "2015-05-31",
        "symbol": "SKY",
        "reportedCurrency": "USD",
        "cik": "0000090896",
        "fillingDate": "2015-08-26",
        "acceptedDate": "2015-08-26 16:57:54",
        "calendarYear": "2015",
        "period": "Q1",
        "revenue": 49605000,
        "costOfRevenue": 44048000,
        "grossProfit": 5557000,
        "grossProfitRatio": 0.1120249975,
        "researchAndDevelopmentExpenses": 0,
        "generalAndAdministrativeExpenses": 0,
        "sellingAndMarketingExpenses": 0,
        "sellingGeneralAndAdministrativeExpenses": 5847000,
        "otherExpenses": 0,
        "operatingExpenses": 5847000,
        "costAndExpenses": 49895000,
        "interestIncome": 0,
        "interestExpense": 102000,
        "depreciationAndAmortization": 286000,
        "ebitda": 239000,
        "ebitdaratio": 0.0048180627,
        "operatingIncome": -47000,
        "operatingIncomeRatio": -0.0009474851,
        "totalOtherIncomeExpensesNet": -6523000,
        "incomeBeforeTax": -149000,
        "incomeBeforeTaxRatio": -0.0030037295,
        "incomeTaxExpense": 49417000,
        "netIncome": -200000,
        "netIncomeRatio": -0.0040318516,
        "eps": -0.0238,
        "epsdiluted": -0.0238,
        "weightedAverageShsOut": 8391244,
        "weightedAverageShsOutDil": 8391244,
        "link": "https://www.sec.gov/Archives/edgar/data/90896/000119312515303378/0001193125-15-303378-index.htm",
        "finalLink": "https://www.sec.gov/Archives/edgar/data/90896/000119312515303378/d20910d10k.htm"
    },
    {
        "date": "2015-02-28",
        "symbol": "SKY",
        "reportedCurrency": "USD",
        "cik": "0000090896",
        "fillingDate": "2015-04-03",
        "acceptedDate": "2015-04-03 16:59:51",
        "calendarYear": "2014",
        "period": "Q4",
        "revenue": 38109000,
        "costOfRevenue": 35771000,
        "grossProfit": 2338000,
        "grossProfitRatio": 0.0613503372,
        "researchAndDevelopmentExpenses": 0,
        "generalAndAdministrativeExpenses": 0,
        "sellingAndMarketingExpenses": 0,
        "sellingGeneralAndAdministrativeExpenses": 5159000,
        "otherExpenses": 0,
        "operatingExpenses": 5159000,
        "costAndExpenses": 40930000,
        "interestIncome": 2000,
        "interestExpense": 92000,
        "depreciationAndAmortization": 308000,
        "ebitda": -2511000,
        "ebitdaratio": -0.0658899473,
        "operatingIncome": -2821000,
        "operatingIncomeRatio": -0.0740245086,
        "totalOtherIncomeExpensesNet": -90000,
        "incomeBeforeTax": -2911000,
        "incomeBeforeTaxRatio": -0.0763861555,
        "incomeTaxExpense": 0,
        "netIncome": -2997000,
        "netIncomeRatio": -0.0786428403,
        "eps": -0.36,
        "epsdiluted": -0.36,
        "weightedAverageShsOut": 8391244,
        "weightedAverageShsOutDil": 8391244,
        "link": "https://www.sec.gov/Archives/edgar/data/90896/000119312515119055/0001193125-15-119055-index.htm",
        "finalLink": "https://www.sec.gov/Archives/edgar/data/90896/000119312515119055/d897846d10q.htm"
    },
    {
        "date": "2014-11-30",
        "symbol": "SKY",
        "reportedCurrency": "USD",
        "cik": "0000090896",
        "fillingDate": "2015-01-14",
        "acceptedDate": "2015-01-14 16:53:18",
        "calendarYear": "2014",
        "period": "Q3",
        "revenue": 49667000,
        "costOfRevenue": 44509000,
        "grossProfit": 5158000,
        "grossProfitRatio": 0.103851652,
        "researchAndDevelopmentExpenses": 0,
        "generalAndAdministrativeExpenses": 0,
        "sellingAndMarketingExpenses": 0,
        "sellingGeneralAndAdministrativeExpenses": 5008000,
        "otherExpenses": 0,
        "operatingExpenses": 5008000,
        "costAndExpenses": 49517000,
        "interestIncome": 24000,
        "interestExpense": 93000,
        "depreciationAndAmortization": 332000,
        "ebitda": 506000,
        "ebitdaratio": 0.0101878511,
        "operatingIncome": 150000,
        "operatingIncomeRatio": 0.003020114,
        "totalOtherIncomeExpensesNet": -69000,
        "incomeBeforeTax": 81000,
        "incomeBeforeTaxRatio": 0.0016308615,
        "incomeTaxExpense": 0,
        "netIncome": -3444000,
        "netIncomeRatio": -0.0693418165,
        "eps": -0.41,
        "epsdiluted": -0.41,
        "weightedAverageShsOut": 8391244,
        "weightedAverageShsOutDil": 8391244,
        "link": "https://www.sec.gov/Archives/edgar/data/90896/000119312515010721/0001193125-15-010721-index.htm",
        "finalLink": "https://www.sec.gov/Archives/edgar/data/90896/000119312515010721/d842766d10q.htm"
    },
    {
        "date": "2014-08-31",
        "symbol": "SKY",
        "reportedCurrency": "USD",
        "cik": "0000090896",
        "fillingDate": "2014-10-15",
        "acceptedDate": "2014-10-15 17:11:22",
        "calendarYear": "2014",
        "period": "Q2",
        "revenue": 57429000,
        "costOfRevenue": 54984000,
        "grossProfit": 2445000,
        "grossProfitRatio": 0.0425743091,
        "researchAndDevelopmentExpenses": 0,
        "generalAndAdministrativeExpenses": 0,
        "sellingAndMarketingExpenses": 0,
        "sellingGeneralAndAdministrativeExpenses": 6148000,
        "otherExpenses": 0,
        "operatingExpenses": 6148000,
        "costAndExpenses": 61132000,
        "interestIncome": 24000,
        "interestExpense": 94000,
        "depreciationAndAmortization": 394000,
        "ebitda": -721000,
        "ebitdaratio": -0.0125546327,
        "operatingIncome": -3703000,
        "operatingIncomeRatio": -0.0644796183,
        "totalOtherIncomeExpensesNet": -70000,
        "incomeBeforeTax": -3773000,
        "incomeBeforeTaxRatio": -0.0656985147,
        "incomeTaxExpense": 70000,
        "netIncome": -3773000,
        "netIncomeRatio": -0.0656985147,
        "eps": -0.45,
        "epsdiluted": -0.45,
        "weightedAverageShsOut": 8391244,
        "weightedAverageShsOutDil": 8391244,
        "link": "https://www.sec.gov/Archives/edgar/data/90896/000119312514372798/0001193125-14-372798-index.htm",
        "finalLink": "https://www.sec.gov/Archives/edgar/data/90896/000119312514372798/d788899d10q.htm"
    },
    {
        "date": "2014-05-31",
        "symbol": "SKY",
        "reportedCurrency": "USD",
        "cik": "0000090896",
        "fillingDate": "2014-08-22",
        "acceptedDate": "2014-08-22 16:59:56",
        "calendarYear": "2014",
        "period": "Q1",
        "revenue": 57701000,
        "costOfRevenue": 54818000,
        "grossProfit": 2883000,
        "grossProfitRatio": 0.049964472,
        "researchAndDevelopmentExpenses": 0,
        "generalAndAdministrativeExpenses": 0,
        "sellingAndMarketingExpenses": 0,
        "sellingGeneralAndAdministrativeExpenses": 5641000,
        "otherExpenses": 0,
        "operatingExpenses": 5641000,
        "costAndExpenses": 60459000,
        "interestIncome": 25000,
        "interestExpense": 71000,
        "depreciationAndAmortization": 412000,
        "ebitda": -1540000,
        "ebitdaratio": -0.0266893121,
        "operatingIncome": -2514000,
        "operatingIncomeRatio": -0.0435694355,
        "totalOtherIncomeExpensesNet": -46000,
        "incomeBeforeTax": -2560000,
        "incomeBeforeTaxRatio": -0.0443666488,
        "incomeTaxExpense": 0,
        "netIncome": -2560000,
        "netIncomeRatio": -0.0443666488,
        "eps": -0.31,
        "epsdiluted": -0.31,
        "weightedAverageShsOut": 8391244,
        "weightedAverageShsOutDil": 8391244,
        "link": "https://www.sec.gov/Archives/edgar/data/90896/000119312514318814/0001193125-14-318814-index.htm",
        "finalLink": "https://www.sec.gov/Archives/edgar/data/90896/000119312514318814/d739695d10k.htm"
    },
    {
        "date": "2014-02-28",
        "symbol": "SKY",
        "reportedCurrency": "USD",
        "cik": "0000090896",
        "fillingDate": "2014-04-04",
        "acceptedDate": "2014-04-04 17:11:15",
        "calendarYear": "2013",
        "period": "Q4",
        "revenue": 38772000,
        "costOfRevenue": 38918000,
        "grossProfit": -146000,
        "grossProfitRatio": -0.003765604,
        "researchAndDevelopmentExpenses": 0,
        "generalAndAdministrativeExpenses": 0,
        "sellingAndMarketingExpenses": 0,
        "sellingGeneralAndAdministrativeExpenses": 5891000,
        "otherExpenses": 0,
        "operatingExpenses": 5891000,
        "costAndExpenses": 44809000,
        "interestIncome": 25000,
        "interestExpense": 0,
        "depreciationAndAmortization": 417000,
        "ebitda": -3489000,
        "ebitdaratio": -0.0899876199,
        "operatingIncome": -5737000,
        "operatingIncomeRatio": -0.1479676055,
        "totalOtherIncomeExpensesNet": 25000,
        "incomeBeforeTax": -5712000,
        "incomeBeforeTaxRatio": -0.1473228103,
        "incomeTaxExpense": -625000,
        "netIncome": -5712000,
        "netIncomeRatio": -0.1473228103,
        "eps": -0.68,
        "epsdiluted": -0.68,
        "weightedAverageShsOut": 8391244,
        "weightedAverageShsOutDil": 8391244,
        "link": "https://www.sec.gov/Archives/edgar/data/90896/000119312514131942/0001193125-14-131942-index.htm",
        "finalLink": "https://www.sec.gov/Archives/edgar/data/90896/000119312514131942/d688669d10q.htm"
    },
    {
        "date": "2013-11-30",
        "symbol": "SKY",
        "reportedCurrency": "USD",
        "cik": "0000090896",
        "fillingDate": "2014-01-10",
        "acceptedDate": "2014-01-10 17:14:48",
        "calendarYear": "2013",
        "period": "Q3",
        "revenue": 46263000,
        "costOfRevenue": 43042000,
        "grossProfit": 3221000,
        "grossProfitRatio": 0.0696236733,
        "researchAndDevelopmentExpenses": 0,
        "generalAndAdministrativeExpenses": 0,
        "sellingAndMarketingExpenses": 0,
        "sellingGeneralAndAdministrativeExpenses": 5621000,
        "otherExpenses": 0,
        "operatingExpenses": 5621000,
        "costAndExpenses": 48663000,
        "interestIncome": 25000,
        "interestExpense": 0,
        "depreciationAndAmortization": 397000,
        "ebitda": -342000,
        "ebitdaratio": -0.0073925167,
        "operatingIncome": -2238000,
        "operatingIncomeRatio": -0.0483755917,
        "totalOtherIncomeExpensesNet": 25000,
        "incomeBeforeTax": -2213000,
        "incomeBeforeTaxRatio": -0.0478352031,
        "incomeTaxExpense": -349000,
        "netIncome": -2213000,
        "netIncomeRatio": -0.0478352031,
        "eps": -0.26,
        "epsdiluted": -0.26,
        "weightedAverageShsOut": 8391244,
        "weightedAverageShsOutDil": 8391244,
        "link": "https://www.sec.gov/Archives/edgar/data/90896/000119312514008124/0001193125-14-008124-index.htm",
        "finalLink": "https://www.sec.gov/Archives/edgar/data/90896/000119312514008124/d640315d10q.htm"
    },
    {
        "date": "2013-08-31",
        "symbol": "SKY",
        "reportedCurrency": "USD",
        "cik": "0000090896",
        "fillingDate": "2013-10-11",
        "acceptedDate": "2013-10-11 17:04:08",
        "calendarYear": "2013",
        "period": "Q2",
        "revenue": 48994000,
        "costOfRevenue": 44665000,
        "grossProfit": 4329000,
        "grossProfitRatio": 0.0883577581,
        "researchAndDevelopmentExpenses": 0,
        "generalAndAdministrativeExpenses": 0,
        "sellingAndMarketingExpenses": 0,
        "sellingGeneralAndAdministrativeExpenses": 5733000,
        "otherExpenses": 0,
        "operatingExpenses": 5733000,
        "costAndExpenses": 50398000,
        "interestIncome": 25000,
        "interestExpense": 0,
        "depreciationAndAmortization": 490000,
        "ebitda": -889000,
        "ebitdaratio": -0.018145079,
        "operatingIncome": -1404000,
        "operatingIncomeRatio": -0.0286565702,
        "totalOtherIncomeExpensesNet": 25000,
        "incomeBeforeTax": -1379000,
        "incomeBeforeTaxRatio": -0.0281463036,
        "incomeTaxExpense": 0,
        "netIncome": -1379000,
        "netIncomeRatio": -0.0281463036,
        "eps": -0.16,
        "epsdiluted": -0.16,
        "weightedAverageShsOut": 8391244,
        "weightedAverageShsOutDil": 8391244,
        "link": "https://www.sec.gov/Archives/edgar/data/90896/000119312513397942/0001193125-13-397942-index.htm",
        "finalLink": "https://www.sec.gov/Archives/edgar/data/90896/000119312513397942/d595152d10q.htm"
    },
    {
        "date": "2013-05-31",
        "symbol": "SKY",
        "reportedCurrency": "USD",
        "cik": "0000090896",
        "fillingDate": "2013-07-26",
        "acceptedDate": "2013-07-26 17:05:55",
        "calendarYear": "2013",
        "period": "Q1",
        "revenue": 48832000,
        "costOfRevenue": 43573000,
        "grossProfit": 5259000,
        "grossProfitRatio": 0.1076957733,
        "researchAndDevelopmentExpenses": 0,
        "generalAndAdministrativeExpenses": 0,
        "sellingAndMarketingExpenses": 0,
        "sellingGeneralAndAdministrativeExpenses": 5471000,
        "otherExpenses": 0,
        "operatingExpenses": 5471000,
        "costAndExpenses": 49044000,
        "interestIncome": 27000,
        "interestExpense": 1448000,
        "depreciationAndAmortization": 479000,
        "ebitda": 267000,
        "ebitdaratio": 0.0054677261,
        "operatingIncome": 18000,
        "operatingIncomeRatio": 0.0003686107,
        "totalOtherIncomeExpensesNet": 27000,
        "incomeBeforeTax": 45000,
        "incomeBeforeTaxRatio": 0.0009215269,
        "incomeTaxExpense": 0,
        "netIncome": 45000,
        "netIncomeRatio": 0.0009215269,
        "eps": 0.0634,
        "epsdiluted": 0.0634,
        "weightedAverageShsOut": 8391244,
        "weightedAverageShsOutDil": 8391244,
        "link": "https://www.sec.gov/Archives/edgar/data/90896/000119312513304925/0001193125-13-304925-index.htm",
        "finalLink": "https://www.sec.gov/Archives/edgar/data/90896/000119312513304925/d549537d10k.htm"
    },
    {
        "date": "2013-02-28",
        "symbol": "SKY",
        "reportedCurrency": "USD",
        "cik": "0000090896",
        "fillingDate": "2013-04-05",
        "acceptedDate": "2013-04-05 17:08:44",
        "calendarYear": "2012",
        "period": "Q4",
        "revenue": 36986000,
        "costOfRevenue": 36515000,
        "grossProfit": 471000,
        "grossProfitRatio": 0.0127345482,
        "researchAndDevelopmentExpenses": 0,
        "generalAndAdministrativeExpenses": 0,
        "sellingAndMarketingExpenses": 0,
        "sellingGeneralAndAdministrativeExpenses": 5861000,
        "otherExpenses": 0,
        "operatingExpenses": 5861000,
        "costAndExpenses": 42376000,
        "interestIncome": 25000,
        "interestExpense": 0,
        "depreciationAndAmortization": 491000,
        "ebitda": -4899000,
        "ebitdaratio": -0.1324555237,
        "operatingIncome": -5390000,
        "operatingIncomeRatio": -0.1457308171,
        "totalOtherIncomeExpensesNet": 25000,
        "incomeBeforeTax": -5365000,
        "incomeBeforeTaxRatio": -0.1450548856,
        "incomeTaxExpense": -25000,
        "netIncome": -5365000,
        "netIncomeRatio": -0.1450548856,
        "eps": -0.64,
        "epsdiluted": -0.64,
        "weightedAverageShsOut": 8391244,
        "weightedAverageShsOutDil": 8391244,
        "link": "https://www.sec.gov/Archives/edgar/data/90896/000119312513144220/0001193125-13-144220-index.htm",
        "finalLink": "https://www.sec.gov/Archives/edgar/data/90896/000119312513144220/d487921d10q.htm"
    },
    {
        "date": "2012-11-30",
        "symbol": "SKY",
        "reportedCurrency": "USD",
        "cik": "0000090896",
        "fillingDate": "2013-01-11",
        "acceptedDate": "2013-01-11 17:04:53",
        "calendarYear": "2012",
        "period": "Q3",
        "revenue": 41836000,
        "costOfRevenue": 39162000,
        "grossProfit": 2674000,
        "grossProfitRatio": 0.0639162444,
        "researchAndDevelopmentExpenses": 0,
        "generalAndAdministrativeExpenses": 0,
        "sellingAndMarketingExpenses": 0,
        "sellingGeneralAndAdministrativeExpenses": 5819000,
        "otherExpenses": 0,
        "operatingExpenses": 5819000,
        "costAndExpenses": 44981000,
        "interestIncome": 9000,
        "interestExpense": 0,
        "depreciationAndAmortization": 488000,
        "ebitda": -2657000,
        "ebitdaratio": -0.0635098958,
        "operatingIncome": -1734000,
        "operatingIncomeRatio": -0.0414475571,
        "totalOtherIncomeExpensesNet": 9000,
        "incomeBeforeTax": -1725000,
        "incomeBeforeTaxRatio": -0.0412324314,
        "incomeTaxExpense": 0,
        "netIncome": -1725000,
        "netIncomeRatio": -0.0412324314,
        "eps": -0.21,
        "epsdiluted": -0.21,
        "weightedAverageShsOut": 8391244,
        "weightedAverageShsOutDil": 8391244,
        "link": "https://www.sec.gov/Archives/edgar/data/90896/000119312513010863/0001193125-13-010863-index.htm",
        "finalLink": "https://www.sec.gov/Archives/edgar/data/90896/000119312513010863/d449534d10q.htm"
    },
    {
        "date": "2012-08-31",
        "symbol": "SKY",
        "reportedCurrency": "USD",
        "cik": "0000090896",
        "fillingDate": "2012-10-05",
        "acceptedDate": "2012-10-05 17:01:10",
        "calendarYear": "2012",
        "period": "Q2",
        "revenue": 49920000,
        "costOfRevenue": 46861000,
        "grossProfit": 3059000,
        "grossProfitRatio": 0.0612780449,
        "researchAndDevelopmentExpenses": 0,
        "generalAndAdministrativeExpenses": 0,
        "sellingAndMarketingExpenses": 0,
        "sellingGeneralAndAdministrativeExpenses": 6530000,
        "otherExpenses": 0,
        "operatingExpenses": 6530000,
        "costAndExpenses": 53391000,
        "interestIncome": 3000,
        "interestExpense": 0,
        "depreciationAndAmortization": 544000,
        "ebitda": -2927000,
        "ebitdaratio": -0.0586338141,
        "operatingIncome": -3471000,
        "operatingIncomeRatio": -0.06953125,
        "totalOtherIncomeExpensesNet": 3000,
        "incomeBeforeTax": -3468000,
        "incomeBeforeTaxRatio": -0.0694711538,
        "incomeTaxExpense": -3000,
        "netIncome": -3468000,
        "netIncomeRatio": -0.0694711538,
        "eps": -0.41,
        "epsdiluted": -0.41,
        "weightedAverageShsOut": 8391244,
        "weightedAverageShsOutDil": 8391244,
        "link": "https://www.sec.gov/Archives/edgar/data/90896/000119312512416877/0001193125-12-416877-index.htm",
        "finalLink": "https://www.sec.gov/Archives/edgar/data/90896/000119312512416877/d379557d10q.htm"
    },
    {
        "date": "2012-05-31",
        "symbol": "SKY",
        "reportedCurrency": "USD",
        "cik": "0000090896",
        "fillingDate": "2012-07-27",
        "acceptedDate": "2012-07-27 17:02:11",
        "calendarYear": "2012",
        "period": "Q1",
        "revenue": 50461000,
        "costOfRevenue": 47194000,
        "grossProfit": 3267000,
        "grossProfitRatio": 0.0647430689,
        "researchAndDevelopmentExpenses": 0,
        "generalAndAdministrativeExpenses": 0,
        "sellingAndMarketingExpenses": 0,
        "sellingGeneralAndAdministrativeExpenses": 5665000,
        "otherExpenses": 0,
        "operatingExpenses": 5665000,
        "costAndExpenses": 52859000,
        "interestIncome": 3000,
        "interestExpense": 2514000,
        "depreciationAndAmortization": 580000,
        "ebitda": -1818000,
        "ebitdaratio": -0.0360278235,
        "operatingIncome": -1714000,
        "operatingIncomeRatio": -0.0339668259,
        "totalOtherIncomeExpensesNet": 3000,
        "incomeBeforeTax": -1711000,
        "incomeBeforeTaxRatio": -0.033907374,
        "incomeTaxExpense": 0,
        "netIncome": -1711000,
        "netIncomeRatio": -0.033907374,
        "eps": -0.2,
        "epsdiluted": -0.2,
        "weightedAverageShsOut": 8391244,
        "weightedAverageShsOutDil": 8391244,
        "link": "https://www.sec.gov/Archives/edgar/data/90896/000119312512319737/0001193125-12-319737-index.htm",
        "finalLink": "https://www.sec.gov/Archives/edgar/data/90896/000119312512319737/d375507d10k.htm"
    },
    {
        "date": "2012-02-29",
        "symbol": "SKY",
        "reportedCurrency": "USD",
        "cik": "0000090896",
        "fillingDate": "2012-04-06",
        "acceptedDate": "2012-04-06 17:15:06",
        "calendarYear": "2011",
        "period": "Q4",
        "revenue": 36805000,
        "costOfRevenue": 37497000,
        "grossProfit": -692000,
        "grossProfitRatio": -0.0188017932,
        "researchAndDevelopmentExpenses": 0,
        "generalAndAdministrativeExpenses": 0,
        "sellingAndMarketingExpenses": 0,
        "sellingGeneralAndAdministrativeExpenses": 6698000,
        "otherExpenses": 0,
        "operatingExpenses": 6698000,
        "costAndExpenses": 44195000,
        "interestIncome": 3000,
        "interestExpense": 0,
        "depreciationAndAmortization": 576000,
        "ebitda": -6814000,
        "ebitdaratio": -0.1851378889,
        "operatingIncome": -7390000,
        "operatingIncomeRatio": -0.2007879364,
        "totalOtherIncomeExpensesNet": 3000,
        "incomeBeforeTax": -7387000,
        "incomeBeforeTaxRatio": -0.2007064258,
        "incomeTaxExpense": -3000,
        "netIncome": -7387000,
        "netIncomeRatio": -0.2007064258,
        "eps": -0.88,
        "epsdiluted": -0.88,
        "weightedAverageShsOut": 8391244,
        "weightedAverageShsOutDil": 8391244,
        "link": "https://www.sec.gov/Archives/edgar/data/90896/000119312512153763/0001193125-12-153763-index.htm",
        "finalLink": "https://www.sec.gov/Archives/edgar/data/90896/000119312512153763/d323952d10q.htm"
    },
    {
        "date": "2011-11-30",
        "symbol": "SKY",
        "reportedCurrency": "USD",
        "cik": "0000090896",
        "fillingDate": "2012-01-06",
        "acceptedDate": "2012-01-06 17:10:49",
        "calendarYear": "2011",
        "period": "Q3",
        "revenue": 45296000,
        "costOfRevenue": 44031000,
        "grossProfit": 1265000,
        "grossProfitRatio": 0.0279274108,
        "researchAndDevelopmentExpenses": 0,
        "generalAndAdministrativeExpenses": 0,
        "sellingAndMarketingExpenses": 0,
        "sellingGeneralAndAdministrativeExpenses": 7191000,
        "otherExpenses": 0,
        "operatingExpenses": 7191000,
        "costAndExpenses": 51222000,
        "interestIncome": 4000,
        "interestExpense": 0,
        "depreciationAndAmortization": 588000,
        "ebitda": -5338000,
        "ebitdaratio": -0.1178470505,
        "operatingIncome": -3426000,
        "operatingIncomeRatio": -0.0756358177,
        "totalOtherIncomeExpensesNet": 4000,
        "incomeBeforeTax": -3422000,
        "incomeBeforeTaxRatio": -0.0755475097,
        "incomeTaxExpense": 0,
        "netIncome": -3422000,
        "netIncomeRatio": -0.0755475097,
        "eps": -0.41,
        "epsdiluted": -0.41,
        "weightedAverageShsOut": 8391244,
        "weightedAverageShsOutDil": 8391244,
        "link": "https://www.sec.gov/Archives/edgar/data/90896/000095012312000426/0000950123-12-000426-index.htm",
        "finalLink": "https://www.sec.gov/Archives/edgar/data/90896/000095012312000426/c25499e10vq.htm"
    },
    {
        "date": "2011-08-31",
        "symbol": "SKY",
        "reportedCurrency": "USD",
        "cik": "0000090896",
        "fillingDate": "2011-10-07",
        "acceptedDate": "2011-10-07 17:14:25",
        "calendarYear": "2011",
        "period": "Q2",
        "revenue": 50284000,
        "costOfRevenue": 49240000,
        "grossProfit": 1044000,
        "grossProfitRatio": 0.0207620714,
        "researchAndDevelopmentExpenses": 0,
        "generalAndAdministrativeExpenses": 0,
        "sellingAndMarketingExpenses": 0,
        "sellingGeneralAndAdministrativeExpenses": 7896000,
        "otherExpenses": 0,
        "operatingExpenses": 7896000,
        "costAndExpenses": 57136000,
        "interestIncome": 7000,
        "interestExpense": 0,
        "depreciationAndAmortization": 615000,
        "ebitda": -6237000,
        "ebitdaratio": -0.1240354785,
        "operatingIncome": -6852000,
        "operatingIncomeRatio": -0.1362660091,
        "totalOtherIncomeExpensesNet": 7000,
        "incomeBeforeTax": -6845000,
        "incomeBeforeTaxRatio": -0.1361267998,
        "incomeTaxExpense": -7000,
        "netIncome": -6845000,
        "netIncomeRatio": -0.1361267998,
        "eps": -0.82,
        "epsdiluted": -0.82,
        "weightedAverageShsOut": 8391244,
        "weightedAverageShsOutDil": 8391244,
        "link": "https://www.sec.gov/Archives/edgar/data/90896/000095012311089251/0000950123-11-089251-index.htm",
        "finalLink": "https://www.sec.gov/Archives/edgar/data/90896/000095012311089251/c22023e10vq.htm"
    },
    {
        "date": "2011-05-31",
        "symbol": "SKY",
        "reportedCurrency": "USD",
        "cik": "0000090896",
        "fillingDate": "2011-07-29",
        "acceptedDate": "2011-07-29 16:59:30",
        "calendarYear": "2011",
        "period": "Q1",
        "revenue": 48103000,
        "costOfRevenue": 45707000,
        "grossProfit": 2396000,
        "grossProfitRatio": 0.0498097832,
        "researchAndDevelopmentExpenses": 0,
        "generalAndAdministrativeExpenses": 0,
        "sellingAndMarketingExpenses": 0,
        "sellingGeneralAndAdministrativeExpenses": 6470000,
        "otherExpenses": 0,
        "operatingExpenses": 6470000,
        "costAndExpenses": 52177000,
        "interestIncome": 10000,
        "interestExpense": 0,
        "depreciationAndAmortization": 663000,
        "ebitda": -3411000,
        "ebitdaratio": -0.0709103382,
        "operatingIncome": -4074000,
        "operatingIncomeRatio": -0.0846932624,
        "totalOtherIncomeExpensesNet": 10000,
        "incomeBeforeTax": -4064000,
        "incomeBeforeTaxRatio": -0.0844853751,
        "incomeTaxExpense": -10000,
        "netIncome": -4064000,
        "netIncomeRatio": -0.0844853751,
        "eps": -0.48,
        "epsdiluted": -0.48,
        "weightedAverageShsOut": 8391244,
        "weightedAverageShsOutDil": 8391244,
        "link": "https://www.sec.gov/Archives/edgar/data/90896/000095012311070440/0000950123-11-070440-index.htm",
        "finalLink": "https://www.sec.gov/Archives/edgar/data/90896/000095012311070440/c65112e10vk.htm"
    },
    {
        "date": "2011-02-28",
        "symbol": "SKY",
        "reportedCurrency": "USD",
        "cik": "0000090896",
        "fillingDate": "2011-04-08",
        "acceptedDate": "2011-04-08 16:51:44",
        "calendarYear": "2010",
        "period": "Q4",
        "revenue": 31776000,
        "costOfRevenue": 33494000,
        "grossProfit": -1718000,
        "grossProfitRatio": -0.0540659617,
        "researchAndDevelopmentExpenses": 0,
        "generalAndAdministrativeExpenses": 0,
        "sellingAndMarketingExpenses": 0,
        "sellingGeneralAndAdministrativeExpenses": 7039000,
        "otherExpenses": 0,
        "operatingExpenses": 7039000,
        "costAndExpenses": 40533000,
        "interestIncome": 15000,
        "interestExpense": 0,
        "depreciationAndAmortization": 663000,
        "ebitda": -8094000,
        "ebitdaratio": -0.2547205438,
        "operatingIncome": -8757000,
        "operatingIncomeRatio": -0.2755853474,
        "totalOtherIncomeExpensesNet": 15000,
        "incomeBeforeTax": -8742000,
        "incomeBeforeTaxRatio": -0.2751132931,
        "incomeTaxExpense": -15000,
        "netIncome": -8742000,
        "netIncomeRatio": -0.2751132931,
        "eps": -1.04,
        "epsdiluted": -1.04,
        "weightedAverageShsOut": 8391244,
        "weightedAverageShsOutDil": 8391244,
        "link": "https://www.sec.gov/Archives/edgar/data/90896/000095012311034214/0000950123-11-034214-index.htm",
        "finalLink": "https://www.sec.gov/Archives/edgar/data/90896/000095012311034214/c15105e10vq.htm"
    },
    {
        "date": "2010-11-30",
        "symbol": "SKY",
        "reportedCurrency": "USD",
        "cik": "0000090896",
        "fillingDate": "2011-01-07",
        "acceptedDate": "2011-01-07 17:11:41",
        "calendarYear": "2010",
        "period": "Q3",
        "revenue": 36621000,
        "costOfRevenue": 37244000,
        "grossProfit": -623000,
        "grossProfitRatio": -0.0170120969,
        "researchAndDevelopmentExpenses": 0,
        "generalAndAdministrativeExpenses": 0,
        "sellingAndMarketingExpenses": 0,
        "sellingGeneralAndAdministrativeExpenses": 7151000,
        "otherExpenses": 0,
        "operatingExpenses": 7151000,
        "costAndExpenses": 44395000,
        "interestIncome": 18000,
        "interestExpense": 0,
        "depreciationAndAmortization": 672000,
        "ebitda": -7102000,
        "ebitdaratio": -0.1939324431,
        "operatingIncome": -7774000,
        "operatingIncomeRatio": -0.2122825701,
        "totalOtherIncomeExpensesNet": 18000,
        "incomeBeforeTax": -7756000,
        "incomeBeforeTaxRatio": -0.2117910489,
        "incomeTaxExpense": 0,
        "netIncome": -7756000,
        "netIncomeRatio": -0.2117910489,
        "eps": -0.92,
        "epsdiluted": -0.92,
        "weightedAverageShsOut": 8391244,
        "weightedAverageShsOutDil": 8391244,
        "link": "https://www.sec.gov/Archives/edgar/data/90896/000095012311001524/0000950123-11-001524-index.htm",
        "finalLink": "https://www.sec.gov/Archives/edgar/data/90896/000095012311001524/c10627e10vq.htm"
    },
    {
        "date": "2010-08-31",
        "symbol": "SKY",
        "reportedCurrency": "USD",
        "cik": "0000090896",
        "fillingDate": "2010-10-08",
        "acceptedDate": "2010-10-08 17:05:01",
        "calendarYear": "2010",
        "period": "Q2",
        "revenue": 45827000,
        "costOfRevenue": 44080000,
        "grossProfit": 1747000,
        "grossProfitRatio": 0.0381216314,
        "researchAndDevelopmentExpenses": 0,
        "generalAndAdministrativeExpenses": 0,
        "sellingAndMarketingExpenses": 0,
        "sellingGeneralAndAdministrativeExpenses": 7830000,
        "otherExpenses": 0,
        "operatingExpenses": 7830000,
        "costAndExpenses": 51910000,
        "interestIncome": 18000,
        "interestExpense": 0,
        "depreciationAndAmortization": 685000,
        "ebitda": -5398000,
        "ebitdaratio": -0.117790822,
        "operatingIncome": -6083000,
        "operatingIncomeRatio": -0.132738342,
        "totalOtherIncomeExpensesNet": 18000,
        "incomeBeforeTax": -6065000,
        "incomeBeforeTaxRatio": -0.1323455605,
        "incomeTaxExpense": -18000,
        "netIncome": -6065000,
        "netIncomeRatio": -0.1323455605,
        "eps": -0.72,
        "epsdiluted": -0.72,
        "weightedAverageShsOut": 8391244,
        "weightedAverageShsOutDil": 8391244,
        "link": "https://www.sec.gov/Archives/edgar/data/90896/000095012310092370/0000950123-10-092370-index.htm",
        "finalLink": "https://www.sec.gov/Archives/edgar/data/90896/000095012310092370/c06709e10vq.htm"
    },
    {
        "date": "2010-05-31",
        "symbol": "SKY",
        "reportedCurrency": "USD",
        "cik": "0000090896",
        "fillingDate": "2010-08-06",
        "acceptedDate": "2010-08-06 17:01:53",
        "calendarYear": "2010",
        "period": "Q1",
        "revenue": 40695000,
        "costOfRevenue": 36387000,
        "grossProfit": 4308000,
        "grossProfitRatio": 0.1058606708,
        "researchAndDevelopmentExpenses": 0,
        "generalAndAdministrativeExpenses": 0,
        "sellingAndMarketingExpenses": 0,
        "sellingGeneralAndAdministrativeExpenses": 46517000,
        "otherExpenses": -3912000,
        "operatingExpenses": 42605000,
        "costAndExpenses": 78992000,
        "interestIncome": 13000,
        "interestExpense": 0,
        "depreciationAndAmortization": 548000,
        "ebitda": -37749000,
        "ebitdaratio": -0.9276078142,
        "operatingIncome": -1575000,
        "operatingIncomeRatio": -0.0387025433,
        "totalOtherIncomeExpensesNet": 13000,
        "incomeBeforeTax": -1562000,
        "incomeBeforeTaxRatio": -0.0383830937,
        "incomeTaxExpense": 16019000,
        "netIncome": -17581000,
        "netIncomeRatio": -0.4320186755,
        "eps": -2.1,
        "epsdiluted": -2.1,
        "weightedAverageShsOut": 8391244,
        "weightedAverageShsOutDil": 8391244,
        "link": "https://www.sec.gov/Archives/edgar/data/90896/000095012310074402/0000950123-10-074402-index.htm",
        "finalLink": "https://www.sec.gov/Archives/edgar/data/90896/000095012310074402/c59244e10vk.htm"
    },
    {
        "date": "2010-02-28",
        "symbol": "SKY",
        "reportedCurrency": "USD",
        "cik": "0000090896",
        "fillingDate": "2010-04-02",
        "acceptedDate": "2010-04-02 13:23:59",
        "calendarYear": "2009",
        "period": "Q4",
        "revenue": 25415000,
        "costOfRevenue": 26236000,
        "grossProfit": -821000,
        "grossProfitRatio": -0.0323037576,
        "researchAndDevelopmentExpenses": 0,
        "generalAndAdministrativeExpenses": 0,
        "sellingAndMarketingExpenses": 0,
        "sellingGeneralAndAdministrativeExpenses": 6282000,
        "otherExpenses": -1544000,
        "operatingExpenses": 4738000,
        "costAndExpenses": 30974000,
        "interestIncome": 5000,
        "interestExpense": 0,
        "depreciationAndAmortization": 568000,
        "ebitda": -4991000,
        "ebitdaratio": -0.1963800905,
        "operatingIncome": -5559000,
        "operatingIncomeRatio": -0.218729097,
        "totalOtherIncomeExpensesNet": 5000,
        "incomeBeforeTax": -5554000,
        "incomeBeforeTaxRatio": -0.2185323628,
        "incomeTaxExpense": -1857000,
        "netIncome": -3697000,
        "netIncomeRatio": -0.1454652764,
        "eps": -0.44,
        "epsdiluted": -0.44,
        "weightedAverageShsOut": 8391244,
        "weightedAverageShsOutDil": 8391244,
        "link": "https://www.sec.gov/Archives/edgar/data/90896/000095012310031791/0000950123-10-031791-index.htm",
        "finalLink": "https://www.sec.gov/Archives/edgar/data/90896/000095012310031791/c98749e10vq.htm"
    },
    {
        "date": "2009-11-30",
        "symbol": "SKY",
        "reportedCurrency": "USD",
        "cik": "0000090896",
        "fillingDate": "2010-01-08",
        "acceptedDate": "2010-01-08 16:48:08",
        "calendarYear": "2009",
        "period": "Q3",
        "revenue": 34246000,
        "costOfRevenue": 33180000,
        "grossProfit": 1066000,
        "grossProfitRatio": 0.0311277229,
        "researchAndDevelopmentExpenses": 0,
        "generalAndAdministrativeExpenses": 0,
        "sellingAndMarketingExpenses": 0,
        "sellingGeneralAndAdministrativeExpenses": 7197000,
        "otherExpenses": 0,
        "operatingExpenses": 7197000,
        "costAndExpenses": 40377000,
        "interestIncome": 9000,
        "interestExpense": 0,
        "depreciationAndAmortization": 539000,
        "ebitda": -5592000,
        "ebitdaratio": -0.1632891433,
        "operatingIncome": -6131000,
        "operatingIncomeRatio": -0.1790282077,
        "totalOtherIncomeExpensesNet": 9000,
        "incomeBeforeTax": -6122000,
        "incomeBeforeTaxRatio": -0.1787654033,
        "incomeTaxExpense": -2314000,
        "netIncome": -3808000,
        "netIncomeRatio": -0.1111954681,
        "eps": -0.45,
        "epsdiluted": -0.45,
        "weightedAverageShsOut": 8391244,
        "weightedAverageShsOutDil": 8391244,
        "link": "https://www.sec.gov/Archives/edgar/data/90896/000095012310001339/0000950123-10-001339-index.htm",
        "finalLink": "https://www.sec.gov/Archives/edgar/data/90896/000095012310001339/c94444e10vq.htm"
    },
    {
        "date": "2009-08-31",
        "symbol": "SKY",
        "reportedCurrency": "USD",
        "cik": "0000090896",
        "fillingDate": "2009-10-09",
        "acceptedDate": "2009-10-09 16:54:53",
        "calendarYear": "2009",
        "period": "Q2",
        "revenue": 35874000,
        "costOfRevenue": 35597000,
        "grossProfit": 277000,
        "grossProfitRatio": 0.0077214696,
        "researchAndDevelopmentExpenses": 0,
        "generalAndAdministrativeExpenses": 0,
        "sellingAndMarketingExpenses": 0,
        "sellingGeneralAndAdministrativeExpenses": 6838000,
        "otherExpenses": 412000,
        "operatingExpenses": 7250000,
        "costAndExpenses": 42847000,
        "interestIncome": 36000,
        "interestExpense": 0,
        "depreciationAndAmortization": 534000,
        "ebitda": -5615000,
        "ebitdaratio": -0.1565200424,
        "operatingIncome": -6149000,
        "operatingIncomeRatio": -0.1714054747,
        "totalOtherIncomeExpensesNet": 36000,
        "incomeBeforeTax": -6113000,
        "incomeBeforeTaxRatio": -0.1704019624,
        "incomeTaxExpense": -2206000,
        "netIncome": -3907000,
        "netIncomeRatio": -0.1089089591,
        "eps": -0.47,
        "epsdiluted": -0.47,
        "weightedAverageShsOut": 8391244,
        "weightedAverageShsOutDil": 8391244,
        "link": "https://www.sec.gov/Archives/edgar/data/90896/000095012309049593/0000950123-09-049593-index.htm",
        "finalLink": "https://www.sec.gov/Archives/edgar/data/90896/000095012309049593/c90908e10vq.htm"
    },
    {
        "date": "2009-05-31",
        "symbol": "SKY",
        "reportedCurrency": "USD",
        "cik": "0000090896",
        "fillingDate": "2009-07-31",
        "acceptedDate": "2009-07-31 17:07:03",
        "calendarYear": "2009",
        "period": "Q1",
        "revenue": 32483000,
        "costOfRevenue": 31079000,
        "grossProfit": 1404000,
        "grossProfitRatio": 0.0432226087,
        "researchAndDevelopmentExpenses": 0,
        "generalAndAdministrativeExpenses": 0,
        "sellingAndMarketingExpenses": 0,
        "sellingGeneralAndAdministrativeExpenses": 5780000,
        "otherExpenses": 7552000,
        "operatingExpenses": 13332000,
        "costAndExpenses": 44411000,
        "interestIncome": 44000,
        "interestExpense": 0,
        "depreciationAndAmortization": 633000,
        "ebitda": -11295000,
        "ebitdaratio": -0.347720346,
        "operatingIncome": -4376000,
        "operatingIncomeRatio": -0.134716621,
        "totalOtherIncomeExpensesNet": 44000,
        "incomeBeforeTax": -4332000,
        "incomeBeforeTaxRatio": -0.1333620663,
        "incomeTaxExpense": -1967000,
        "netIncome": -2365000,
        "netIncomeRatio": -0.0728073146,
        "eps": -0.28,
        "epsdiluted": -0.28,
        "weightedAverageShsOut": 8391244,
        "weightedAverageShsOutDil": 8391244,
        "link": "https://www.sec.gov/Archives/edgar/data/90896/000095012309028438/0000950123-09-028438-index.htm",
        "finalLink": "https://www.sec.gov/Archives/edgar/data/90896/000095012309028438/c52163e10vk.htm"
    },
    {
        "date": "2009-02-28",
        "symbol": "SKY",
        "reportedCurrency": "USD",
        "cik": "0000090896",
        "fillingDate": "2009-04-03",
        "acceptedDate": "2009-04-03 17:00:53",
        "calendarYear": "2008",
        "period": "Q4",
        "revenue": 24386000,
        "costOfRevenue": 27768000,
        "grossProfit": -3382000,
        "grossProfitRatio": -0.1386861314,
        "researchAndDevelopmentExpenses": 0,
        "generalAndAdministrativeExpenses": 0,
        "sellingAndMarketingExpenses": 0,
        "sellingGeneralAndAdministrativeExpenses": 7726000,
        "otherExpenses": -3396000,
        "operatingExpenses": 4330000,
        "costAndExpenses": 32098000,
        "interestIncome": 147000,
        "interestExpense": 0,
        "depreciationAndAmortization": 711000,
        "ebitda": -7001000,
        "ebitdaratio": -0.2870909538,
        "operatingIncome": -7712000,
        "operatingIncomeRatio": -0.316247027,
        "totalOtherIncomeExpensesNet": 147000,
        "incomeBeforeTax": -7565000,
        "incomeBeforeTaxRatio": -0.3102189781,
        "incomeTaxExpense": -2740000,
        "netIncome": -4825000,
        "netIncomeRatio": -0.1978594275,
        "eps": -0.58,
        "epsdiluted": -0.58,
        "weightedAverageShsOut": 8391244,
        "weightedAverageShsOutDil": 8391244,
        "link": "https://www.sec.gov/Archives/edgar/data/90896/000136231009004892/0001362310-09-004892-index.htm",
        "finalLink": "https://www.sec.gov/Archives/edgar/data/90896/000136231009004892/c83413e10vq.htm"
    },
    {
        "date": "2008-11-30",
        "symbol": "SKY",
        "reportedCurrency": "USD",
        "cik": "0000090896",
        "fillingDate": "2009-01-09",
        "acceptedDate": "2009-01-09 16:52:48",
        "calendarYear": "2008",
        "period": "Q3",
        "revenue": 47210000,
        "costOfRevenue": 46381000,
        "grossProfit": 829000,
        "grossProfitRatio": 0.017559839,
        "researchAndDevelopmentExpenses": 0,
        "generalAndAdministrativeExpenses": 0,
        "sellingAndMarketingExpenses": 0,
        "sellingGeneralAndAdministrativeExpenses": 8165000,
        "otherExpenses": 0,
        "operatingExpenses": 8165000,
        "costAndExpenses": 54546000,
        "interestIncome": 0,
        "interestExpense": 0,
        "depreciationAndAmortization": 655000,
        "ebitda": -6681000,
        "ebitdaratio": -0.1415166278,
        "operatingIncome": -7336000,
        "operatingIncomeRatio": -0.155390807,
        "totalOtherIncomeExpensesNet": 710000,
        "incomeBeforeTax": -6626000,
        "incomeBeforeTaxRatio": -0.1403516204,
        "incomeTaxExpense": -2528000,
        "netIncome": -4098000,
        "netIncomeRatio": -0.0868036433,
        "eps": -0.49,
        "epsdiluted": -0.49,
        "weightedAverageShsOut": 8391244,
        "weightedAverageShsOutDil": 8391244,
        "link": "https://www.sec.gov/Archives/edgar/data/90896/000136231009000272/0001362310-09-000272-index.htm",
        "finalLink": "https://www.sec.gov/Archives/edgar/data/90896/000136231009000272/c79274e10vq.htm"
    },
    {
        "date": "2008-08-31",
        "symbol": "SKY",
        "reportedCurrency": "USD",
        "cik": "0000090896",
        "fillingDate": "2008-10-10",
        "acceptedDate": "2008-10-10 16:49:49",
        "calendarYear": "2008",
        "period": "Q2",
        "revenue": 62597000,
        "costOfRevenue": 60394000,
        "grossProfit": 2203000,
        "grossProfitRatio": 0.0351933799,
        "researchAndDevelopmentExpenses": 0,
        "generalAndAdministrativeExpenses": 0,
        "sellingAndMarketingExpenses": 0,
        "sellingGeneralAndAdministrativeExpenses": 9064000,
        "otherExpenses": 0,
        "operatingExpenses": 9064000,
        "costAndExpenses": 69458000,
        "interestIncome": 0,
        "interestExpense": 0,
        "depreciationAndAmortization": 705000,
        "ebitda": -6156000,
        "ebitdaratio": -0.0983433711,
        "operatingIncome": -6861000,
        "operatingIncomeRatio": -0.1096058917,
        "totalOtherIncomeExpensesNet": 390000,
        "incomeBeforeTax": -6471000,
        "incomeBeforeTaxRatio": -0.1033755611,
        "incomeTaxExpense": -2325000,
        "netIncome": -4146000,
        "netIncomeRatio": -0.0662332061,
        "eps": -0.49,
        "epsdiluted": -0.49,
        "weightedAverageShsOut": 8391244,
        "weightedAverageShsOutDil": 8391244,
        "link": "https://www.sec.gov/Archives/edgar/data/90896/000136231008005733/0001362310-08-005733-index.htm",
        "finalLink": "https://www.sec.gov/Archives/edgar/data/90896/000136231008005733/c75858e10vq.htm"
    },
    {
        "date": "2008-05-31",
        "symbol": "SKY",
        "reportedCurrency": "USD",
        "cik": "0000090896",
        "fillingDate": "2008-08-01",
        "acceptedDate": "2008-08-01 17:10:57",
        "calendarYear": "2008",
        "period": "Q1",
        "revenue": 70859000,
        "costOfRevenue": 64486000,
        "grossProfit": 6373000,
        "grossProfitRatio": 0.089939175,
        "researchAndDevelopmentExpenses": 0,
        "generalAndAdministrativeExpenses": 0,
        "sellingAndMarketingExpenses": 0,
        "sellingGeneralAndAdministrativeExpenses": 7297000,
        "otherExpenses": 0,
        "operatingExpenses": 7297000,
        "costAndExpenses": 71783000,
        "interestIncome": 0,
        "interestExpense": 0,
        "depreciationAndAmortization": 827000,
        "ebitda": -97000,
        "ebitdaratio": -0.0013689157,
        "operatingIncome": -924000,
        "operatingIncomeRatio": -0.0130399808,
        "totalOtherIncomeExpensesNet": 599000,
        "incomeBeforeTax": -325000,
        "incomeBeforeTaxRatio": -0.0045865733,
        "incomeTaxExpense": -516000,
        "netIncome": 191000,
        "netIncomeRatio": 0.0026954939,
        "eps": 0.0228,
        "epsdiluted": 0.0228,
        "weightedAverageShsOut": 8391244,
        "weightedAverageShsOutDil": 8391244,
        "link": "https://www.sec.gov/Archives/edgar/data/90896/000095013708010051/0000950137-08-010051-index.htm",
        "finalLink": "https://www.sec.gov/Archives/edgar/data/90896/000095013708010051/c29615e10vk.htm"
    },
    {
        "date": "2008-02-29",
        "symbol": "SKY",
        "reportedCurrency": "USD",
        "cik": "0000090896",
        "fillingDate": "2008-04-04",
        "acceptedDate": "2008-04-04 17:05:20",
        "calendarYear": "2007",
        "period": "Q4",
        "revenue": 57314000,
        "costOfRevenue": 57020000,
        "grossProfit": 294000,
        "grossProfitRatio": 0.0051296367,
        "researchAndDevelopmentExpenses": 0,
        "generalAndAdministrativeExpenses": 0,
        "sellingAndMarketingExpenses": 0,
        "sellingGeneralAndAdministrativeExpenses": 9123000,
        "otherExpenses": 0,
        "operatingExpenses": 9123000,
        "costAndExpenses": 66143000,
        "interestIncome": 0,
        "interestExpense": 0,
        "depreciationAndAmortization": 850000,
        "ebitda": -7979000,
        "ebitdaratio": -0.1392155494,
        "operatingIncome": -8829000,
        "operatingIncomeRatio": -0.1540461318,
        "totalOtherIncomeExpensesNet": 1683000,
        "incomeBeforeTax": -7146000,
        "incomeBeforeTaxRatio": -0.1246815787,
        "incomeTaxExpense": -2576000,
        "netIncome": -4570000,
        "netIncomeRatio": -0.0797361901,
        "eps": -0.54,
        "epsdiluted": -0.54,
        "weightedAverageShsOut": 8391244,
        "weightedAverageShsOutDil": 8391244,
        "link": "https://www.sec.gov/Archives/edgar/data/90896/000136231008001810/0001362310-08-001810-index.htm",
        "finalLink": "https://www.sec.gov/Archives/edgar/data/90896/000136231008001810/c72880e10vq.htm"
    },
    {
        "date": "2007-11-30",
        "symbol": "SKY",
        "reportedCurrency": "USD",
        "cik": "0000090896",
        "fillingDate": "2008-01-04",
        "acceptedDate": "2008-01-04 16:54:58",
        "calendarYear": "2007",
        "period": "Q3",
        "revenue": 77198000,
        "costOfRevenue": 71375000,
        "grossProfit": 5823000,
        "grossProfitRatio": 0.0754294153,
        "researchAndDevelopmentExpenses": 0,
        "generalAndAdministrativeExpenses": 0,
        "sellingAndMarketingExpenses": 0,
        "sellingGeneralAndAdministrativeExpenses": 9747000,
        "otherExpenses": 0,
        "operatingExpenses": 9747000,
        "costAndExpenses": 81122000,
        "interestIncome": 0,
        "interestExpense": 0,
        "depreciationAndAmortization": 751000,
        "ebitda": -3173000,
        "ebitdaratio": -0.0411021011,
        "operatingIncome": -3924000,
        "operatingIncomeRatio": -0.0508303324,
        "totalOtherIncomeExpensesNet": 1158000,
        "incomeBeforeTax": -2766000,
        "incomeBeforeTaxRatio": -0.0358299438,
        "incomeTaxExpense": -880000,
        "netIncome": -1886000,
        "netIncomeRatio": -0.0244306847,
        "eps": -0.22,
        "epsdiluted": -0.22,
        "weightedAverageShsOut": 8391244,
        "weightedAverageShsOutDil": 8391244,
        "link": "https://www.sec.gov/Archives/edgar/data/90896/000095013708000097/0000950137-08-000097-index.htm",
        "finalLink": "https://www.sec.gov/Archives/edgar/data/90896/000095013708000097/c22725e10vq.htm"
    },
    {
        "date": "2007-08-31",
        "symbol": "SKY",
        "reportedCurrency": "USD",
        "cik": "0000090896",
        "fillingDate": "2007-10-05",
        "acceptedDate": "2007-10-05 17:07:13",
        "calendarYear": "2007",
        "period": "Q2",
        "revenue": 96394000,
        "costOfRevenue": 86075000,
        "grossProfit": 10319000,
        "grossProfitRatio": 0.1070502313,
        "researchAndDevelopmentExpenses": 0,
        "generalAndAdministrativeExpenses": 0,
        "sellingAndMarketingExpenses": 0,
        "sellingGeneralAndAdministrativeExpenses": 10603000,
        "otherExpenses": 0,
        "operatingExpenses": 10603000,
        "costAndExpenses": 96678000,
        "interestIncome": 0,
        "interestExpense": 0,
        "depreciationAndAmortization": 753000,
        "ebitda": 469000,
        "ebitdaratio": 0.0048654481,
        "operatingIncome": -284000,
        "operatingIncomeRatio": -0.0029462415,
        "totalOtherIncomeExpensesNet": 1383000,
        "incomeBeforeTax": 1099000,
        "incomeBeforeTaxRatio": 0.0114011246,
        "incomeTaxExpense": 390000,
        "netIncome": 709000,
        "netIncomeRatio": 0.0073552296,
        "eps": 0.08,
        "epsdiluted": 0.08,
        "weightedAverageShsOut": 8391244,
        "weightedAverageShsOutDil": 8391244,
        "link": "https://www.sec.gov/Archives/edgar/data/90896/000095013707015167/0000950137-07-015167-index.htm",
        "finalLink": "https://www.sec.gov/Archives/edgar/data/90896/000095013707015167/c19049e10vq.htm"
    },
    {
        "date": "2007-05-31",
        "symbol": "SKY",
        "reportedCurrency": "USD",
        "cik": "0000090896",
        "fillingDate": "2007-08-03",
        "acceptedDate": "2007-08-03 17:12:33",
        "calendarYear": "2007",
        "period": "Q1",
        "revenue": 88536000,
        "costOfRevenue": 78283000,
        "grossProfit": 10253000,
        "grossProfitRatio": 0.1158059998,
        "researchAndDevelopmentExpenses": 0,
        "generalAndAdministrativeExpenses": 0,
        "sellingAndMarketingExpenses": 0,
        "sellingGeneralAndAdministrativeExpenses": 8808000,
        "otherExpenses": 0,
        "operatingExpenses": 8808000,
        "costAndExpenses": 87091000,
        "interestIncome": 0,
        "interestExpense": 0,
        "depreciationAndAmortization": 831000,
        "ebitda": 2276000,
        "ebitdaratio": 0.025707057,
        "operatingIncome": 1445000,
        "operatingIncomeRatio": 0.0163210445,
        "totalOtherIncomeExpensesNet": 1421000,
        "incomeBeforeTax": 2866000,
        "incomeBeforeTaxRatio": 0.0323710129,
        "incomeTaxExpense": 619000,
        "netIncome": 2247000,
        "netIncomeRatio": 0.0253795066,
        "eps": 0.27,
        "epsdiluted": 0.27,
        "weightedAverageShsOut": 8391244,
        "weightedAverageShsOutDil": 8391244,
        "link": "https://www.sec.gov/Archives/edgar/data/90896/000095013707011289/0000950137-07-011289-index.htm",
        "finalLink": "https://www.sec.gov/Archives/edgar/data/90896/000095013707011289/c17062e10vk.htm"
    },
    {
        "date": "2007-02-28",
        "symbol": "SKY",
        "reportedCurrency": "USD",
        "cik": "0000090896",
        "fillingDate": "2007-04-06",
        "acceptedDate": "2007-04-06 16:55:49",
        "calendarYear": "2006",
        "period": "Q4",
        "revenue": 66345000,
        "costOfRevenue": 62004000,
        "grossProfit": 4341000,
        "grossProfitRatio": 0.0654307031,
        "researchAndDevelopmentExpenses": 0,
        "generalAndAdministrativeExpenses": 0,
        "sellingAndMarketingExpenses": 0,
        "sellingGeneralAndAdministrativeExpenses": 9315000,
        "otherExpenses": 0,
        "operatingExpenses": 9315000,
        "costAndExpenses": 71319000,
        "interestIncome": 0,
        "interestExpense": 0,
        "depreciationAndAmortization": 839000,
        "ebitda": -4135000,
        "ebitdaratio": -0.0623257216,
        "operatingIncome": -4974000,
        "operatingIncomeRatio": -0.0749717386,
        "totalOtherIncomeExpensesNet": 1455000,
        "incomeBeforeTax": -3519000,
        "incomeBeforeTaxRatio": -0.0530409225,
        "incomeTaxExpense": -1344000,
        "netIncome": -2175000,
        "netIncomeRatio": -0.0327831788,
        "eps": -0.26,
        "epsdiluted": -0.26,
        "weightedAverageShsOut": 8391244,
        "weightedAverageShsOutDil": 8391244,
        "link": "https://www.sec.gov/Archives/edgar/data/90896/000095013707005260/0000950137-07-005260-index.htm",
        "finalLink": "https://www.sec.gov/Archives/edgar/data/90896/000095013707005260/c13920e10vq.htm"
    },
    {
        "date": "2006-11-30",
        "symbol": "SKY",
        "reportedCurrency": "USD",
        "cik": "0000090896",
        "fillingDate": "2007-01-05",
        "acceptedDate": "2007-01-05 17:05:22",
        "calendarYear": "2006",
        "period": "Q3",
        "revenue": 94786000,
        "costOfRevenue": 84477000,
        "grossProfit": 10309000,
        "grossProfitRatio": 0.1087607875,
        "researchAndDevelopmentExpenses": 0,
        "generalAndAdministrativeExpenses": 0,
        "sellingAndMarketingExpenses": 0,
        "sellingGeneralAndAdministrativeExpenses": 10779000,
        "otherExpenses": 0,
        "operatingExpenses": 10779000,
        "costAndExpenses": 95256000,
        "interestIncome": 0,
        "interestExpense": 0,
        "depreciationAndAmortization": 739000,
        "ebitda": 269000,
        "ebitdaratio": 0.0028379719,
        "operatingIncome": -470000,
        "operatingIncomeRatio": -0.0049585382,
        "totalOtherIncomeExpensesNet": 1476000,
        "incomeBeforeTax": 1006000,
        "incomeBeforeTaxRatio": 0.0106133817,
        "incomeTaxExpense": 381000,
        "netIncome": 625000,
        "netIncomeRatio": 0.0065938008,
        "eps": 0.07,
        "epsdiluted": 0.07,
        "weightedAverageShsOut": 8391244,
        "weightedAverageShsOutDil": 8391244,
        "link": "https://www.sec.gov/Archives/edgar/data/90896/000095013707000115/0000950137-07-000115-index.htm",
        "finalLink": "https://www.sec.gov/Archives/edgar/data/90896/000095013707000115/c11229e10vq.htm"
    },
    {
        "date": "2006-08-31",
        "symbol": "SKY",
        "reportedCurrency": "USD",
        "cik": "0000090896",
        "fillingDate": "2006-10-06",
        "acceptedDate": "2006-10-06 17:03:29",
        "calendarYear": "2006",
        "period": "Q2",
        "revenue": 115806000,
        "costOfRevenue": 102750000,
        "grossProfit": 13056000,
        "grossProfitRatio": 0.1127402725,
        "researchAndDevelopmentExpenses": 0,
        "generalAndAdministrativeExpenses": 0,
        "sellingAndMarketingExpenses": 0,
        "sellingGeneralAndAdministrativeExpenses": 11470000,
        "otherExpenses": 0,
        "operatingExpenses": 11470000,
        "costAndExpenses": 114220000,
        "interestIncome": 0,
        "interestExpense": 0,
        "depreciationAndAmortization": 739000,
        "ebitda": 1586000,
        "ebitdaratio": 0.013695318,
        "operatingIncome": 1586000,
        "operatingIncomeRatio": 0.013695318,
        "totalOtherIncomeExpensesNet": 1460000,
        "incomeBeforeTax": 3046000,
        "incomeBeforeTaxRatio": 0.0263026095,
        "incomeTaxExpense": 1150000,
        "netIncome": 1896000,
        "netIncomeRatio": 0.0163722087,
        "eps": 0.23,
        "epsdiluted": 0.23,
        "weightedAverageShsOut": 8391244,
        "weightedAverageShsOutDil": 8391244,
        "link": "https://www.sec.gov/Archives/edgar/data/90896/000095013706010868/0000950137-06-010868-index.htm",
        "finalLink": "https://www.sec.gov/Archives/edgar/data/90896/000095013706010868/c08876e10vq.htm"
    },
    {
        "date": "2006-05-31",
        "symbol": "SKY",
        "reportedCurrency": "USD",
        "cik": "0000090896",
        "fillingDate": "2006-08-04",
        "acceptedDate": "2006-08-04 16:29:06",
        "calendarYear": "2006",
        "period": "Q1",
        "revenue": 136219000,
        "costOfRevenue": 117855000,
        "grossProfit": 18364000,
        "grossProfitRatio": 0.1348123243,
        "researchAndDevelopmentExpenses": 0,
        "generalAndAdministrativeExpenses": 0,
        "sellingAndMarketingExpenses": 0,
        "sellingGeneralAndAdministrativeExpenses": 11356000,
        "otherExpenses": 0,
        "operatingExpenses": 11356000,
        "costAndExpenses": 129211000,
        "interestIncome": 0,
        "interestExpense": 0,
        "depreciationAndAmortization": 829000,
        "ebitda": 7837000,
        "ebitdaratio": 0.057532356,
        "operatingIncome": 7008000,
        "operatingIncomeRatio": 0.0514465677,
        "totalOtherIncomeExpensesNet": 1393000,
        "incomeBeforeTax": 8401000,
        "incomeBeforeTaxRatio": 0.0616727476,
        "incomeTaxExpense": 3248000,
        "netIncome": 5153000,
        "netIncomeRatio": 0.0378287904,
        "eps": 0.61,
        "epsdiluted": 0.61,
        "weightedAverageShsOut": 8391244,
        "weightedAverageShsOutDil": 8391244,
        "link": "https://www.sec.gov/Archives/edgar/data/90896/000095013706008690/0000950137-06-008690-index.htm",
        "finalLink": "https://www.sec.gov/Archives/edgar/data/90896/000095013706008690/c05835e10vk.htm"
    },
    {
        "date": "2006-02-28",
        "symbol": "SKY",
        "reportedCurrency": "USD",
        "cik": "0000090896",
        "fillingDate": "2006-04-07",
        "acceptedDate": "2006-04-07 16:28:26",
        "calendarYear": "2005",
        "period": "Q4",
        "revenue": 117491000,
        "costOfRevenue": 103530000,
        "grossProfit": 13961000,
        "grossProfitRatio": 0.1188261229,
        "researchAndDevelopmentExpenses": 0,
        "generalAndAdministrativeExpenses": 0,
        "sellingAndMarketingExpenses": 0,
        "sellingGeneralAndAdministrativeExpenses": 11489000,
        "otherExpenses": 0,
        "operatingExpenses": 11489000,
        "costAndExpenses": 115019000,
        "interestIncome": 0,
        "interestExpense": 0,
        "depreciationAndAmortization": 818000,
        "ebitda": 2472000,
        "ebitdaratio": 0.0210399094,
        "operatingIncome": 2472000,
        "operatingIncomeRatio": 0.0210399094,
        "totalOtherIncomeExpensesNet": 1320000,
        "incomeBeforeTax": 3792000,
        "incomeBeforeTaxRatio": 0.0322748125,
        "incomeTaxExpense": 1502000,
        "netIncome": 2290000,
        "netIncomeRatio": 0.0194908546,
        "eps": 0.27,
        "epsdiluted": 0.27,
        "weightedAverageShsOut": 8391244,
        "weightedAverageShsOutDil": 8391244,
        "link": "https://www.sec.gov/Archives/edgar/data/90896/000095013706004288/0000950137-06-004288-index.htm",
        "finalLink": "https://www.sec.gov/Archives/edgar/data/90896/000095013706004288/c04118e10vq.htm"
    },
    {
        "date": "2005-11-30",
        "symbol": "SKY",
        "reportedCurrency": "USD",
        "cik": "0000090896",
        "fillingDate": "2006-01-06",
        "acceptedDate": "2006-01-06 16:23:25",
        "calendarYear": "2005",
        "period": "Q3",
        "revenue": 136487000,
        "costOfRevenue": 118659000,
        "grossProfit": 17828000,
        "grossProfitRatio": 0.1306204987,
        "researchAndDevelopmentExpenses": 0,
        "generalAndAdministrativeExpenses": 0,
        "sellingAndMarketingExpenses": 0,
        "sellingGeneralAndAdministrativeExpenses": 11626000,
        "otherExpenses": 0,
        "operatingExpenses": 11626000,
        "costAndExpenses": 130285000,
        "interestIncome": 0,
        "interestExpense": 0,
        "depreciationAndAmortization": 752000,
        "ebitda": 6202000,
        "ebitdaratio": 0.0454402251,
        "operatingIncome": 6202000,
        "operatingIncomeRatio": 0.0454402251,
        "totalOtherIncomeExpensesNet": 1199000,
        "incomeBeforeTax": 7401000,
        "incomeBeforeTaxRatio": 0.0542249445,
        "incomeTaxExpense": 2896000,
        "netIncome": 4505000,
        "netIncomeRatio": 0.0330068065,
        "eps": 0.54,
        "epsdiluted": 0.54,
        "weightedAverageShsOut": 8391244,
        "weightedAverageShsOutDil": 8391244,
        "link": "https://www.sec.gov/Archives/edgar/data/90896/000095013706000148/0000950137-06-000148-index.htm",
        "finalLink": "https://www.sec.gov/Archives/edgar/data/90896/000095013706000148/c01215e10vq.htm"
    },
    {
        "date": "2005-08-31",
        "symbol": "SKY",
        "reportedCurrency": "USD",
        "cik": "0000090896",
        "fillingDate": "2005-10-07",
        "acceptedDate": "2005-10-07 16:49:16",
        "calendarYear": "2005",
        "period": "Q2",
        "revenue": 118346000,
        "costOfRevenue": 104642000,
        "grossProfit": 13704000,
        "grossProfitRatio": 0.1157960556,
        "researchAndDevelopmentExpenses": 0,
        "generalAndAdministrativeExpenses": 0,
        "sellingAndMarketingExpenses": 0,
        "sellingGeneralAndAdministrativeExpenses": 11472000,
        "otherExpenses": 0,
        "operatingExpenses": 11472000,
        "costAndExpenses": 116114000,
        "interestIncome": 0,
        "interestExpense": 0,
        "depreciationAndAmortization": 755000,
        "ebitda": 2232000,
        "ebitdaratio": 0.018859953,
        "operatingIncome": 2232000,
        "operatingIncomeRatio": 0.018859953,
        "totalOtherIncomeExpensesNet": 1489000,
        "incomeBeforeTax": 3721000,
        "incomeBeforeTaxRatio": 0.0314417048,
        "incomeTaxExpense": 1377000,
        "netIncome": 2344000,
        "netIncomeRatio": 0.0198063306,
        "eps": 0.28,
        "epsdiluted": 0.28,
        "weightedAverageShsOut": 8391244,
        "weightedAverageShsOutDil": 8391244,
        "link": "https://www.sec.gov/Archives/edgar/data/90896/000095013705012136/0000950137-05-012136-index.htm",
        "finalLink": "https://www.sec.gov/Archives/edgar/data/90896/000095013705012136/c98922e10vq.htm"
    },
    {
        "date": "2005-05-31",
        "symbol": "SKY",
        "reportedCurrency": "USD",
        "cik": "0000090896",
        "fillingDate": "2005-07-29",
        "acceptedDate": "2005-07-29 17:00:08",
        "calendarYear": "2005",
        "period": "Q1",
        "revenue": 119507000,
        "costOfRevenue": 105102000,
        "grossProfit": 14405000,
        "grossProfitRatio": 0.1205368723,
        "researchAndDevelopmentExpenses": 0,
        "generalAndAdministrativeExpenses": 0,
        "sellingAndMarketingExpenses": 0,
        "sellingGeneralAndAdministrativeExpenses": 10514000,
        "otherExpenses": 0,
        "operatingExpenses": 10514000,
        "costAndExpenses": 115616000,
        "interestIncome": 0,
        "interestExpense": 0,
        "depreciationAndAmortization": 902000,
        "ebitda": 4793000,
        "ebitdaratio": 0.0401064373,
        "operatingIncome": 3891000,
        "operatingIncomeRatio": 0.0325587622,
        "totalOtherIncomeExpensesNet": 880000,
        "incomeBeforeTax": 4771000,
        "incomeBeforeTaxRatio": 0.0399223476,
        "incomeTaxExpense": 1656000,
        "netIncome": 3115000,
        "netIncomeRatio": 0.0260654188,
        "eps": 0.37,
        "epsdiluted": 0.37,
        "weightedAverageShsOut": 8391244,
        "weightedAverageShsOutDil": 8391244,
        "link": "https://www.sec.gov/Archives/edgar/data/90896/000095013705009303/0000950137-05-009303-index.htm",
        "finalLink": "https://www.sec.gov/Archives/edgar/data/90896/000095013705009303/c96346e10vk.htm"
    },
    {
        "date": "2005-02-28",
        "symbol": "SKY",
        "reportedCurrency": "USD",
        "cik": "0000090896",
        "fillingDate": "2005-04-08",
        "acceptedDate": "2005-04-08 16:49:08",
        "calendarYear": "2004",
        "period": "Q4",
        "revenue": 96219000,
        "costOfRevenue": 86789000,
        "grossProfit": 9430000,
        "grossProfitRatio": 0.0980055914,
        "researchAndDevelopmentExpenses": 0,
        "generalAndAdministrativeExpenses": 0,
        "sellingAndMarketingExpenses": 0,
        "sellingGeneralAndAdministrativeExpenses": 10709000,
        "otherExpenses": 0,
        "operatingExpenses": 10709000,
        "costAndExpenses": 97498000,
        "interestIncome": 0,
        "interestExpense": 0,
        "depreciationAndAmortization": 877000,
        "ebitda": -402000,
        "ebitdaratio": -0.004177969,
        "operatingIncome": -1279000,
        "operatingIncomeRatio": -0.0132925929,
        "totalOtherIncomeExpensesNet": 672000,
        "incomeBeforeTax": -607000,
        "incomeBeforeTaxRatio": -0.0063085253,
        "incomeTaxExpense": -256000,
        "netIncome": -351000,
        "netIncomeRatio": -0.0036479282,
        "eps": -0.0418,
        "epsdiluted": -0.0418,
        "weightedAverageShsOut": 8391244,
        "weightedAverageShsOutDil": 8391244,
        "link": "https://www.sec.gov/Archives/edgar/data/90896/000095013705004257/0000950137-05-004257-index.htm",
        "finalLink": "https://www.sec.gov/Archives/edgar/data/90896/000095013705004257/c94032e10vq.htm"
    },
    {
        "date": "2004-11-30",
        "symbol": "SKY",
        "reportedCurrency": "USD",
        "cik": "0000090896",
        "fillingDate": "2005-01-10",
        "acceptedDate": "2005-01-10 17:12:39",
        "calendarYear": "2004",
        "period": "Q3",
        "revenue": 120585000,
        "costOfRevenue": 105426000,
        "grossProfit": 15159000,
        "grossProfitRatio": 0.1257121533,
        "researchAndDevelopmentExpenses": 0,
        "generalAndAdministrativeExpenses": 0,
        "sellingAndMarketingExpenses": 0,
        "sellingGeneralAndAdministrativeExpenses": 12537000,
        "otherExpenses": 0,
        "operatingExpenses": 12537000,
        "costAndExpenses": 117963000,
        "interestIncome": 0,
        "interestExpense": 0,
        "depreciationAndAmortization": 808000,
        "ebitda": 3430000,
        "ebitdaratio": 0.0284446656,
        "operatingIncome": 2622000,
        "operatingIncomeRatio": 0.021743998,
        "totalOtherIncomeExpensesNet": 533000,
        "incomeBeforeTax": 3155000,
        "incomeBeforeTaxRatio": 0.0261641166,
        "incomeTaxExpense": 1270000,
        "netIncome": 1885000,
        "netIncomeRatio": 0.0156321267,
        "eps": 0.22,
        "epsdiluted": 0.22,
        "weightedAverageShsOut": 8391244,
        "weightedAverageShsOutDil": 8391244,
        "link": "https://www.sec.gov/Archives/edgar/data/90896/000095013705000244/0000950137-05-000244-index.htm",
        "finalLink": "https://www.sec.gov/Archives/edgar/data/90896/000095013705000244/c91010e10vq.htm"
    },
    {
        "date": "2004-08-31",
        "symbol": "SKY",
        "reportedCurrency": "USD",
        "cik": "0000090896",
        "fillingDate": "2004-10-12",
        "acceptedDate": "2004-10-12 10:07:53",
        "calendarYear": "2004",
        "period": "Q2",
        "revenue": 117111000,
        "costOfRevenue": 104030000,
        "grossProfit": 13081000,
        "grossProfitRatio": 0.1116974494,
        "researchAndDevelopmentExpenses": 0,
        "generalAndAdministrativeExpenses": 0,
        "sellingAndMarketingExpenses": 0,
        "sellingGeneralAndAdministrativeExpenses": 12124000,
        "otherExpenses": 0,
        "operatingExpenses": 12124000,
        "costAndExpenses": 116154000,
        "interestIncome": 0,
        "interestExpense": 0,
        "depreciationAndAmortization": 802000,
        "ebitda": 957000,
        "ebitdaratio": 0.0081717345,
        "operatingIncome": 957000,
        "operatingIncomeRatio": 0.0081717345,
        "totalOtherIncomeExpensesNet": 389000,
        "incomeBeforeTax": 1346000,
        "incomeBeforeTaxRatio": 0.0114933695,
        "incomeTaxExpense": 540000,
        "netIncome": 806000,
        "netIncomeRatio": 0.0068823595,
        "eps": 0.1,
        "epsdiluted": 0.1,
        "weightedAverageShsOut": 8391244,
        "weightedAverageShsOutDil": 8391244,
        "link": "https://www.sec.gov/Archives/edgar/data/90896/000095013704008418/0000950137-04-008418-index.htm",
        "finalLink": "https://www.sec.gov/Archives/edgar/data/90896/000095013704008418/c88611e10vq.htm"
    },
    {
        "date": "2004-05-31",
        "symbol": "SKY",
        "reportedCurrency": "USD",
        "cik": "0000090896",
        "fillingDate": "2004-07-29",
        "acceptedDate": "2004-07-29 09:00:06",
        "calendarYear": "2004",
        "period": "Q1",
        "revenue": 117124000,
        "costOfRevenue": 102229000,
        "grossProfit": 14895000,
        "grossProfitRatio": 0.1271729108,
        "researchAndDevelopmentExpenses": 0,
        "generalAndAdministrativeExpenses": 0,
        "sellingAndMarketingExpenses": 0,
        "sellingGeneralAndAdministrativeExpenses": 10792000,
        "otherExpenses": 0,
        "operatingExpenses": 10792000,
        "costAndExpenses": 113021000,
        "interestIncome": 0,
        "interestExpense": 0,
        "depreciationAndAmortization": 888000,
        "ebitda": 4991000,
        "ebitdaratio": 0.0426129572,
        "operatingIncome": 4103000,
        "operatingIncomeRatio": 0.0350312489,
        "totalOtherIncomeExpensesNet": 307000,
        "incomeBeforeTax": 4410000,
        "incomeBeforeTaxRatio": 0.0376524026,
        "incomeTaxExpense": 1656000,
        "netIncome": 2754000,
        "netIncomeRatio": 0.0235135412,
        "eps": 0.33,
        "epsdiluted": 0.33,
        "weightedAverageShsOut": 8391244,
        "weightedAverageShsOutDil": 8391244,
        "link": "https://www.sec.gov/Archives/edgar/data/90896/000095013704005951/0000950137-04-005951-index.htm",
        "finalLink": "https://www.sec.gov/Archives/edgar/data/90896/000095013704005951/c86899e10vk.htm"
    },
    {
        "date": "2004-02-29",
        "symbol": "SKY",
        "reportedCurrency": "USD",
        "cik": "0000090896",
        "fillingDate": "2004-04-14",
        "acceptedDate": "2004-04-14 12:12:16",
        "calendarYear": "2003",
        "period": "Q4",
        "revenue": 90995000,
        "costOfRevenue": 81599000,
        "grossProfit": 9396000,
        "grossProfitRatio": 0.1032584208,
        "researchAndDevelopmentExpenses": 0,
        "generalAndAdministrativeExpenses": 0,
        "sellingAndMarketingExpenses": 0,
        "sellingGeneralAndAdministrativeExpenses": 10854000,
        "otherExpenses": 0,
        "operatingExpenses": 10854000,
        "costAndExpenses": 92453000,
        "interestIncome": 0,
        "interestExpense": 0,
        "depreciationAndAmortization": 890000,
        "ebitda": -568000,
        "ebitdaratio": -0.0062421012,
        "operatingIncome": -1458000,
        "operatingIncomeRatio": -0.0160228584,
        "totalOtherIncomeExpensesNet": 314000,
        "incomeBeforeTax": -1144000,
        "incomeBeforeTaxRatio": -0.0125721193,
        "incomeTaxExpense": -426000,
        "netIncome": -718000,
        "netIncomeRatio": -0.0078905434,
        "eps": -0.0856,
        "epsdiluted": -0.0856,
        "weightedAverageShsOut": 8391244,
        "weightedAverageShsOutDil": 8391244,
        "link": "https://www.sec.gov/Archives/edgar/data/90896/000095013704002768/0000950137-04-002768-index.htm",
        "finalLink": "https://www.sec.gov/Archives/edgar/data/90896/000095013704002768/c84417e10vq.htm"
    },
    {
        "date": "2003-11-30",
        "symbol": "SKY",
        "reportedCurrency": "USD",
        "cik": "0000090896",
        "fillingDate": "2004-01-14",
        "acceptedDate": "2004-01-14 10:06:22",
        "calendarYear": "2003",
        "period": "Q3",
        "revenue": 114583000,
        "costOfRevenue": 99524000,
        "grossProfit": 15059000,
        "grossProfitRatio": 0.1314243823,
        "researchAndDevelopmentExpenses": 0,
        "generalAndAdministrativeExpenses": 0,
        "sellingAndMarketingExpenses": 0,
        "sellingGeneralAndAdministrativeExpenses": 11872000,
        "otherExpenses": 0,
        "operatingExpenses": 11872000,
        "costAndExpenses": 111396000,
        "interestIncome": 0,
        "interestExpense": 0,
        "depreciationAndAmortization": 828000,
        "ebitda": 3187000,
        "ebitdaratio": 0.0278138991,
        "operatingIncome": 3187000,
        "operatingIncomeRatio": 0.0278138991,
        "totalOtherIncomeExpensesNet": 294000,
        "incomeBeforeTax": 3481000,
        "incomeBeforeTaxRatio": 0.0303797247,
        "incomeTaxExpense": 1413000,
        "netIncome": 2068000,
        "netIncomeRatio": 0.0180480525,
        "eps": 0.25,
        "epsdiluted": 0.25,
        "weightedAverageShsOut": 8391244,
        "weightedAverageShsOutDil": 8391244,
        "link": "https://www.sec.gov/Archives/edgar/data/90896/000095013704000152/0000950137-04-000152-index.htm",
        "finalLink": "https://www.sec.gov/Archives/edgar/data/90896/000095013704000152/c81981e10vq.htm"
    },
    {
        "date": "2003-08-31",
        "symbol": "SKY",
        "reportedCurrency": "USD",
        "cik": "0000090896",
        "fillingDate": "2003-10-15",
        "acceptedDate": "2003-10-15 10:00:46",
        "calendarYear": "2003",
        "period": "Q2",
        "revenue": 109679000,
        "costOfRevenue": 94455000,
        "grossProfit": 15224000,
        "grossProfitRatio": 0.1388050584,
        "researchAndDevelopmentExpenses": 0,
        "generalAndAdministrativeExpenses": 0,
        "sellingAndMarketingExpenses": 0,
        "sellingGeneralAndAdministrativeExpenses": 12197000,
        "otherExpenses": 0,
        "operatingExpenses": 12197000,
        "costAndExpenses": 106652000,
        "interestIncome": 0,
        "interestExpense": 0,
        "depreciationAndAmortization": 844000,
        "ebitda": 3871000,
        "ebitdaratio": 0.0352939031,
        "operatingIncome": 3027000,
        "operatingIncomeRatio": 0.0275987199,
        "totalOtherIncomeExpensesNet": 332000,
        "incomeBeforeTax": 3359000,
        "incomeBeforeTaxRatio": 0.0306257351,
        "incomeTaxExpense": 1322000,
        "netIncome": 2037000,
        "netIncomeRatio": 0.0185723794,
        "eps": 0.24,
        "epsdiluted": 0.24,
        "weightedAverageShsOut": 8391244,
        "weightedAverageShsOutDil": 8391244,
        "link": "https://www.sec.gov/Archives/edgar/data/90896/000095013703005177/0000950137-03-005177-index.htm",
        "finalLink": "https://www.sec.gov/Archives/edgar/data/90896/000095013703005177/c79963e10vq.htm"
    },
    {
        "date": "2003-05-31",
        "symbol": "SKY",
        "reportedCurrency": "USD",
        "cik": "0000090896",
        "fillingDate": "2003-07-30",
        "acceptedDate": "2003-07-30 16:37:00",
        "calendarYear": "2003",
        "period": "Q1",
        "revenue": 103149000,
        "costOfRevenue": 88695000,
        "grossProfit": 14454000,
        "grossProfitRatio": 0.1401273885,
        "researchAndDevelopmentExpenses": 0,
        "generalAndAdministrativeExpenses": 0,
        "sellingAndMarketingExpenses": 0,
        "sellingGeneralAndAdministrativeExpenses": 9436000,
        "otherExpenses": 0,
        "operatingExpenses": 9436000,
        "costAndExpenses": 98131000,
        "interestIncome": 0,
        "interestExpense": 0,
        "depreciationAndAmortization": 974000,
        "ebitda": 5992000,
        "ebitdaratio": 0.0580907231,
        "operatingIncome": 5018000,
        "operatingIncomeRatio": 0.0486480722,
        "totalOtherIncomeExpensesNet": 390000,
        "incomeBeforeTax": 5408000,
        "incomeBeforeTaxRatio": 0.0524290105,
        "incomeTaxExpense": 2161000,
        "netIncome": 3247000,
        "netIncomeRatio": 0.0314787346,
        "eps": 0.39,
        "epsdiluted": 0.39,
        "weightedAverageShsOut": 8391244,
        "weightedAverageShsOutDil": 8391244,
        "link": "https://www.sec.gov/Archives/edgar/data/90896/000095013703004040/0000950137-03-004040-index.htm",
        "finalLink": "https://www.sec.gov/Archives/edgar/data/90896/000095013703004040/c78215e10vk.htm"
    },
    {
        "date": "2003-02-28",
        "symbol": "SKY",
        "reportedCurrency": "USD",
        "cik": "0000090896",
        "fillingDate": "2003-04-14",
        "acceptedDate": "2003-04-14 09:13:56",
        "calendarYear": "2002",
        "period": "Q4",
        "revenue": 87709000,
        "costOfRevenue": 78831000,
        "grossProfit": 8878000,
        "grossProfitRatio": 0.1012210834,
        "researchAndDevelopmentExpenses": 0,
        "generalAndAdministrativeExpenses": 0,
        "sellingAndMarketingExpenses": 0,
        "sellingGeneralAndAdministrativeExpenses": 10690000,
        "otherExpenses": 0,
        "operatingExpenses": 10690000,
        "costAndExpenses": 89521000,
        "interestIncome": 0,
        "interestExpense": 0,
        "depreciationAndAmortization": 971000,
        "ebitda": -841000,
        "ebitdaratio": -0.0095885257,
        "operatingIncome": -1812000,
        "operatingIncomeRatio": -0.0206592254,
        "totalOtherIncomeExpensesNet": 465000,
        "incomeBeforeTax": -1347000,
        "incomeBeforeTaxRatio": -0.015357603,
        "incomeTaxExpense": -520000,
        "netIncome": -827000,
        "netIncomeRatio": -0.009428907,
        "eps": -0.0986,
        "epsdiluted": -0.0986,
        "weightedAverageShsOut": 8391244,
        "weightedAverageShsOutDil": 8391244,
        "link": "https://www.sec.gov/Archives/edgar/data/90896/000009089603000008/0000090896-03-000008-index.htm",
        "finalLink": "https://www.sec.gov/Archives/edgar/data/90896/000009089603000008/tenq.txt"
    },
    {
        "date": "2002-11-30",
        "symbol": "SKY",
        "reportedCurrency": "USD",
        "cik": "0000090896",
        "fillingDate": "2003-01-13",
        "acceptedDate": "2003-01-13 16:07:02",
        "calendarYear": "2002",
        "period": "Q3",
        "revenue": 112467000,
        "costOfRevenue": 97556000,
        "grossProfit": 14911000,
        "grossProfitRatio": 0.1325811127,
        "researchAndDevelopmentExpenses": 0,
        "generalAndAdministrativeExpenses": 0,
        "sellingAndMarketingExpenses": 0,
        "sellingGeneralAndAdministrativeExpenses": 12220000,
        "otherExpenses": 0,
        "operatingExpenses": 12220000,
        "costAndExpenses": 109776000,
        "interestIncome": 0,
        "interestExpense": 0,
        "depreciationAndAmortization": 920000,
        "ebitda": 3611000,
        "ebitdaratio": 0.0321071959,
        "operatingIncome": 2691000,
        "operatingIncomeRatio": 0.0239270186,
        "totalOtherIncomeExpensesNet": 548000,
        "incomeBeforeTax": 3239000,
        "incomeBeforeTaxRatio": 0.028799559,
        "incomeTaxExpense": 1288000,
        "netIncome": 1951000,
        "netIncomeRatio": 0.0173473108,
        "eps": 0.23,
        "epsdiluted": 0.23,
        "weightedAverageShsOut": 8391244,
        "weightedAverageShsOutDil": 8391244,
        "link": "https://www.sec.gov/Archives/edgar/data/90896/000009089603000003/0000090896-03-000003-index.htm",
        "finalLink": "https://www.sec.gov/Archives/edgar/data/90896/000009089603000003/tenq.txt"
    },
    {
        "date": "2002-08-31",
        "symbol": "SKY",
        "reportedCurrency": "USD",
        "cik": "0000090896",
        "fillingDate": "2002-10-15",
        "acceptedDate": "2002-10-15 10:27:08",
        "calendarYear": "2002",
        "period": "Q2",
        "revenue": 116492000,
        "costOfRevenue": 101551000,
        "grossProfit": 14941000,
        "grossProfitRatio": 0.1282577344,
        "researchAndDevelopmentExpenses": 0,
        "generalAndAdministrativeExpenses": 12497000,
        "sellingAndMarketingExpenses": 0,
        "sellingGeneralAndAdministrativeExpenses": 12497000,
        "otherExpenses": 0,
        "operatingExpenses": 12497000,
        "costAndExpenses": 114048000,
        "interestIncome": 0,
        "interestExpense": 0,
        "depreciationAndAmortization": 920000,
        "ebitda": 3364000,
        "ebitdaratio": 0.0288775195,
        "operatingIncome": 2444000,
        "operatingIncomeRatio": 0.0209799815,
        "totalOtherIncomeExpensesNet": 592000,
        "incomeBeforeTax": 3036000,
        "incomeBeforeTaxRatio": 0.0260618755,
        "incomeTaxExpense": 1214000,
        "netIncome": 1822000,
        "netIncomeRatio": 0.015640559,
        "eps": 0.22,
        "epsdiluted": 0.22,
        "weightedAverageShsOut": 8391244,
        "weightedAverageShsOutDil": 8391244,
        "link": "https://www.sec.gov/Archives/edgar/data/90896/000009089602000016/0000090896-02-000016-index.htm",
        "finalLink": "https://www.sec.gov/Archives/edgar/data/90896/000009089602000016/tenq.txt"
    },
    {
        "date": "2002-05-31",
        "symbol": "SKY",
        "reportedCurrency": "USD",
        "cik": "0000090896",
        "fillingDate": "2002-07-30",
        "acceptedDate": "2002-07-30 11:39:48",
        "calendarYear": "2002",
        "period": "Q1",
        "revenue": 114363000,
        "costOfRevenue": 97446000,
        "grossProfit": 16917000,
        "grossProfitRatio": 0.1479237166,
        "researchAndDevelopmentExpenses": 0,
        "generalAndAdministrativeExpenses": 10795000,
        "sellingAndMarketingExpenses": 0,
        "sellingGeneralAndAdministrativeExpenses": 10795000,
        "otherExpenses": 0,
        "operatingExpenses": 10795000,
        "costAndExpenses": 108241000,
        "interestIncome": 0,
        "interestExpense": 0,
        "depreciationAndAmortization": 1029000,
        "ebitda": 7151000,
        "ebitdaratio": 0.0625289648,
        "operatingIncome": 6122000,
        "operatingIncomeRatio": 0.0535312995,
        "totalOtherIncomeExpensesNet": 601000,
        "incomeBeforeTax": 6723000,
        "incomeBeforeTaxRatio": 0.0587864956,
        "incomeTaxExpense": 2649000,
        "netIncome": 4074000,
        "netIncomeRatio": 0.0356234097,
        "eps": 0.49,
        "epsdiluted": 0.49,
        "weightedAverageShsOut": 8391244,
        "weightedAverageShsOutDil": 8391244,
        "link": "https://www.sec.gov/Archives/edgar/data/90896/000009089602000010/0000090896-02-000010-index.htm",
        "finalLink": "https://www.sec.gov/Archives/edgar/data/90896/000009089602000010/tenk02.txt"
    },
    {
        "date": "2002-02-28",
        "symbol": "SKY",
        "reportedCurrency": "USD",
        "cik": "0000090896",
        "fillingDate": "2002-03-29",
        "acceptedDate": "2002-03-29 00:00:00",
        "calendarYear": "2001",
        "period": "Q4",
        "revenue": 96080000,
        "costOfRevenue": 84107000,
        "grossProfit": 11973000,
        "grossProfitRatio": 0.1246149042,
        "researchAndDevelopmentExpenses": 0,
        "generalAndAdministrativeExpenses": 11343000,
        "sellingAndMarketingExpenses": 0,
        "sellingGeneralAndAdministrativeExpenses": 11343000,
        "otherExpenses": 0,
        "operatingExpenses": 11343000,
        "costAndExpenses": 95450000,
        "interestIncome": 0,
        "interestExpense": 0,
        "depreciationAndAmortization": 1023000,
        "ebitda": 1653000,
        "ebitdaratio": 0.017204413,
        "operatingIncome": 630000,
        "operatingIncomeRatio": 0.0065570358,
        "totalOtherIncomeExpensesNet": 831000,
        "incomeBeforeTax": 1461000,
        "incomeBeforeTaxRatio": 0.0152060783,
        "incomeTaxExpense": 592000,
        "netIncome": 869000,
        "netIncomeRatio": 0.0090445462,
        "eps": 0.1,
        "epsdiluted": 0.1,
        "weightedAverageShsOut": 8391244,
        "weightedAverageShsOutDil": 8391244,
        "link": "https://www.sec.gov/Archives/edgar/data/90896/000009089602000004/0000090896-02-000004-index.htm",
        "finalLink": "https://www.sec.gov/Archives/edgar/data/90896/000009089602000004/tenq3rd.txt"
    },
    {
        "date": "2001-11-30",
        "symbol": "SKY",
        "reportedCurrency": "USD",
        "cik": "0000090896",
        "fillingDate": "2002-01-11",
        "acceptedDate": "2002-01-11 00:00:00",
        "calendarYear": "2001",
        "period": "Q3",
        "revenue": 118054000,
        "costOfRevenue": 100451000,
        "grossProfit": 17603000,
        "grossProfitRatio": 0.1491097294,
        "researchAndDevelopmentExpenses": 0,
        "generalAndAdministrativeExpenses": 12600000,
        "sellingAndMarketingExpenses": 0,
        "sellingGeneralAndAdministrativeExpenses": 12600000,
        "otherExpenses": 0,
        "operatingExpenses": 12600000,
        "costAndExpenses": 113051000,
        "interestIncome": 0,
        "interestExpense": 0,
        "depreciationAndAmortization": 916000,
        "ebitda": 5919000,
        "ebitdaratio": 0.0501380724,
        "operatingIncome": 5003000,
        "operatingIncomeRatio": 0.0423789113,
        "totalOtherIncomeExpensesNet": 1189000,
        "incomeBeforeTax": 6192000,
        "incomeBeforeTaxRatio": 0.0524505735,
        "incomeTaxExpense": 2444000,
        "netIncome": 3748000,
        "netIncomeRatio": 0.031748183,
        "eps": 0.45,
        "epsdiluted": 0.45,
        "weightedAverageShsOut": 8391244,
        "weightedAverageShsOutDil": 8391244,
        "link": "https://www.sec.gov/Archives/edgar/data/90896/000009089602000002/0000090896-02-000002-index.htm",
        "finalLink": "https://www.sec.gov/Archives/edgar/data/90896/000009089602000002/tenq2nd.txt"
    },
    {
        "date": "2001-08-31",
        "symbol": "SKY",
        "reportedCurrency": "USD",
        "cik": "0000090896",
        "fillingDate": "2001-10-10",
        "acceptedDate": "2001-10-10 00:00:00",
        "calendarYear": "2001",
        "period": "Q2",
        "revenue": 122225000,
        "costOfRevenue": 105046000,
        "grossProfit": 17179000,
        "grossProfitRatio": 0.1405522602,
        "researchAndDevelopmentExpenses": 0,
        "generalAndAdministrativeExpenses": 12807000,
        "sellingAndMarketingExpenses": 0,
        "sellingGeneralAndAdministrativeExpenses": 12807000,
        "otherExpenses": 0,
        "operatingExpenses": 12807000,
        "costAndExpenses": 117853000,
        "interestIncome": 0,
        "interestExpense": 0,
        "depreciationAndAmortization": 922000,
        "ebitda": 5294000,
        "ebitdaratio": 0.0433135611,
        "operatingIncome": 4372000,
        "operatingIncomeRatio": 0.0357700961,
        "totalOtherIncomeExpensesNet": 1481000,
        "incomeBeforeTax": 5853000,
        "incomeBeforeTaxRatio": 0.0478870935,
        "incomeTaxExpense": 2290000,
        "netIncome": 3563000,
        "netIncomeRatio": 0.0291511557,
        "eps": 0.42,
        "epsdiluted": 0.42,
        "weightedAverageShsOut": 8391244,
        "weightedAverageShsOutDil": 8391244,
        "link": "https://www.sec.gov/Archives/edgar/data/90896/000009089601500019/0000090896-01-500019-index.htm",
        "finalLink": "https://www.sec.gov/Archives/edgar/data/90896/000009089601500019/tenq1st.txt"
    },
    {
        "date": "2001-05-31",
        "symbol": "SKY",
        "reportedCurrency": "USD",
        "cik": "0000090896",
        "fillingDate": "2001-08-03",
        "acceptedDate": "2001-08-03 00:00:00",
        "calendarYear": "2001",
        "period": "Q1",
        "revenue": 119927000,
        "costOfRevenue": 105701000,
        "grossProfit": 14226000,
        "grossProfitRatio": 0.1186221618,
        "researchAndDevelopmentExpenses": 0,
        "generalAndAdministrativeExpenses": 11224000,
        "sellingAndMarketingExpenses": 0,
        "sellingGeneralAndAdministrativeExpenses": 11224000,
        "otherExpenses": -2986000,
        "operatingExpenses": 8238000,
        "costAndExpenses": 113939000,
        "interestIncome": 0,
        "interestExpense": 0,
        "depreciationAndAmortization": 999000,
        "ebitda": 6987000,
        "ebitdaratio": 0.0582604418,
        "operatingIncome": 5988000,
        "operatingIncomeRatio": 0.0499303743,
        "totalOtherIncomeExpensesNet": 1742000,
        "incomeBeforeTax": 7730000,
        "incomeBeforeTaxRatio": 0.0644558773,
        "incomeTaxExpense": 3086000,
        "netIncome": 4644000,
        "netIncomeRatio": 0.0387235568,
        "eps": 0.55,
        "epsdiluted": 0.55,
        "weightedAverageShsOut": 8390396,
        "weightedAverageShsOutDil": 8391244,
        "link": "https://www.sec.gov/Archives/edgar/data/90896/000009089601500011/0000090896-01-500011-index.htm",
        "finalLink": "https://www.sec.gov/Archives/edgar/data/90896/000009089601500011/fiscal01_10k.txt"
    },
    {
        "date": "2001-02-28",
        "symbol": "SKY",
        "reportedCurrency": "USD",
        "cik": "0000090896",
        "fillingDate": "2001-04-11",
        "acceptedDate": "2001-04-11 00:00:00",
        "calendarYear": "2000",
        "period": "Q4",
        "revenue": 90838000,
        "costOfRevenue": 80165000,
        "grossProfit": 10673000,
        "grossProfitRatio": 0.117494881,
        "researchAndDevelopmentExpenses": 0,
        "generalAndAdministrativeExpenses": 11916000,
        "sellingAndMarketingExpenses": 0,
        "sellingGeneralAndAdministrativeExpenses": 11916000,
        "otherExpenses": 1017000,
        "operatingExpenses": 12933000,
        "costAndExpenses": 93098000,
        "interestIncome": 0,
        "interestExpense": 0,
        "depreciationAndAmortization": 1017000,
        "ebitda": -1243000,
        "ebitdaratio": -0.0136837007,
        "operatingIncome": -2260000,
        "operatingIncomeRatio": -0.0248794557,
        "totalOtherIncomeExpensesNet": 2686000,
        "incomeBeforeTax": 426000,
        "incomeBeforeTaxRatio": 0.0046896673,
        "incomeTaxExpense": 164000,
        "netIncome": 262000,
        "netIncomeRatio": 0.0028842555,
        "eps": 0.03,
        "epsdiluted": 0.03,
        "weightedAverageShsOut": 8391744,
        "weightedAverageShsOutDil": 8391744,
        "link": "https://www.sec.gov/Archives/edgar/data/90896/000009089601500005/0000090896-01-500005-index.htm",
        "finalLink": "https://www.sec.gov/Archives/edgar/data/90896/000009089601500005/tenq3rd01.txt"
    },
    {
        "date": "2000-11-30",
        "symbol": "SKY",
        "reportedCurrency": "USD",
        "cik": "0000090896",
        "fillingDate": "2001-01-11",
        "acceptedDate": "2001-01-11 00:00:00",
        "calendarYear": "2000",
        "period": "Q3",
        "revenue": 123087000,
        "costOfRevenue": 99786000,
        "grossProfit": 23301000,
        "grossProfitRatio": 0.1893051256,
        "researchAndDevelopmentExpenses": 0,
        "generalAndAdministrativeExpenses": 19102000,
        "sellingAndMarketingExpenses": 0,
        "sellingGeneralAndAdministrativeExpenses": 19102000,
        "otherExpenses": 984000,
        "operatingExpenses": 20086000,
        "costAndExpenses": 119872000,
        "interestIncome": 0,
        "interestExpense": 0,
        "depreciationAndAmortization": 984000,
        "ebitda": 3215000,
        "ebitdaratio": 0.0261197364,
        "operatingIncome": 3215000,
        "operatingIncomeRatio": 0.0261197364,
        "totalOtherIncomeExpensesNet": 2027000,
        "incomeBeforeTax": 5242000,
        "incomeBeforeTaxRatio": 0.0425877631,
        "incomeTaxExpense": 2108000,
        "netIncome": 3134000,
        "netIncomeRatio": 0.0254616653,
        "eps": 0.37,
        "epsdiluted": 0.37,
        "weightedAverageShsOut": 8475784,
        "weightedAverageShsOutDil": 8475784,
        "link": "https://www.sec.gov/Archives/edgar/data/90896/000109238801500060/0001092388-01-500060-index.htm",
        "finalLink": "https://www.sec.gov/Archives/edgar/data/90896/000109238801500060/skyline_10q-v3.htm"
    },
    {
        "date": "2000-08-31",
        "symbol": "SKY",
        "reportedCurrency": "USD",
        "cik": "0000090896",
        "fillingDate": "2000-08-31",
        "acceptedDate": "2000-08-31 00:00:00",
        "calendarYear": "2000",
        "period": "Q2",
        "revenue": 134280000,
        "costOfRevenue": 110358000,
        "grossProfit": 23922000,
        "grossProfitRatio": 0.178150134,
        "researchAndDevelopmentExpenses": 0,
        "generalAndAdministrativeExpenses": 19733000,
        "sellingAndMarketingExpenses": 0,
        "sellingGeneralAndAdministrativeExpenses": 19733000,
        "otherExpenses": 985000,
        "operatingExpenses": 20718000,
        "costAndExpenses": 131076000,
        "interestIncome": 0,
        "interestExpense": 0,
        "depreciationAndAmortization": 985000,
        "ebitda": 4189000,
        "ebitdaratio": 0.0311960083,
        "operatingIncome": 3204000,
        "operatingIncomeRatio": 0.0238605898,
        "totalOtherIncomeExpensesNet": 1928000,
        "incomeBeforeTax": 5132000,
        "incomeBeforeTaxRatio": 0.0382186476,
        "incomeTaxExpense": 2002000,
        "netIncome": 3130000,
        "netIncomeRatio": 0.0233095025,
        "eps": 0.36,
        "epsdiluted": 0.36,
        "weightedAverageShsOut": 8612930,
        "weightedAverageShsOutDil": 8612930,
        "link": null,
        "finalLink": null
    },
    {
        "date": "2000-05-31",
        "symbol": "SKY",
        "reportedCurrency": "USD",
        "cik": "0000090896",
        "fillingDate": "2000-08-04",
        "acceptedDate": "2000-08-04 00:00:00",
        "calendarYear": "2000",
        "period": "Q1",
        "revenue": 143312000,
        "costOfRevenue": 117455000,
        "grossProfit": 25857000,
        "grossProfitRatio": 0.1804245283,
        "researchAndDevelopmentExpenses": 0,
        "generalAndAdministrativeExpenses": 19248000,
        "sellingAndMarketingExpenses": 0,
        "sellingGeneralAndAdministrativeExpenses": 19248000,
        "otherExpenses": 1089000,
        "operatingExpenses": 20337000,
        "costAndExpenses": 137792000,
        "interestIncome": 0,
        "interestExpense": 0,
        "depreciationAndAmortization": 1089000,
        "ebitda": 6609000,
        "ebitdaratio": 0.0461161661,
        "operatingIncome": 5520000,
        "operatingIncomeRatio": 0.0385173607,
        "totalOtherIncomeExpensesNet": 1774000,
        "incomeBeforeTax": 7294000,
        "incomeBeforeTaxRatio": 0.0508959473,
        "incomeTaxExpense": 2921000,
        "netIncome": 4373000,
        "netIncomeRatio": 0.0305138439,
        "eps": 0.51,
        "epsdiluted": 0.51,
        "weightedAverageShsOut": 8612930,
        "weightedAverageShsOutDil": 8612930,
        "link": "https://www.sec.gov/Archives/edgar/data/90896/000009089600000010/0000090896-00-000010-index.htm",
        "finalLink": "https://www.sec.gov/Archives/edgar/data/90896/000009089600000010/0000090896-00-000010-0001.txt"
    },
    {
        "date": "2000-02-29",
        "symbol": "SKY",
        "reportedCurrency": "USD",
        "cik": "0000090896",
        "fillingDate": "2000-04-11",
        "acceptedDate": "2000-04-11 00:00:00",
        "calendarYear": "1999",
        "period": "Q4",
        "revenue": 118969000,
        "costOfRevenue": 99630000,
        "grossProfit": 19339000,
        "grossProfitRatio": 0.1625549513,
        "researchAndDevelopmentExpenses": 0,
        "generalAndAdministrativeExpenses": 18240000,
        "sellingAndMarketingExpenses": 0,
        "sellingGeneralAndAdministrativeExpenses": 18240000,
        "otherExpenses": 1083000,
        "operatingExpenses": 19323000,
        "costAndExpenses": 118953000,
        "interestIncome": 0,
        "interestExpense": 0,
        "depreciationAndAmortization": 1094000,
        "ebitda": 1110000,
        "ebitdaratio": 0.0093301616,
        "operatingIncome": 16000,
        "operatingIncomeRatio": 0.0001344888,
        "totalOtherIncomeExpensesNet": 1667000,
        "incomeBeforeTax": 1683000,
        "incomeBeforeTaxRatio": 0.0141465424,
        "incomeTaxExpense": 673000,
        "netIncome": 1010000,
        "netIncomeRatio": 0.0084896065,
        "eps": 0.12,
        "epsdiluted": 0.12,
        "weightedAverageShsOut": 8775973,
        "weightedAverageShsOutDil": 8775973,
        "link": "https://www.sec.gov/Archives/edgar/data/90896/000009089600000005/0000090896-00-000005-index.htm",
        "finalLink": "https://www.sec.gov/Archives/edgar/data/90896/000009089600000005/"
    },
    {
        "date": "1999-11-30",
        "symbol": "SKY",
        "reportedCurrency": "USD",
        "cik": "0000090896",
        "fillingDate": "2000-01-13",
        "acceptedDate": "2000-01-13 00:00:00",
        "calendarYear": "1999",
        "period": "Q3",
        "revenue": 160200000,
        "costOfRevenue": 131500000,
        "grossProfit": 28700000,
        "grossProfitRatio": 0.1791510612,
        "researchAndDevelopmentExpenses": 0,
        "generalAndAdministrativeExpenses": 21500000,
        "sellingAndMarketingExpenses": 0,
        "sellingGeneralAndAdministrativeExpenses": 21500000,
        "otherExpenses": 900000,
        "operatingExpenses": 22400000,
        "costAndExpenses": 153900000,
        "interestIncome": 0,
        "interestExpense": 0,
        "depreciationAndAmortization": 900000,
        "ebitda": 7200000,
        "ebitdaratio": 0.0449438202,
        "operatingIncome": 6300000,
        "operatingIncomeRatio": 0.0393258427,
        "totalOtherIncomeExpensesNet": 1700000,
        "incomeBeforeTax": 8000000,
        "incomeBeforeTaxRatio": 0.049937578,
        "incomeTaxExpense": 3200000,
        "netIncome": 4800000,
        "netIncomeRatio": 0.0299625468,
        "eps": 0.53,
        "epsdiluted": 0.53,
        "weightedAverageShsOut": 8960620,
        "weightedAverageShsOutDil": 9074074,
        "link": "https://www.sec.gov/Archives/edgar/data/90896/000009089600000002/0000090896-00-000002-index.htm",
        "finalLink": "https://www.sec.gov/Archives/edgar/data/90896/000009089600000002/"
    },
    {
        "date": "1999-08-31",
        "symbol": "SKY",
        "reportedCurrency": "USD",
        "cik": "0000090896",
        "fillingDate": "1999-10-08",
        "acceptedDate": "1999-10-08 00:00:00",
        "calendarYear": "1999",
        "period": "Q2",
        "revenue": 166700000,
        "costOfRevenue": 137000000,
        "grossProfit": 29700000,
        "grossProfitRatio": 0.1781643671,
        "researchAndDevelopmentExpenses": 0,
        "generalAndAdministrativeExpenses": 22100000,
        "sellingAndMarketingExpenses": 0,
        "sellingGeneralAndAdministrativeExpenses": 22100000,
        "otherExpenses": 1000000,
        "operatingExpenses": 23100000,
        "costAndExpenses": 160100000,
        "interestIncome": 0,
        "interestExpense": 0,
        "depreciationAndAmortization": 1000000,
        "ebitda": 7600000,
        "ebitdaratio": 0.0455908818,
        "operatingIncome": 6600000,
        "operatingIncomeRatio": 0.0395920816,
        "totalOtherIncomeExpensesNet": 1600000,
        "incomeBeforeTax": 8200000,
        "incomeBeforeTaxRatio": 0.049190162,
        "incomeTaxExpense": 3300000,
        "netIncome": 4900000,
        "netIncomeRatio": 0.0293941212,
        "eps": 0.54,
        "epsdiluted": 0.54,
        "weightedAverageShsOut": 9074074,
        "weightedAverageShsOutDil": 9074074,
        "link": "https://www.sec.gov/Archives/edgar/data/90896/000009089699000016/0000090896-99-000016-index.htm",
        "finalLink": "https://www.sec.gov/Archives/edgar/data/90896/000009089699000016/"
    },
    {
        "date": "1999-05-31",
        "symbol": "SKY",
        "reportedCurrency": "USD",
        "cik": "0000090896",
        "fillingDate": "1999-08-06",
        "acceptedDate": "1999-08-06 00:00:00",
        "calendarYear": "1999",
        "period": "Q1",
        "revenue": 171900000,
        "costOfRevenue": 138200000,
        "grossProfit": 33700000,
        "grossProfitRatio": 0.1960442118,
        "researchAndDevelopmentExpenses": 0,
        "generalAndAdministrativeExpenses": 21100000,
        "sellingAndMarketingExpenses": 0,
        "sellingGeneralAndAdministrativeExpenses": 21100000,
        "otherExpenses": 1000000,
        "operatingExpenses": 22100000,
        "costAndExpenses": 160300000,
        "interestIncome": 0,
        "interestExpense": 0,
        "depreciationAndAmortization": 1000000,
        "ebitda": 12600000,
        "ebitdaratio": 0.0732984293,
        "operatingIncome": 11600000,
        "operatingIncomeRatio": 0.0674810937,
        "totalOtherIncomeExpensesNet": 1500000,
        "incomeBeforeTax": 13100000,
        "incomeBeforeTaxRatio": 0.0762070971,
        "incomeTaxExpense": 5200000,
        "netIncome": 7900000,
        "netIncomeRatio": 0.0459569517,
        "eps": 0.87,
        "epsdiluted": 0.87,
        "weightedAverageShsOut": 9031511,
        "weightedAverageShsOutDil": 9074074,
        "link": "https://www.sec.gov/Archives/edgar/data/90896/000009089699000012/0000090896-99-000012-index.htm",
        "finalLink": "https://www.sec.gov/Archives/edgar/data/90896/000009089699000012/"
    },
    {
        "date": "1999-02-28",
        "symbol": "SKY",
        "reportedCurrency": "USD",
        "cik": "0000090896",
        "fillingDate": "1999-04-08",
        "acceptedDate": "1999-04-08 00:00:00",
        "calendarYear": "1998",
        "period": "Q4",
        "revenue": 145400000,
        "costOfRevenue": 119000000,
        "grossProfit": 26400000,
        "grossProfitRatio": 0.181568088,
        "researchAndDevelopmentExpenses": 0,
        "generalAndAdministrativeExpenses": 20300000,
        "sellingAndMarketingExpenses": 0,
        "sellingGeneralAndAdministrativeExpenses": 20300000,
        "otherExpenses": 1000000,
        "operatingExpenses": 21300000,
        "costAndExpenses": 140300000,
        "interestIncome": 0,
        "interestExpense": 0,
        "depreciationAndAmortization": 1000000,
        "ebitda": 6110000,
        "ebitdaratio": 0.0420220083,
        "operatingIncome": 5100000,
        "operatingIncomeRatio": 0.0350756534,
        "totalOtherIncomeExpensesNet": 1400000,
        "incomeBeforeTax": 6500000,
        "incomeBeforeTaxRatio": 0.0447042641,
        "incomeTaxExpense": 2600000,
        "netIncome": 3900000,
        "netIncomeRatio": 0.0268225585,
        "eps": 0.44,
        "epsdiluted": 0.44,
        "weightedAverageShsOut": 8863636,
        "weightedAverageShsOutDil": 8863636,
        "link": "https://www.sec.gov/Archives/edgar/data/90896/000009089699000007/0000090896-99-000007-index.htm",
        "finalLink": "https://www.sec.gov/Archives/edgar/data/90896/"
    },
    {
        "date": "1998-11-30",
        "symbol": "SKY",
        "reportedCurrency": "USD",
        "cik": "0000090896",
        "fillingDate": "1999-01-13",
        "acceptedDate": "1999-01-13 00:00:00",
        "calendarYear": "1998",
        "period": "Q3",
        "revenue": 176400000,
        "costOfRevenue": 140900000,
        "grossProfit": 35500000,
        "grossProfitRatio": 0.2012471655,
        "researchAndDevelopmentExpenses": 0,
        "generalAndAdministrativeExpenses": 24100000,
        "sellingAndMarketingExpenses": 0,
        "sellingGeneralAndAdministrativeExpenses": 24100000,
        "otherExpenses": 900000,
        "operatingExpenses": 25000000,
        "costAndExpenses": 165900000,
        "interestIncome": 0,
        "interestExpense": 0,
        "depreciationAndAmortization": 900000,
        "ebitda": 11400000,
        "ebitdaratio": 0.0646258503,
        "operatingIncome": 10500000,
        "operatingIncomeRatio": 0.0595238095,
        "totalOtherIncomeExpensesNet": 1700000,
        "incomeBeforeTax": 12200000,
        "incomeBeforeTaxRatio": 0.0691609977,
        "incomeTaxExpense": 4900000,
        "netIncome": 7300000,
        "netIncomeRatio": 0.04138322,
        "eps": 0.8,
        "epsdiluted": 0.8,
        "weightedAverageShsOut": 9125000,
        "weightedAverageShsOutDil": 9125000,
        "link": "https://www.sec.gov/Archives/edgar/data/90896/000009089699000003/0000090896-99-000003-index.htm",
        "finalLink": "https://www.sec.gov/Archives/edgar/data/90896/"
    },
    {
        "date": "1998-08-31",
        "symbol": "SKY",
        "reportedCurrency": "USD",
        "cik": "0000090896",
        "fillingDate": "1998-10-09",
        "acceptedDate": "1998-10-09 00:00:00",
        "calendarYear": "1998",
        "period": "Q2",
        "revenue": 171000000,
        "costOfRevenue": 138700000,
        "grossProfit": 32300000,
        "grossProfitRatio": 0.1888888889,
        "researchAndDevelopmentExpenses": 0,
        "generalAndAdministrativeExpenses": 22400000,
        "sellingAndMarketingExpenses": 0,
        "sellingGeneralAndAdministrativeExpenses": 22400000,
        "otherExpenses": 900000,
        "operatingExpenses": 23300000,
        "costAndExpenses": 162000000,
        "interestIncome": 0,
        "interestExpense": 0,
        "depreciationAndAmortization": 900000,
        "ebitda": 9900000,
        "ebitdaratio": 0.0578947368,
        "operatingIncome": 9000000,
        "operatingIncomeRatio": 0.0526315789,
        "totalOtherIncomeExpensesNet": 1800000,
        "incomeBeforeTax": 10800000,
        "incomeBeforeTaxRatio": 0.0631578947,
        "incomeTaxExpense": 4300000,
        "netIncome": 6500000,
        "netIncomeRatio": 0.0380116959,
        "eps": 0.69,
        "epsdiluted": 0.69,
        "weightedAverageShsOut": 9420290,
        "weightedAverageShsOutDil": 9420290,
        "link": "https://www.sec.gov/Archives/edgar/data/90896/000009089698000016/0000090896-98-000016-index.htm",
        "finalLink": "https://www.sec.gov/Archives/edgar/data/90896/"
    },
    {
        "date": "1998-05-31",
        "symbol": "SKY",
        "reportedCurrency": "USD",
        "cik": "0000090896",
        "fillingDate": "1998-08-07",
        "acceptedDate": "1998-08-07 00:00:00",
        "calendarYear": "1998",
        "period": "Q1",
        "revenue": 170100000,
        "costOfRevenue": 136900000,
        "grossProfit": 33200000,
        "grossProfitRatio": 0.1951793063,
        "researchAndDevelopmentExpenses": 0,
        "generalAndAdministrativeExpenses": 22000000,
        "sellingAndMarketingExpenses": 0,
        "sellingGeneralAndAdministrativeExpenses": 22000000,
        "otherExpenses": 1000000,
        "operatingExpenses": 23000000,
        "costAndExpenses": 159900000,
        "interestIncome": 0,
        "interestExpense": 0,
        "depreciationAndAmortization": 1000000,
        "ebitda": 11200000,
        "ebitdaratio": 0.0658436214,
        "operatingIncome": 10200000,
        "operatingIncomeRatio": 0.0599647266,
        "totalOtherIncomeExpensesNet": 1400000,
        "incomeBeforeTax": 11600000,
        "incomeBeforeTaxRatio": 0.0681951793,
        "incomeTaxExpense": 4700000,
        "netIncome": 6900000,
        "netIncomeRatio": 0.0405643739,
        "eps": 0.73,
        "epsdiluted": 0.73,
        "weightedAverageShsOut": 9367621,
        "weightedAverageShsOutDil": 9420290,
        "link": "https://www.sec.gov/Archives/edgar/data/90896/000009089698000013/0000090896-98-000013-index.htm",
        "finalLink": "https://www.sec.gov/Archives/edgar/data/90896/"
    },
    {
        "date": "1998-02-28",
        "symbol": "SKY",
        "reportedCurrency": "USD",
        "cik": "0000090896",
        "fillingDate": "1998-04-10",
        "acceptedDate": "1998-04-10 00:00:00",
        "calendarYear": "1997",
        "period": "Q4",
        "revenue": 131400000,
        "costOfRevenue": 109600000,
        "grossProfit": 21800000,
        "grossProfitRatio": 0.1659056317,
        "researchAndDevelopmentExpenses": 0,
        "generalAndAdministrativeExpenses": 18900000,
        "sellingAndMarketingExpenses": 0,
        "sellingGeneralAndAdministrativeExpenses": 18900000,
        "otherExpenses": 900000,
        "operatingExpenses": 19800000,
        "costAndExpenses": 129400000,
        "interestIncome": 0,
        "interestExpense": 0,
        "depreciationAndAmortization": 900000,
        "ebitda": 2900000,
        "ebitdaratio": 0.0220700152,
        "operatingIncome": 2000000,
        "operatingIncomeRatio": 0.0152207002,
        "totalOtherIncomeExpensesNet": 1600000,
        "incomeBeforeTax": 3600000,
        "incomeBeforeTaxRatio": 0.0273972603,
        "incomeTaxExpense": 1500000,
        "netIncome": 2100000,
        "netIncomeRatio": 0.0159817352,
        "eps": 0.23,
        "epsdiluted": 0.23,
        "weightedAverageShsOut": 9130435,
        "weightedAverageShsOutDil": 9130435,
        "link": "https://www.sec.gov/Archives/edgar/data/90896/000009089698000006/0000090896-98-000006-index.htm",
        "finalLink": "https://www.sec.gov/Archives/edgar/data/90896/"
    },
    {
        "date": "1997-11-30",
        "symbol": "SKY",
        "reportedCurrency": "USD",
        "cik": "0000090896",
        "fillingDate": "1998-01-12",
        "acceptedDate": "1998-01-12 00:00:00",
        "calendarYear": "1997",
        "period": "Q3",
        "revenue": 160300000,
        "costOfRevenue": 131200000,
        "grossProfit": 29100000,
        "grossProfitRatio": 0.1815346226,
        "researchAndDevelopmentExpenses": 0,
        "generalAndAdministrativeExpenses": 20700000,
        "sellingAndMarketingExpenses": 0,
        "sellingGeneralAndAdministrativeExpenses": 20700000,
        "otherExpenses": 900000,
        "operatingExpenses": 21600000,
        "costAndExpenses": 152800000,
        "interestIncome": 0,
        "interestExpense": 0,
        "depreciationAndAmortization": 900000,
        "ebitda": 8400000,
        "ebitdaratio": 0.0524017467,
        "operatingIncome": 7500000,
        "operatingIncomeRatio": 0.0467872739,
        "totalOtherIncomeExpensesNet": 1500000,
        "incomeBeforeTax": 9000000,
        "incomeBeforeTaxRatio": 0.0561447286,
        "incomeTaxExpense": 3600000,
        "netIncome": 5400000,
        "netIncomeRatio": 0.0336868372,
        "eps": 0.56,
        "epsdiluted": 0.56,
        "weightedAverageShsOut": 9642857,
        "weightedAverageShsOutDil": 9642857,
        "link": "https://www.sec.gov/Archives/edgar/data/90896/000009089698000003/0000090896-98-000003-index.htm",
        "finalLink": "https://www.sec.gov/Archives/edgar/data/90896/"
    },
    {
        "date": "1997-08-31",
        "symbol": "SKY",
        "reportedCurrency": "USD",
        "cik": "0000090896",
        "fillingDate": "1997-10-10",
        "acceptedDate": "1997-10-10 00:00:00",
        "calendarYear": "1997",
        "period": "Q2",
        "revenue": 161600000,
        "costOfRevenue": 132200000,
        "grossProfit": 29400000,
        "grossProfitRatio": 0.1819306931,
        "researchAndDevelopmentExpenses": 0,
        "generalAndAdministrativeExpenses": 20900000,
        "sellingAndMarketingExpenses": 0,
        "sellingGeneralAndAdministrativeExpenses": 20900000,
        "otherExpenses": 900000,
        "operatingExpenses": 21800000,
        "costAndExpenses": 154000000,
        "interestIncome": 0,
        "interestExpense": 0,
        "depreciationAndAmortization": 900000,
        "ebitda": 8500000,
        "ebitdaratio": 0.0525990099,
        "operatingIncome": 7600000,
        "operatingIncomeRatio": 0.047029703,
        "totalOtherIncomeExpensesNet": 1500000,
        "incomeBeforeTax": 9100000,
        "incomeBeforeTaxRatio": 0.0563118812,
        "incomeTaxExpense": 3600000,
        "netIncome": 5500000,
        "netIncomeRatio": 0.0340346535,
        "eps": 0.57,
        "epsdiluted": 0.57,
        "weightedAverageShsOut": 9649123,
        "weightedAverageShsOutDil": 9649123,
        "link": "https://www.sec.gov/Archives/edgar/data/90896/000009089697000024/0000090896-97-000024-index.htm",
        "finalLink": "https://www.sec.gov/Archives/edgar/data/90896/"
    },
    {
        "date": "1997-05-31",
        "symbol": "SKY",
        "reportedCurrency": "USD",
        "cik": "0000090896",
        "fillingDate": "1997-08-08",
        "acceptedDate": "1997-08-08 00:00:00",
        "calendarYear": "1997",
        "period": "Q1",
        "revenue": 159300000,
        "costOfRevenue": 130700000,
        "grossProfit": 28600000,
        "grossProfitRatio": 0.1795354677,
        "researchAndDevelopmentExpenses": 0,
        "generalAndAdministrativeExpenses": 19200000,
        "sellingAndMarketingExpenses": 0,
        "sellingGeneralAndAdministrativeExpenses": 19200000,
        "otherExpenses": 900000,
        "operatingExpenses": 20100000,
        "costAndExpenses": 150800000,
        "interestIncome": 0,
        "interestExpense": 0,
        "depreciationAndAmortization": 900000,
        "ebitda": 9400000,
        "ebitdaratio": 0.0590081607,
        "operatingIncome": 8500000,
        "operatingIncomeRatio": 0.0533584432,
        "totalOtherIncomeExpensesNet": 1800000,
        "incomeBeforeTax": 10300000,
        "incomeBeforeTaxRatio": 0.0646578782,
        "incomeTaxExpense": 4100000,
        "netIncome": 6200000,
        "netIncomeRatio": 0.0389202762,
        "eps": 0.64,
        "epsdiluted": 0.64,
        "weightedAverageShsOut": 9436462,
        "weightedAverageShsOutDil": 9649123,
        "link": "https://www.sec.gov/Archives/edgar/data/90896/000009089697000020/0000090896-97-000020-index.htm",
        "finalLink": "https://www.sec.gov/Archives/edgar/data/90896/"
    },
    {
        "date": "1997-02-28",
        "symbol": "SKY",
        "reportedCurrency": "USD",
        "cik": "0000090896",
        "fillingDate": "1997-04-04",
        "acceptedDate": "1997-04-04 00:00:00",
        "calendarYear": "1996",
        "period": "Q4",
        "revenue": 118000000,
        "costOfRevenue": 99300000,
        "grossProfit": 18700000,
        "grossProfitRatio": 0.1584745763,
        "researchAndDevelopmentExpenses": 0,
        "generalAndAdministrativeExpenses": 16200000,
        "sellingAndMarketingExpenses": 0,
        "sellingGeneralAndAdministrativeExpenses": 16200000,
        "otherExpenses": 1000000,
        "operatingExpenses": 17200000,
        "costAndExpenses": 116500000,
        "interestIncome": 0,
        "interestExpense": 0,
        "depreciationAndAmortization": 1000000,
        "ebitda": 2500000,
        "ebitdaratio": 0.0211864407,
        "operatingIncome": 1500000,
        "operatingIncomeRatio": 0.0127118644,
        "totalOtherIncomeExpensesNet": 1500000,
        "incomeBeforeTax": 3000000,
        "incomeBeforeTaxRatio": 0.0254237288,
        "incomeTaxExpense": 1200000,
        "netIncome": 1800000,
        "netIncomeRatio": 0.0152542373,
        "eps": 0.18,
        "epsdiluted": 0.18,
        "weightedAverageShsOut": 10000000,
        "weightedAverageShsOutDil": 10000000,
        "link": "https://www.sec.gov/Archives/edgar/data/90896/000009089697000007/0000090896-97-000007-index.htm",
        "finalLink": "https://www.sec.gov/Archives/edgar/data/90896/"
    },
    {
        "date": "1996-11-30",
        "symbol": "SKY",
        "reportedCurrency": "USD",
        "cik": "0000090896",
        "fillingDate": "1997-01-14",
        "acceptedDate": "1997-01-14 00:00:00",
        "calendarYear": "1996",
        "period": "Q3",
        "revenue": 164400000,
        "costOfRevenue": 134300000,
        "grossProfit": 30100000,
        "grossProfitRatio": 0.1830900243,
        "researchAndDevelopmentExpenses": 0,
        "generalAndAdministrativeExpenses": 20200000,
        "sellingAndMarketingExpenses": 0,
        "sellingGeneralAndAdministrativeExpenses": 20200000,
        "otherExpenses": 900000,
        "operatingExpenses": 21100000,
        "costAndExpenses": 155400000,
        "interestIncome": 0,
        "interestExpense": 0,
        "depreciationAndAmortization": 900000,
        "ebitda": 9900000,
        "ebitdaratio": 0.0602189781,
        "operatingIncome": 9000000,
        "operatingIncomeRatio": 0.0547445255,
        "totalOtherIncomeExpensesNet": 1500000,
        "incomeBeforeTax": 10500000,
        "incomeBeforeTaxRatio": 0.0638686131,
        "incomeTaxExpense": 4200000,
        "netIncome": 6300000,
        "netIncomeRatio": 0.0383211679,
        "eps": 0.62,
        "epsdiluted": 0.62,
        "weightedAverageShsOut": 10161290,
        "weightedAverageShsOutDil": 10161290,
        "link": "https://www.sec.gov/Archives/edgar/data/90896/000009089697000005/0000090896-97-000005-index.htm",
        "finalLink": "https://www.sec.gov/Archives/edgar/data/90896/"
    },
    {
        "date": "1996-08-31",
        "symbol": "SKY",
        "reportedCurrency": "USD",
        "cik": "0000090896",
        "fillingDate": "1996-10-11",
        "acceptedDate": "1996-10-11 00:00:00",
        "calendarYear": "1996",
        "period": "Q2",
        "revenue": 171500000,
        "costOfRevenue": 139000000,
        "grossProfit": 32500000,
        "grossProfitRatio": 0.1895043732,
        "researchAndDevelopmentExpenses": 0,
        "generalAndAdministrativeExpenses": 22500000,
        "sellingAndMarketingExpenses": 0,
        "sellingGeneralAndAdministrativeExpenses": 22500000,
        "otherExpenses": 900000,
        "operatingExpenses": 23400000,
        "costAndExpenses": 162400000,
        "interestIncome": 0,
        "interestExpense": 0,
        "depreciationAndAmortization": 900000,
        "ebitda": 10000000,
        "ebitdaratio": 0.0583090379,
        "operatingIncome": 9100000,
        "operatingIncomeRatio": 0.0530612245,
        "totalOtherIncomeExpensesNet": 1700000,
        "incomeBeforeTax": 10800000,
        "incomeBeforeTaxRatio": 0.0629737609,
        "incomeTaxExpense": 4300000,
        "netIncome": 6500000,
        "netIncomeRatio": 0.0379008746,
        "eps": 0.62,
        "epsdiluted": 0.62,
        "weightedAverageShsOut": 10483871,
        "weightedAverageShsOutDil": 10483871,
        "link": "https://www.sec.gov/Archives/edgar/data/90896/000009089696000018/0000090896-96-000018-index.htm",
        "finalLink": "https://www.sec.gov/Archives/edgar/data/90896/"
    },
    {
        "date": "1996-05-31",
        "symbol": "SKY",
        "reportedCurrency": "USD",
        "cik": "0000090896",
        "fillingDate": "1996-08-01",
        "acceptedDate": "1996-08-01 00:00:00",
        "calendarYear": "1996",
        "period": "Q1",
        "revenue": 171100000,
        "costOfRevenue": 140400000,
        "grossProfit": 30700000,
        "grossProfitRatio": 0.1794272355,
        "researchAndDevelopmentExpenses": 0,
        "generalAndAdministrativeExpenses": 20100000,
        "sellingAndMarketingExpenses": 0,
        "sellingGeneralAndAdministrativeExpenses": 20100000,
        "otherExpenses": 900000,
        "operatingExpenses": 21000000,
        "costAndExpenses": 161400000,
        "interestIncome": 0,
        "interestExpense": 0,
        "depreciationAndAmortization": 900000,
        "ebitda": 10600000,
        "ebitdaratio": 0.0619520748,
        "operatingIncome": 9700000,
        "operatingIncomeRatio": 0.056691993,
        "totalOtherIncomeExpensesNet": 700000,
        "incomeBeforeTax": 10400000,
        "incomeBeforeTaxRatio": 0.0607831677,
        "incomeTaxExpense": 4200000,
        "netIncome": 6200000,
        "netIncomeRatio": 0.0362361192,
        "eps": 0.59,
        "epsdiluted": 0.59,
        "weightedAverageShsOut": 10442044,
        "weightedAverageShsOutDil": 10483871,
        "link": "https://www.sec.gov/Archives/edgar/data/90896/000009089696000015/0000090896-96-000015-index.html",
        "finalLink": "https://www.sec.gov/Archives/edgar/data/90896/"
    },
    {
        "date": "1996-02-29",
        "symbol": "SKY",
        "reportedCurrency": "USD",
        "cik": "0000090896",
        "fillingDate": "1996-04-12",
        "acceptedDate": "1996-04-12 00:00:00",
        "calendarYear": "1995",
        "period": "Q4",
        "revenue": 138600000,
        "costOfRevenue": 114700000,
        "grossProfit": 23900000,
        "grossProfitRatio": 0.1724386724,
        "researchAndDevelopmentExpenses": 0,
        "generalAndAdministrativeExpenses": 19200000,
        "sellingAndMarketingExpenses": 0,
        "sellingGeneralAndAdministrativeExpenses": 19200000,
        "otherExpenses": 1000000,
        "operatingExpenses": 20200000,
        "costAndExpenses": 134900000,
        "interestIncome": 0,
        "interestExpense": 0,
        "depreciationAndAmortization": 1000000,
        "ebitda": 4700000,
        "ebitdaratio": 0.0339105339,
        "operatingIncome": 3700000,
        "operatingIncomeRatio": 0.0266955267,
        "totalOtherIncomeExpensesNet": 1500000,
        "incomeBeforeTax": 5200000,
        "incomeBeforeTaxRatio": 0.0375180375,
        "incomeTaxExpense": 2100000,
        "netIncome": 3100000,
        "netIncomeRatio": 0.0223665224,
        "eps": 0.3,
        "epsdiluted": 0.3,
        "weightedAverageShsOut": 10333333,
        "weightedAverageShsOutDil": 10333333,
        "link": "https://www.sec.gov/Archives/edgar/data/90896/000009089696000005/0000090896-96-000005-index.htm",
        "finalLink": "https://www.sec.gov/Archives/edgar/data/90896/"
    },
    {
        "date": "1995-11-30",
        "symbol": "SKY",
        "reportedCurrency": "USD",
        "cik": "0000090896",
        "fillingDate": "1996-01-12",
        "acceptedDate": "1996-01-12 00:00:00",
        "calendarYear": "1995",
        "period": "Q3",
        "revenue": 172500000,
        "costOfRevenue": 141100000,
        "grossProfit": 31400000,
        "grossProfitRatio": 0.1820289855,
        "researchAndDevelopmentExpenses": 0,
        "generalAndAdministrativeExpenses": 22600000,
        "sellingAndMarketingExpenses": 0,
        "sellingGeneralAndAdministrativeExpenses": 22600000,
        "otherExpenses": 800000,
        "operatingExpenses": 23400000,
        "costAndExpenses": 164500000,
        "interestIncome": 0,
        "interestExpense": 0,
        "depreciationAndAmortization": 800000,
        "ebitda": 8800000,
        "ebitdaratio": 0.0510144928,
        "operatingIncome": 8000000,
        "operatingIncomeRatio": 0.0463768116,
        "totalOtherIncomeExpensesNet": 1600000,
        "incomeBeforeTax": 9600000,
        "incomeBeforeTaxRatio": 0.0556521739,
        "incomeTaxExpense": 3900000,
        "netIncome": 5700000,
        "netIncomeRatio": 0.0330434783,
        "eps": 0.54,
        "epsdiluted": 0.54,
        "weightedAverageShsOut": 10555556,
        "weightedAverageShsOutDil": 10555556,
        "link": "https://www.sec.gov/Archives/edgar/data/90896/000009089696000002/0000090896-96-000002-index.htm",
        "finalLink": "https://www.sec.gov/Archives/edgar/data/90896/"
    },
    {
        "date": "1995-08-31",
        "symbol": "SKY",
        "reportedCurrency": "USD",
        "cik": "0000090896",
        "fillingDate": "1995-10-11",
        "acceptedDate": "1995-10-11 00:00:00",
        "calendarYear": "1995",
        "period": "Q2",
        "revenue": 163900000,
        "costOfRevenue": 134000000,
        "grossProfit": 29900000,
        "grossProfitRatio": 0.1824283099,
        "researchAndDevelopmentExpenses": 0,
        "generalAndAdministrativeExpenses": 22800000,
        "sellingAndMarketingExpenses": 0,
        "sellingGeneralAndAdministrativeExpenses": 22800000,
        "otherExpenses": 800000,
        "operatingExpenses": 23600000,
        "costAndExpenses": 157600000,
        "interestIncome": 0,
        "interestExpense": 0,
        "depreciationAndAmortization": 800000,
        "ebitda": 7100000,
        "ebitdaratio": 0.043319097,
        "operatingIncome": 6300000,
        "operatingIncomeRatio": 0.038438072,
        "totalOtherIncomeExpensesNet": 1400000,
        "incomeBeforeTax": 7700000,
        "incomeBeforeTaxRatio": 0.0469798658,
        "incomeTaxExpense": 3100000,
        "netIncome": 4600000,
        "netIncomeRatio": 0.0280658938,
        "eps": 0.42,
        "epsdiluted": 0.42,
        "weightedAverageShsOut": 10952381,
        "weightedAverageShsOutDil": 10952381,
        "link": "https://www.sec.gov/Archives/edgar/data/90896/000009089695000018/0000090896-95-000018-index.htm",
        "finalLink": "https://www.sec.gov/Archives/edgar/data/90896/"
    },
    {
        "date": "1995-05-31",
        "symbol": "SKY",
        "reportedCurrency": "USD",
        "cik": "0000090896",
        "fillingDate": "1995-08-01",
        "acceptedDate": "1995-08-01 00:00:00",
        "calendarYear": "1995",
        "period": "Q1",
        "revenue": 171600000,
        "costOfRevenue": 141600000,
        "grossProfit": 30000000,
        "grossProfitRatio": 0.1748251748,
        "researchAndDevelopmentExpenses": 0,
        "generalAndAdministrativeExpenses": 22700000,
        "sellingAndMarketingExpenses": 0,
        "sellingGeneralAndAdministrativeExpenses": 22700000,
        "otherExpenses": 900000,
        "operatingExpenses": 23600000,
        "costAndExpenses": 165200000,
        "interestIncome": 0,
        "interestExpense": 0,
        "depreciationAndAmortization": 900000,
        "ebitda": 7300000,
        "ebitdaratio": 0.0425407925,
        "operatingIncome": 6400000,
        "operatingIncomeRatio": 0.0372960373,
        "totalOtherIncomeExpensesNet": 1400000,
        "incomeBeforeTax": 7800000,
        "incomeBeforeTaxRatio": 0.0454545455,
        "incomeTaxExpense": 3200000,
        "netIncome": 4600000,
        "netIncomeRatio": 0.0268065268,
        "eps": 0.42,
        "epsdiluted": 0.42,
        "weightedAverageShsOut": 10952381,
        "weightedAverageShsOutDil": 10952381,
        "link": "https://www.sec.gov/Archives/edgar/data/90896/000009089695000014/0000090896-95-000014-index.htm",
        "finalLink": "https://www.sec.gov/Archives/edgar/data/90896/"
    },
    {
        "date": "1995-02-28",
        "symbol": "SKY",
        "reportedCurrency": "USD",
        "cik": "0000090896",
        "fillingDate": "1995-03-29",
        "acceptedDate": "1995-03-29 00:00:00",
        "calendarYear": "1994",
        "period": "Q4",
        "revenue": 150700000,
        "costOfRevenue": 127100000,
        "grossProfit": 23600000,
        "grossProfitRatio": 0.1566025216,
        "researchAndDevelopmentExpenses": 0,
        "generalAndAdministrativeExpenses": 19800000,
        "sellingAndMarketingExpenses": 0,
        "sellingGeneralAndAdministrativeExpenses": 19800000,
        "otherExpenses": 800000,
        "operatingExpenses": 20600000,
        "costAndExpenses": 147700000,
        "interestIncome": 0,
        "interestExpense": 0,
        "depreciationAndAmortization": 900000,
        "ebitda": 3900000,
        "ebitdaratio": 0.0258792303,
        "operatingIncome": 3000000,
        "operatingIncomeRatio": 0.0199071002,
        "totalOtherIncomeExpensesNet": 1300000,
        "incomeBeforeTax": 4300000,
        "incomeBeforeTaxRatio": 0.0285335103,
        "incomeTaxExpense": 1700000,
        "netIncome": 2600000,
        "netIncomeRatio": 0.0172528202,
        "eps": 0.23,
        "epsdiluted": 0.23,
        "weightedAverageShsOut": 11304348,
        "weightedAverageShsOutDil": 11304348,
        "link": "https://www.sec.gov/Archives/edgar/data/90896/000009089695000005/0000090896-95-000005-index.htm",
        "finalLink": "https://www.sec.gov/Archives/edgar/data/90896/"
    },
    {
        "date": "1994-11-30",
        "symbol": "SKY",
        "reportedCurrency": "USD",
        "cik": "0000090896",
        "fillingDate": "1995-01-13",
        "acceptedDate": "1995-01-13 00:00:00",
        "calendarYear": "1994",
        "period": "Q3",
        "revenue": 164500000,
        "costOfRevenue": 138000000,
        "grossProfit": 26500000,
        "grossProfitRatio": 0.1610942249,
        "researchAndDevelopmentExpenses": 0,
        "generalAndAdministrativeExpenses": 20500000,
        "sellingAndMarketingExpenses": 0,
        "sellingGeneralAndAdministrativeExpenses": 20500000,
        "otherExpenses": 800000,
        "operatingExpenses": 21300000,
        "costAndExpenses": 159300000,
        "interestIncome": 0,
        "interestExpense": 0,
        "depreciationAndAmortization": 800000,
        "ebitda": 6000000,
        "ebitdaratio": 0.0364741641,
        "operatingIncome": 5200000,
        "operatingIncomeRatio": 0.0316109422,
        "totalOtherIncomeExpensesNet": 1500000,
        "incomeBeforeTax": 6700000,
        "incomeBeforeTaxRatio": 0.0407294833,
        "incomeTaxExpense": 2700000,
        "netIncome": 4000000,
        "netIncomeRatio": 0.0243161094,
        "eps": 0.36,
        "epsdiluted": 0.36,
        "weightedAverageShsOut": 11111111,
        "weightedAverageShsOutDil": 11111111,
        "link": "https://www.sec.gov/Archives/edgar/data/90896/000009089695000002/0000090896-95-000002-index.htm",
        "finalLink": "https://www.sec.gov/Archives/edgar/data/90896/"
    },
    {
        "date": "1994-08-31",
        "symbol": "SKY",
        "reportedCurrency": "USD",
        "cik": "0000090896",
        "fillingDate": "1994-10-11",
        "acceptedDate": "1994-10-11 00:00:00",
        "calendarYear": "1994",
        "period": "Q2",
        "revenue": 155300000,
        "costOfRevenue": 130000000,
        "grossProfit": 25300000,
        "grossProfitRatio": 0.1629104958,
        "researchAndDevelopmentExpenses": 0,
        "generalAndAdministrativeExpenses": 19200000,
        "sellingAndMarketingExpenses": 0,
        "sellingGeneralAndAdministrativeExpenses": 19200000,
        "otherExpenses": 800000,
        "operatingExpenses": 20000000,
        "costAndExpenses": 150000000,
        "interestIncome": 0,
        "interestExpense": 0,
        "depreciationAndAmortization": 800000,
        "ebitda": 6100000,
        "ebitdaratio": 0.0392788152,
        "operatingIncome": 5300000,
        "operatingIncomeRatio": 0.0341274952,
        "totalOtherIncomeExpensesNet": 1400000,
        "incomeBeforeTax": 6700000,
        "incomeBeforeTaxRatio": 0.0431423052,
        "incomeTaxExpense": 2700000,
        "netIncome": 4000000,
        "netIncomeRatio": 0.0257566001,
        "eps": 0.36,
        "epsdiluted": 0.36,
        "weightedAverageShsOut": 11111111,
        "weightedAverageShsOutDil": 11111111,
        "link": "https://www.sec.gov/Archives/edgar/data/90896/000009089694000047/0000090896-94-000047-index.htm",
        "finalLink": "https://www.sec.gov/Archives/edgar/data/90896/"
    },
    {
        "date": "1994-05-31",
        "symbol": "SKY",
        "reportedCurrency": "USD",
        "cik": "0000090896",
        "fillingDate": "1994-08-08",
        "acceptedDate": "1994-08-08 00:00:00",
        "calendarYear": "1994",
        "period": "Q1",
        "revenue": 167900000,
        "costOfRevenue": 140000000,
        "grossProfit": 27900000,
        "grossProfitRatio": 0.1661703395,
        "researchAndDevelopmentExpenses": 0,
        "generalAndAdministrativeExpenses": 19300000,
        "sellingAndMarketingExpenses": 0,
        "sellingGeneralAndAdministrativeExpenses": 19300000,
        "otherExpenses": 800000,
        "operatingExpenses": 20100000,
        "costAndExpenses": 160100000,
        "interestIncome": 0,
        "interestExpense": 0,
        "depreciationAndAmortization": 800000,
        "ebitda": 8600000,
        "ebitdaratio": 0.0512209649,
        "operatingIncome": 7800000,
        "operatingIncomeRatio": 0.0464562239,
        "totalOtherIncomeExpensesNet": 1200000,
        "incomeBeforeTax": 9000000,
        "incomeBeforeTaxRatio": 0.0536033353,
        "incomeTaxExpense": 3700000,
        "netIncome": 5300000,
        "netIncomeRatio": 0.0315664086,
        "eps": 0.48,
        "epsdiluted": 0.48,
        "weightedAverageShsOut": 11111111,
        "weightedAverageShsOutDil": 11111111,
        "link": "https://www.sec.gov/Archives/edgar/data/90896/000009089694000040/0000090896-94-000040-index.htm",
        "finalLink": "https://www.sec.gov/Archives/edgar/data/90896/"
    },
    {
        "date": "1994-02-28",
        "symbol": "SKY",
        "reportedCurrency": "USD",
        "cik": "0000090896",
        "fillingDate": "1994-04-12",
        "acceptedDate": "1994-04-12 00:00:00",
        "calendarYear": "1993",
        "period": "Q4",
        "revenue": 130700000,
        "costOfRevenue": 110600000,
        "grossProfit": 20100000,
        "grossProfitRatio": 0.1537872992,
        "researchAndDevelopmentExpenses": 0,
        "generalAndAdministrativeExpenses": 16700000,
        "sellingAndMarketingExpenses": 0,
        "sellingGeneralAndAdministrativeExpenses": 16700000,
        "otherExpenses": 800000,
        "operatingExpenses": 17500000,
        "costAndExpenses": 128100000,
        "interestIncome": 0,
        "interestExpense": 0,
        "depreciationAndAmortization": 800000,
        "ebitda": 3400000,
        "ebitdaratio": 0.026013772,
        "operatingIncome": 2600000,
        "operatingIncomeRatio": 0.0198928845,
        "totalOtherIncomeExpensesNet": 1400000,
        "incomeBeforeTax": 4000000,
        "incomeBeforeTaxRatio": 0.0306044376,
        "incomeTaxExpense": 1600000,
        "netIncome": 2400000,
        "netIncomeRatio": 0.0183626626,
        "eps": 0.22,
        "epsdiluted": 0.22,
        "weightedAverageShsOut": 10909091,
        "weightedAverageShsOutDil": 10909091,
        "link": "https://www.sec.gov/Archives/edgar/data/90896/000009089694000011/0000090896-94-000011-index.htm",
        "finalLink": "https://www.sec.gov/Archives/edgar/data/90896/"
    },
    {
        "date": "1993-11-30",
        "symbol": "SKY",
        "reportedCurrency": "USD",
        "cik": "0000090896",
        "fillingDate": "1994-01-14",
        "acceptedDate": "1994-01-14 00:00:00",
        "calendarYear": "1993",
        "period": "Q3",
        "revenue": 145300000,
        "costOfRevenue": 121100000,
        "grossProfit": 24200000,
        "grossProfitRatio": 0.1665519615,
        "researchAndDevelopmentExpenses": 0,
        "generalAndAdministrativeExpenses": 0,
        "sellingAndMarketingExpenses": 0,
        "sellingGeneralAndAdministrativeExpenses": 18000000,
        "otherExpenses": 600000,
        "operatingExpenses": 18600000,
        "costAndExpenses": 139700000,
        "interestIncome": 0,
        "interestExpense": 0,
        "depreciationAndAmortization": 600000,
        "ebitda": 6200000,
        "ebitdaratio": 0.0426703372,
        "operatingIncome": 5600000,
        "operatingIncomeRatio": 0.0385409498,
        "totalOtherIncomeExpensesNet": 1500000,
        "incomeBeforeTax": 7100000,
        "incomeBeforeTaxRatio": 0.0488644184,
        "incomeTaxExpense": 2800000,
        "netIncome": 4300000,
        "netIncomeRatio": 0.0295939436,
        "eps": 0.38,
        "epsdiluted": 0.38,
        "weightedAverageShsOut": 11315789,
        "weightedAverageShsOutDil": 11315789,
        "link": "https://www.sec.gov/Archives/edgar/data/90896/000009089694000006/0000090896-94-000006-index.htm",
        "finalLink": "https://www.sec.gov/Archives/edgar/data/90896/"
    },
    {
        "date": "1993-08-31",
        "symbol": "SKY",
        "reportedCurrency": "USD",
        "cik": "0000090896",
        "fillingDate": "1993-08-31",
        "acceptedDate": "1993-08-31 00:00:00",
        "calendarYear": "1993",
        "period": "Q2",
        "revenue": 136200000,
        "costOfRevenue": 115300000,
        "grossProfit": 20900000,
        "grossProfitRatio": 0.1534508076,
        "researchAndDevelopmentExpenses": 0,
        "generalAndAdministrativeExpenses": 0,
        "sellingAndMarketingExpenses": 0,
        "sellingGeneralAndAdministrativeExpenses": 16700000,
        "otherExpenses": 700000,
        "operatingExpenses": 17400000,
        "costAndExpenses": 132700000,
        "interestIncome": 0,
        "interestExpense": 0,
        "depreciationAndAmortization": 700000,
        "ebitda": 4200000,
        "ebitdaratio": 0.0308370044,
        "operatingIncome": 3500000,
        "operatingIncomeRatio": 0.0256975037,
        "totalOtherIncomeExpensesNet": 1400000,
        "incomeBeforeTax": 4900000,
        "incomeBeforeTaxRatio": 0.0359765051,
        "incomeTaxExpense": 1900000,
        "netIncome": 3000000,
        "netIncomeRatio": 0.0220264317,
        "eps": 0.27,
        "epsdiluted": 0.27,
        "weightedAverageShsOut": 11111111,
        "weightedAverageShsOutDil": 11111111,
        "link": null,
        "finalLink": null
    },
    {
        "date": "1993-05-31",
        "symbol": "SKY",
        "reportedCurrency": "USD",
        "cik": "0000090896",
        "fillingDate": "1993-05-31",
        "acceptedDate": "1993-05-31 00:00:00",
        "calendarYear": "1993",
        "period": "Q1",
        "revenue": 138000000,
        "costOfRevenue": 118500000,
        "grossProfit": 19500000,
        "grossProfitRatio": 0.1413043478,
        "researchAndDevelopmentExpenses": 0,
        "generalAndAdministrativeExpenses": 0,
        "sellingAndMarketingExpenses": 0,
        "sellingGeneralAndAdministrativeExpenses": 14900000,
        "otherExpenses": 700000,
        "operatingExpenses": 15600000,
        "costAndExpenses": 134100000,
        "interestIncome": 0,
        "interestExpense": 0,
        "depreciationAndAmortization": 700000,
        "ebitda": 4600000,
        "ebitdaratio": 0.0333333333,
        "operatingIncome": 3900000,
        "operatingIncomeRatio": 0.0282608696,
        "totalOtherIncomeExpensesNet": 1300000,
        "incomeBeforeTax": 5200000,
        "incomeBeforeTaxRatio": 0.0376811594,
        "incomeTaxExpense": 2100000,
        "netIncome": 2700000,
        "netIncomeRatio": 0.0195652174,
        "eps": 0.23,
        "epsdiluted": 0.23,
        "weightedAverageShsOut": 11538462,
        "weightedAverageShsOutDil": 11538462,
        "link": null,
        "finalLink": null
    },
    {
        "date": "1993-02-28",
        "symbol": "SKY",
        "reportedCurrency": "USD",
        "cik": "0000090896",
        "fillingDate": "1993-02-28",
        "acceptedDate": "1993-02-28 00:00:00",
        "calendarYear": "1992",
        "period": "Q4",
        "revenue": 110400000,
        "costOfRevenue": 94000000,
        "grossProfit": 16400000,
        "grossProfitRatio": 0.1485507246,
        "researchAndDevelopmentExpenses": 0,
        "generalAndAdministrativeExpenses": 0,
        "sellingAndMarketingExpenses": 0,
        "sellingGeneralAndAdministrativeExpenses": 14500000,
        "otherExpenses": 800000,
        "operatingExpenses": 15300000,
        "costAndExpenses": 109300000,
        "interestIncome": 0,
        "interestExpense": 0,
        "depreciationAndAmortization": 700000,
        "ebitda": 1900000,
        "ebitdaratio": 0.0172101449,
        "operatingIncome": 1100000,
        "operatingIncomeRatio": 0.0099637681,
        "totalOtherIncomeExpensesNet": 1300000,
        "incomeBeforeTax": 2400000,
        "incomeBeforeTaxRatio": 0.0217391304,
        "incomeTaxExpense": 900000,
        "netIncome": 1500000,
        "netIncomeRatio": 0.0135869565,
        "eps": 0.13,
        "epsdiluted": 0.13,
        "weightedAverageShsOut": 11538462,
        "weightedAverageShsOutDil": 11538462,
        "link": null,
        "finalLink": null
    },
    {
        "date": "1992-11-30",
        "symbol": "SKY",
        "reportedCurrency": "USD",
        "cik": "0000090896",
        "fillingDate": "1992-11-30",
        "acceptedDate": "1992-11-30 00:00:00",
        "calendarYear": "1992",
        "period": "Q3",
        "revenue": 127600000,
        "costOfRevenue": 107900000,
        "grossProfit": 19700000,
        "grossProfitRatio": 0.1543887147,
        "researchAndDevelopmentExpenses": 0,
        "generalAndAdministrativeExpenses": 0,
        "sellingAndMarketingExpenses": 0,
        "sellingGeneralAndAdministrativeExpenses": 15900000,
        "otherExpenses": 600000,
        "operatingExpenses": 16500000,
        "costAndExpenses": 124400000,
        "interestIncome": 0,
        "interestExpense": 0,
        "depreciationAndAmortization": 600000,
        "ebitda": 3800000,
        "ebitdaratio": 0.0297805643,
        "operatingIncome": 3200000,
        "operatingIncomeRatio": 0.0250783699,
        "totalOtherIncomeExpensesNet": 1500000,
        "incomeBeforeTax": 4700000,
        "incomeBeforeTaxRatio": 0.0368338558,
        "incomeTaxExpense": 1800000,
        "netIncome": 2900000,
        "netIncomeRatio": 0.0227272727,
        "eps": 0.26,
        "epsdiluted": 0.26,
        "weightedAverageShsOut": 11153846,
        "weightedAverageShsOutDil": 11153846,
        "link": null,
        "finalLink": null
    },
    {
        "date": "1992-08-31",
        "symbol": "SKY",
        "reportedCurrency": "USD",
        "cik": "0000090896",
        "fillingDate": "1992-08-31",
        "acceptedDate": "1992-08-31 00:00:00",
        "calendarYear": "1992",
        "period": "Q2",
        "revenue": 115700000,
        "costOfRevenue": 98800000,
        "grossProfit": 16900000,
        "grossProfitRatio": 0.1460674157,
        "researchAndDevelopmentExpenses": 0,
        "generalAndAdministrativeExpenses": 0,
        "sellingAndMarketingExpenses": 0,
        "sellingGeneralAndAdministrativeExpenses": 13900000,
        "otherExpenses": 700000,
        "operatingExpenses": 14600000,
        "costAndExpenses": 113400000,
        "interestIncome": 0,
        "interestExpense": 0,
        "depreciationAndAmortization": 700000,
        "ebitda": 3000000,
        "ebitdaratio": 0.0259291271,
        "operatingIncome": 2300000,
        "operatingIncomeRatio": 0.0198789974,
        "totalOtherIncomeExpensesNet": 2300000,
        "incomeBeforeTax": 4600000,
        "incomeBeforeTaxRatio": 0.0397579948,
        "incomeTaxExpense": 1800000,
        "netIncome": 2800000,
        "netIncomeRatio": 0.0242005186,
        "eps": 0.29,
        "epsdiluted": 0.29,
        "weightedAverageShsOut": 9655172,
        "weightedAverageShsOutDil": 9655172,
        "link": null,
        "finalLink": null
    },
    {
        "date": "1992-05-31",
        "symbol": "SKY",
        "reportedCurrency": "USD",
        "cik": "0000090896",
        "fillingDate": "1992-05-31",
        "acceptedDate": "1992-05-31 00:00:00",
        "calendarYear": "1992",
        "period": "Q1",
        "revenue": 105500000,
        "costOfRevenue": 89400000,
        "grossProfit": 16100000,
        "grossProfitRatio": 0.1526066351,
        "researchAndDevelopmentExpenses": 0,
        "generalAndAdministrativeExpenses": 0,
        "sellingAndMarketingExpenses": 0,
        "sellingGeneralAndAdministrativeExpenses": 12100000,
        "otherExpenses": 700000,
        "operatingExpenses": 12800000,
        "costAndExpenses": 102200000,
        "interestIncome": 0,
        "interestExpense": 0,
        "depreciationAndAmortization": 700000,
        "ebitda": 4000000,
        "ebitdaratio": 0.0379146919,
        "operatingIncome": 3300000,
        "operatingIncomeRatio": 0.0312796209,
        "totalOtherIncomeExpensesNet": 1400000,
        "incomeBeforeTax": 4700000,
        "incomeBeforeTaxRatio": 0.044549763,
        "incomeTaxExpense": 1800000,
        "netIncome": 2900000,
        "netIncomeRatio": 0.0274881517,
        "eps": 0.26,
        "epsdiluted": 0.26,
        "weightedAverageShsOut": 11153846,
        "weightedAverageShsOutDil": 11153846,
        "link": null,
        "finalLink": null
    },
    {
        "date": "1992-02-29",
        "symbol": "SKY",
        "reportedCurrency": "USD",
        "cik": "0000090896",
        "fillingDate": "1992-02-29",
        "acceptedDate": "1992-02-29 00:00:00",
        "calendarYear": "1991",
        "period": "Q4",
        "revenue": 73200000,
        "costOfRevenue": 63300000,
        "grossProfit": 9900000,
        "grossProfitRatio": 0.1352459016,
        "researchAndDevelopmentExpenses": 0,
        "generalAndAdministrativeExpenses": 0,
        "sellingAndMarketingExpenses": 0,
        "sellingGeneralAndAdministrativeExpenses": 10800000,
        "otherExpenses": 800000,
        "operatingExpenses": 11600000,
        "costAndExpenses": 74900000,
        "interestIncome": 0,
        "interestExpense": 0,
        "depreciationAndAmortization": 800000,
        "ebitda": -900000,
        "ebitdaratio": -0.012295082,
        "operatingIncome": -1700000,
        "operatingIncomeRatio": -0.0232240437,
        "totalOtherIncomeExpensesNet": 1500000,
        "incomeBeforeTax": -200000,
        "incomeBeforeTaxRatio": -0.0027322404,
        "incomeTaxExpense": -200000,
        "netIncome": 0,
        "netIncomeRatio": 0,
        "eps": 0,
        "epsdiluted": 0,
        "weightedAverageShsOut": 11153846,
        "weightedAverageShsOutDil": 11153846,
        "link": null,
        "finalLink": null
    },
    {
        "date": "1991-11-30",
        "symbol": "SKY",
        "reportedCurrency": "USD",
        "cik": "0000090896",
        "fillingDate": "1991-11-30",
        "acceptedDate": "1991-11-30 00:00:00",
        "calendarYear": "1991",
        "period": "Q3",
        "revenue": 76100000,
        "costOfRevenue": 64000000,
        "grossProfit": 12100000,
        "grossProfitRatio": 0.1590013141,
        "researchAndDevelopmentExpenses": 0,
        "generalAndAdministrativeExpenses": 0,
        "sellingAndMarketingExpenses": 0,
        "sellingGeneralAndAdministrativeExpenses": 11200000,
        "otherExpenses": 600000,
        "operatingExpenses": 11800000,
        "costAndExpenses": 75800000,
        "interestIncome": 0,
        "interestExpense": 0,
        "depreciationAndAmortization": 600000,
        "ebitda": 900000,
        "ebitdaratio": 0.011826544,
        "operatingIncome": 300000,
        "operatingIncomeRatio": 0.0039421813,
        "totalOtherIncomeExpensesNet": 1500000,
        "incomeBeforeTax": 1800000,
        "incomeBeforeTaxRatio": 0.023653088,
        "incomeTaxExpense": 700000,
        "netIncome": 1100000,
        "netIncomeRatio": 0.0144546649,
        "eps": 0.1,
        "epsdiluted": 0.1,
        "weightedAverageShsOut": 11000000,
        "weightedAverageShsOutDil": 11000000,
        "link": null,
        "finalLink": null
    },
    {
        "date": "1991-08-31",
        "symbol": "SKY",
        "reportedCurrency": "USD",
        "cik": "0000090896",
        "fillingDate": "1991-08-31",
        "acceptedDate": "1991-08-31 00:00:00",
        "calendarYear": "1991",
        "period": "Q2",
        "revenue": 84300000,
        "costOfRevenue": 70800000,
        "grossProfit": 13500000,
        "grossProfitRatio": 0.1601423488,
        "researchAndDevelopmentExpenses": 0,
        "generalAndAdministrativeExpenses": 0,
        "sellingAndMarketingExpenses": 0,
        "sellingGeneralAndAdministrativeExpenses": 11700000,
        "otherExpenses": 600000,
        "operatingExpenses": 12300000,
        "costAndExpenses": 83100000,
        "interestIncome": 0,
        "interestExpense": 0,
        "depreciationAndAmortization": 600000,
        "ebitda": 1800000,
        "ebitdaratio": 0.0213523132,
        "operatingIncome": 1200000,
        "operatingIncomeRatio": 0.0142348754,
        "totalOtherIncomeExpensesNet": 1600000,
        "incomeBeforeTax": 2800000,
        "incomeBeforeTaxRatio": 0.0332147094,
        "incomeTaxExpense": 1100000,
        "netIncome": 1700000,
        "netIncomeRatio": 0.0201660735,
        "eps": 0.16,
        "epsdiluted": 0.16,
        "weightedAverageShsOut": 10625000,
        "weightedAverageShsOutDil": 10625000,
        "link": null,
        "finalLink": null
    },
    {
        "date": "1991-05-31",
        "symbol": "SKY",
        "reportedCurrency": "USD",
        "cik": "0000090896",
        "fillingDate": "1991-05-31",
        "acceptedDate": "1991-05-31 00:00:00",
        "calendarYear": "1991",
        "period": "Q1",
        "revenue": 84900000,
        "costOfRevenue": 72200000,
        "grossProfit": 12700000,
        "grossProfitRatio": 0.1495877503,
        "researchAndDevelopmentExpenses": 0,
        "generalAndAdministrativeExpenses": 0,
        "sellingAndMarketingExpenses": 0,
        "sellingGeneralAndAdministrativeExpenses": 10100000,
        "otherExpenses": 700000,
        "operatingExpenses": 10800000,
        "costAndExpenses": 83000000,
        "interestIncome": 0,
        "interestExpense": 0,
        "depreciationAndAmortization": 700000,
        "ebitda": 2600000,
        "ebitdaratio": 0.0306242638,
        "operatingIncome": 1900000,
        "operatingIncomeRatio": 0.0223792697,
        "totalOtherIncomeExpensesNet": 1900000,
        "incomeBeforeTax": 3800000,
        "incomeBeforeTaxRatio": 0.0447585395,
        "incomeTaxExpense": 1500000,
        "netIncome": 2300000,
        "netIncomeRatio": 0.0270906949,
        "eps": 0.21,
        "epsdiluted": 0.21,
        "weightedAverageShsOut": 10793781,
        "weightedAverageShsOutDil": 11000000,
        "link": null,
        "finalLink": null
    },
    {
        "date": "1991-02-28",
        "symbol": "SKY",
        "reportedCurrency": "USD",
        "cik": "0000090896",
        "fillingDate": "1991-02-28",
        "acceptedDate": "1991-02-28 00:00:00",
        "calendarYear": "1990",
        "period": "Q4",
        "revenue": 58100000,
        "costOfRevenue": 50800000,
        "grossProfit": 7300000,
        "grossProfitRatio": 0.1256454389,
        "researchAndDevelopmentExpenses": 0,
        "generalAndAdministrativeExpenses": 0,
        "sellingAndMarketingExpenses": 0,
        "sellingGeneralAndAdministrativeExpenses": 10500000,
        "otherExpenses": 700000,
        "operatingExpenses": 11200000,
        "costAndExpenses": 62000000,
        "interestIncome": 0,
        "interestExpense": 0,
        "depreciationAndAmortization": 600000,
        "ebitda": -3200000,
        "ebitdaratio": -0.0550774527,
        "operatingIncome": -3900000,
        "operatingIncomeRatio": -0.0671256454,
        "totalOtherIncomeExpensesNet": 2100000,
        "incomeBeforeTax": -1800000,
        "incomeBeforeTaxRatio": -0.0309810671,
        "incomeTaxExpense": -700000,
        "netIncome": -1100000,
        "netIncomeRatio": -0.0189328744,
        "eps": -0.1,
        "epsdiluted": -0.1,
        "weightedAverageShsOut": 11000000,
        "weightedAverageShsOutDil": 11000000,
        "link": null,
        "finalLink": null
    },
    {
        "date": "1990-11-30",
        "symbol": "SKY",
        "reportedCurrency": "USD",
        "cik": "0000090896",
        "fillingDate": "1990-11-30",
        "acceptedDate": "1990-11-30 00:00:00",
        "calendarYear": "1990",
        "period": "Q3",
        "revenue": 85500000,
        "costOfRevenue": 72000000,
        "grossProfit": 13500000,
        "grossProfitRatio": 0.1578947368,
        "researchAndDevelopmentExpenses": 0,
        "generalAndAdministrativeExpenses": 0,
        "sellingAndMarketingExpenses": 0,
        "sellingGeneralAndAdministrativeExpenses": 12500000,
        "otherExpenses": 700000,
        "operatingExpenses": 13200000,
        "costAndExpenses": 85200000,
        "interestIncome": 0,
        "interestExpense": 0,
        "depreciationAndAmortization": 700000,
        "ebitda": 1000000,
        "ebitdaratio": 0.0116959064,
        "operatingIncome": 300000,
        "operatingIncomeRatio": 0.0035087719,
        "totalOtherIncomeExpensesNet": 2200000,
        "incomeBeforeTax": 2500000,
        "incomeBeforeTaxRatio": 0.0292397661,
        "incomeTaxExpense": 1000000,
        "netIncome": 1500000,
        "netIncomeRatio": 0.0175438596,
        "eps": 0.14,
        "epsdiluted": 0.14,
        "weightedAverageShsOut": 10714286,
        "weightedAverageShsOutDil": 10714286,
        "link": null,
        "finalLink": null
    },
    {
        "date": "1990-08-31",
        "symbol": "SKY",
        "reportedCurrency": "USD",
        "cik": "0000090896",
        "fillingDate": "1990-08-31",
        "acceptedDate": "1990-08-31 00:00:00",
        "calendarYear": "1990",
        "period": "Q2",
        "revenue": 99000000,
        "costOfRevenue": 83600000,
        "grossProfit": 15400000,
        "grossProfitRatio": 0.1555555556,
        "researchAndDevelopmentExpenses": 0,
        "generalAndAdministrativeExpenses": 0,
        "sellingAndMarketingExpenses": 0,
        "sellingGeneralAndAdministrativeExpenses": 13000000,
        "otherExpenses": 600000,
        "operatingExpenses": 13600000,
        "costAndExpenses": 97200000,
        "interestIncome": 0,
        "interestExpense": 0,
        "depreciationAndAmortization": 600000,
        "ebitda": 2400000,
        "ebitdaratio": 0.0242424242,
        "operatingIncome": 1800000,
        "operatingIncomeRatio": 0.0181818182,
        "totalOtherIncomeExpensesNet": 2200000,
        "incomeBeforeTax": 4000000,
        "incomeBeforeTaxRatio": 0.0404040404,
        "incomeTaxExpense": 1500000,
        "netIncome": 2500000,
        "netIncomeRatio": 0.0252525253,
        "eps": 0.22,
        "epsdiluted": 0.22,
        "weightedAverageShsOut": 11363636,
        "weightedAverageShsOutDil": 11363636,
        "link": null,
        "finalLink": null
    },
    {
        "date": "1990-05-31",
        "symbol": "SKY",
        "reportedCurrency": "USD",
        "cik": "0000090896",
        "fillingDate": "1990-05-31",
        "acceptedDate": "1990-05-31 00:00:00",
        "calendarYear": "1990",
        "period": "Q1",
        "revenue": 105200000,
        "costOfRevenue": 88000000,
        "grossProfit": 17200000,
        "grossProfitRatio": 0.1634980989,
        "researchAndDevelopmentExpenses": 0,
        "generalAndAdministrativeExpenses": 0,
        "sellingAndMarketingExpenses": 0,
        "sellingGeneralAndAdministrativeExpenses": 12900000,
        "otherExpenses": 700000,
        "operatingExpenses": 13600000,
        "costAndExpenses": 101600000,
        "interestIncome": 0,
        "interestExpense": 0,
        "depreciationAndAmortization": 700000,
        "ebitda": 4300000,
        "ebitdaratio": 0.0408745247,
        "operatingIncome": 3600000,
        "operatingIncomeRatio": 0.0342205323,
        "totalOtherIncomeExpensesNet": 2000000,
        "incomeBeforeTax": 5600000,
        "incomeBeforeTaxRatio": 0.0532319392,
        "incomeTaxExpense": 2100000,
        "netIncome": 3500000,
        "netIncomeRatio": 0.033269962,
        "eps": 0.32,
        "epsdiluted": 0.32,
        "weightedAverageShsOut": 11000000,
        "weightedAverageShsOutDil": 11000000,
        "link": null,
        "finalLink": null
    },
    {
        "date": "1990-02-28",
        "symbol": "SKY",
        "reportedCurrency": "USD",
        "cik": "0000090896",
        "fillingDate": "1990-02-28",
        "acceptedDate": "1990-02-28 00:00:00",
        "calendarYear": "1989",
        "period": "Q4",
        "revenue": 75100000,
        "costOfRevenue": 63900000,
        "grossProfit": 11200000,
        "grossProfitRatio": 0.1491344874,
        "researchAndDevelopmentExpenses": 0,
        "generalAndAdministrativeExpenses": 0,
        "sellingAndMarketingExpenses": 0,
        "sellingGeneralAndAdministrativeExpenses": 10800000,
        "otherExpenses": 600000,
        "operatingExpenses": 11400000,
        "costAndExpenses": 75300000,
        "interestIncome": 0,
        "interestExpense": 0,
        "depreciationAndAmortization": 600000,
        "ebitda": 400000,
        "ebitdaratio": 0.0053262317,
        "operatingIncome": -200000,
        "operatingIncomeRatio": -0.0026631158,
        "totalOtherIncomeExpensesNet": 2000000,
        "incomeBeforeTax": 1800000,
        "incomeBeforeTaxRatio": 0.0239680426,
        "incomeTaxExpense": 700000,
        "netIncome": 1100000,
        "netIncomeRatio": 0.0146471372,
        "eps": 0.1,
        "epsdiluted": 0.1,
        "weightedAverageShsOut": 11000000,
        "weightedAverageShsOutDil": 11000000,
        "link": null,
        "finalLink": null
    },
    {
        "date": "1989-11-30",
        "symbol": "SKY",
        "reportedCurrency": "USD",
        "cik": "0000090896",
        "fillingDate": "1989-11-30",
        "acceptedDate": "1989-11-30 00:00:00",
        "calendarYear": "1989",
        "period": "Q3",
        "revenue": 92600000,
        "costOfRevenue": 78000000,
        "grossProfit": 14600000,
        "grossProfitRatio": 0.1576673866,
        "researchAndDevelopmentExpenses": 0,
        "generalAndAdministrativeExpenses": 0,
        "sellingAndMarketingExpenses": 0,
        "sellingGeneralAndAdministrativeExpenses": 12400000,
        "otherExpenses": 600000,
        "operatingExpenses": 13000000,
        "costAndExpenses": 91000000,
        "interestIncome": 0,
        "interestExpense": 0,
        "depreciationAndAmortization": 600000,
        "ebitda": 2200000,
        "ebitdaratio": 0.0237580994,
        "operatingIncome": 1600000,
        "operatingIncomeRatio": 0.0172786177,
        "totalOtherIncomeExpensesNet": 2300000,
        "incomeBeforeTax": 3900000,
        "incomeBeforeTaxRatio": 0.0421166307,
        "incomeTaxExpense": 1500000,
        "netIncome": 2400000,
        "netIncomeRatio": 0.0259179266,
        "eps": 0.21,
        "epsdiluted": 0.21,
        "weightedAverageShsOut": 11428571,
        "weightedAverageShsOutDil": 11428571,
        "link": null,
        "finalLink": null
    },
    {
        "date": "1989-08-31",
        "symbol": "SKY",
        "reportedCurrency": "USD",
        "cik": "0000090896",
        "fillingDate": "1989-08-31",
        "acceptedDate": "1989-08-31 00:00:00",
        "calendarYear": "1989",
        "period": "Q2",
        "revenue": 93100000,
        "costOfRevenue": 78400000,
        "grossProfit": 14700000,
        "grossProfitRatio": 0.1578947368,
        "researchAndDevelopmentExpenses": 0,
        "generalAndAdministrativeExpenses": 0,
        "sellingAndMarketingExpenses": 0,
        "sellingGeneralAndAdministrativeExpenses": 12100000,
        "otherExpenses": 600000,
        "operatingExpenses": 12700000,
        "costAndExpenses": 91100000,
        "interestIncome": 0,
        "interestExpense": 0,
        "depreciationAndAmortization": 600000,
        "ebitda": 2600000,
        "ebitdaratio": 0.0279269603,
        "operatingIncome": 2000000,
        "operatingIncomeRatio": 0.0214822771,
        "totalOtherIncomeExpensesNet": 2500000,
        "incomeBeforeTax": 4500000,
        "incomeBeforeTaxRatio": 0.0483351235,
        "incomeTaxExpense": 1700000,
        "netIncome": 2800000,
        "netIncomeRatio": 0.030075188,
        "eps": 0.25,
        "epsdiluted": 0.25,
        "weightedAverageShsOut": 11200000,
        "weightedAverageShsOutDil": 11200000,
        "link": null,
        "finalLink": null
    },
    {
        "date": "1989-05-31",
        "symbol": "SKY",
        "reportedCurrency": "USD",
        "cik": "0000090896",
        "fillingDate": "1989-05-31",
        "acceptedDate": "1989-05-31 00:00:00",
        "calendarYear": "1989",
        "period": "Q1",
        "revenue": 107900000,
        "costOfRevenue": 134400000,
        "grossProfit": -26500000,
        "grossProfitRatio": -0.2455977757,
        "researchAndDevelopmentExpenses": 0,
        "generalAndAdministrativeExpenses": 0,
        "sellingAndMarketingExpenses": 0,
        "sellingGeneralAndAdministrativeExpenses": 0,
        "otherExpenses": -32800000,
        "operatingExpenses": -32800000,
        "costAndExpenses": 101600000,
        "interestIncome": 0,
        "interestExpense": 0,
        "depreciationAndAmortization": 700000,
        "ebitda": 7000000,
        "ebitdaratio": 0.0648748842,
        "operatingIncome": 6300000,
        "operatingIncomeRatio": 0.0583873957,
        "totalOtherIncomeExpensesNet": 2400000,
        "incomeBeforeTax": 8700000,
        "incomeBeforeTaxRatio": 0.0806302132,
        "incomeTaxExpense": 3300000,
        "netIncome": 5400000,
        "netIncomeRatio": 0.0500463392,
        "eps": 0.49,
        "epsdiluted": 0.49,
        "weightedAverageShsOut": 10955882,
        "weightedAverageShsOutDil": 11111111,
        "link": null,
        "finalLink": null
    },
    {
        "date": "1989-02-28",
        "symbol": "SKY",
        "reportedCurrency": "USD",
        "cik": "0000090896",
        "fillingDate": "1989-02-28",
        "acceptedDate": "1989-02-28 00:00:00",
        "calendarYear": "1988",
        "period": "Q4",
        "revenue": 82800000,
        "costOfRevenue": 69900000,
        "grossProfit": 12900000,
        "grossProfitRatio": 0.1557971014,
        "researchAndDevelopmentExpenses": 0,
        "generalAndAdministrativeExpenses": 0,
        "sellingAndMarketingExpenses": 0,
        "sellingGeneralAndAdministrativeExpenses": 10800000,
        "otherExpenses": 400000,
        "operatingExpenses": 11200000,
        "costAndExpenses": 81100000,
        "interestIncome": 0,
        "interestExpense": 0,
        "depreciationAndAmortization": 400000,
        "ebitda": 2100000,
        "ebitdaratio": 0.0253623188,
        "operatingIncome": 1700000,
        "operatingIncomeRatio": 0.020531401,
        "totalOtherIncomeExpensesNet": 3200000,
        "incomeBeforeTax": 4900000,
        "incomeBeforeTaxRatio": 0.059178744,
        "incomeTaxExpense": 1900000,
        "netIncome": 3000000,
        "netIncomeRatio": 0.0362318841,
        "eps": 0.27,
        "epsdiluted": 0.27,
        "weightedAverageShsOut": 11111111,
        "weightedAverageShsOutDil": 11111111,
        "link": null,
        "finalLink": null
    },
    {
        "date": "1988-11-30",
        "symbol": "SKY",
        "reportedCurrency": "USD",
        "cik": "0000090896",
        "fillingDate": "1988-11-30",
        "acceptedDate": "1988-11-30 00:00:00",
        "calendarYear": "1988",
        "period": "Q3",
        "revenue": 95800000,
        "costOfRevenue": 0,
        "grossProfit": 95800000,
        "grossProfitRatio": 1,
        "researchAndDevelopmentExpenses": 0,
        "generalAndAdministrativeExpenses": 0,
        "sellingAndMarketingExpenses": 0,
        "sellingGeneralAndAdministrativeExpenses": 0,
        "otherExpenses": 0,
        "operatingExpenses": 0,
        "costAndExpenses": 0,
        "interestIncome": 0,
        "interestExpense": 0,
        "depreciationAndAmortization": 0,
        "ebitda": 95800000,
        "ebitdaratio": 1,
        "operatingIncome": 95800000,
        "operatingIncomeRatio": 1,
        "totalOtherIncomeExpensesNet": -95800000,
        "incomeBeforeTax": 0,
        "incomeBeforeTaxRatio": 0,
        "incomeTaxExpense": 0,
        "netIncome": 4100000,
        "netIncomeRatio": 0.0427974948,
        "eps": 0.36,
        "epsdiluted": 0.36,
        "weightedAverageShsOut": 11217000,
        "weightedAverageShsOutDil": 11217000,
        "link": null,
        "finalLink": null
    },
    {
        "date": "1988-08-31",
        "symbol": "SKY",
        "reportedCurrency": "USD",
        "cik": "0000090896",
        "fillingDate": "1988-08-31",
        "acceptedDate": "1988-08-31 00:00:00",
        "calendarYear": "1988",
        "period": "Q2",
        "revenue": 97200000,
        "costOfRevenue": 0,
        "grossProfit": 97200000,
        "grossProfitRatio": 1,
        "researchAndDevelopmentExpenses": 0,
        "generalAndAdministrativeExpenses": 0,
        "sellingAndMarketingExpenses": 0,
        "sellingGeneralAndAdministrativeExpenses": 0,
        "otherExpenses": 0,
        "operatingExpenses": 0,
        "costAndExpenses": 0,
        "interestIncome": 0,
        "interestExpense": 0,
        "depreciationAndAmortization": 0,
        "ebitda": 97200000,
        "ebitdaratio": 1,
        "operatingIncome": 97200000,
        "operatingIncomeRatio": 1,
        "totalOtherIncomeExpensesNet": -97200000,
        "incomeBeforeTax": 0,
        "incomeBeforeTaxRatio": 0,
        "incomeTaxExpense": 0,
        "netIncome": 4600000,
        "netIncomeRatio": 0.0473251029,
        "eps": 0.41,
        "epsdiluted": 0.41,
        "weightedAverageShsOut": 11217000,
        "weightedAverageShsOutDil": 11217000,
        "link": null,
        "finalLink": null
    },
    {
        "date": "1988-05-31",
        "symbol": "SKY",
        "reportedCurrency": "USD",
        "cik": "0000090896",
        "fillingDate": "1988-05-31",
        "acceptedDate": "1988-05-31 00:00:00",
        "calendarYear": "1988",
        "period": "Q1",
        "revenue": 97500000,
        "costOfRevenue": 0,
        "grossProfit": 97500000,
        "grossProfitRatio": 1,
        "researchAndDevelopmentExpenses": 0,
        "generalAndAdministrativeExpenses": 0,
        "sellingAndMarketingExpenses": 0,
        "sellingGeneralAndAdministrativeExpenses": 0,
        "otherExpenses": -309700000,
        "operatingExpenses": -309700000,
        "costAndExpenses": -309700000,
        "interestIncome": 0,
        "interestExpense": 0,
        "depreciationAndAmortization": 0,
        "ebitda": -212200000,
        "ebitdaratio": -2.1764102564,
        "operatingIncome": -212200000,
        "operatingIncomeRatio": -2.1764102564,
        "totalOtherIncomeExpensesNet": 212200000,
        "incomeBeforeTax": 0,
        "incomeBeforeTaxRatio": 0,
        "incomeTaxExpense": 0,
        "netIncome": 4700000,
        "netIncomeRatio": 0.0482051282,
        "eps": 0.42,
        "epsdiluted": 0.42,
        "weightedAverageShsOut": 11217000,
        "weightedAverageShsOutDil": 11217000,
        "link": null,
        "finalLink": null
    },
    {
        "date": "1988-02-29",
        "symbol": "SKY",
        "reportedCurrency": "USD",
        "cik": "0000090896",
        "fillingDate": "1988-02-29",
        "acceptedDate": "1988-02-29 00:00:00",
        "calendarYear": "1987",
        "period": "Q4",
        "revenue": 61900000,
        "costOfRevenue": 0,
        "grossProfit": 61900000,
        "grossProfitRatio": 1,
        "researchAndDevelopmentExpenses": 0,
        "generalAndAdministrativeExpenses": 0,
        "sellingAndMarketingExpenses": 0,
        "sellingGeneralAndAdministrativeExpenses": 0,
        "otherExpenses": 0,
        "operatingExpenses": 0,
        "costAndExpenses": 0,
        "interestIncome": 0,
        "interestExpense": 0,
        "depreciationAndAmortization": 0,
        "ebitda": 61900000,
        "ebitdaratio": 1,
        "operatingIncome": 61900000,
        "operatingIncomeRatio": 1,
        "totalOtherIncomeExpensesNet": -61900000,
        "incomeBeforeTax": 0,
        "incomeBeforeTaxRatio": 0,
        "incomeTaxExpense": 0,
        "netIncome": 1200000,
        "netIncomeRatio": 0.0193861066,
        "eps": 0.11,
        "epsdiluted": 0.11,
        "weightedAverageShsOut": 11217000,
        "weightedAverageShsOutDil": 11217000,
        "link": null,
        "finalLink": null
    },
    {
        "date": "1987-11-30",
        "symbol": "SKY",
        "reportedCurrency": "USD",
        "cik": "0000090896",
        "fillingDate": "1987-11-30",
        "acceptedDate": "1987-11-30 00:00:00",
        "calendarYear": "1987",
        "period": "Q3",
        "revenue": 78800000,
        "costOfRevenue": 0,
        "grossProfit": 78800000,
        "grossProfitRatio": 1,
        "researchAndDevelopmentExpenses": 0,
        "generalAndAdministrativeExpenses": 0,
        "sellingAndMarketingExpenses": 0,
        "sellingGeneralAndAdministrativeExpenses": 0,
        "otherExpenses": 0,
        "operatingExpenses": 0,
        "costAndExpenses": 0,
        "interestIncome": 0,
        "interestExpense": 0,
        "depreciationAndAmortization": 0,
        "ebitda": 78800000,
        "ebitdaratio": 1,
        "operatingIncome": 78800000,
        "operatingIncomeRatio": 1,
        "totalOtherIncomeExpensesNet": -78800000,
        "incomeBeforeTax": 0,
        "incomeBeforeTaxRatio": 0,
        "incomeTaxExpense": 0,
        "netIncome": 3100000,
        "netIncomeRatio": 0.0393401015,
        "eps": 0.28,
        "epsdiluted": 0.28,
        "weightedAverageShsOut": 11217000,
        "weightedAverageShsOutDil": 11217000,
        "link": null,
        "finalLink": null
    },
    {
        "date": "1987-08-31",
        "symbol": "SKY",
        "reportedCurrency": "USD",
        "cik": "0000090896",
        "fillingDate": "1987-08-31",
        "acceptedDate": "1987-08-31 00:00:00",
        "calendarYear": "1987",
        "period": "Q2",
        "revenue": 84700000,
        "costOfRevenue": 0,
        "grossProfit": 84700000,
        "grossProfitRatio": 1,
        "researchAndDevelopmentExpenses": 0,
        "generalAndAdministrativeExpenses": 0,
        "sellingAndMarketingExpenses": 0,
        "sellingGeneralAndAdministrativeExpenses": 0,
        "otherExpenses": 0,
        "operatingExpenses": 0,
        "costAndExpenses": 0,
        "interestIncome": 0,
        "interestExpense": 0,
        "depreciationAndAmortization": 0,
        "ebitda": 84700000,
        "ebitdaratio": 1,
        "operatingIncome": 84700000,
        "operatingIncomeRatio": 1,
        "totalOtherIncomeExpensesNet": -84700000,
        "incomeBeforeTax": 0,
        "incomeBeforeTaxRatio": 0,
        "incomeTaxExpense": 0,
        "netIncome": 4000000,
        "netIncomeRatio": 0.0472255018,
        "eps": 0.36,
        "epsdiluted": 0.36,
        "weightedAverageShsOut": 11217000,
        "weightedAverageShsOutDil": 11217000,
        "link": null,
        "finalLink": null
    },
    {
        "date": "1987-05-31",
        "symbol": "SKY",
        "reportedCurrency": "USD",
        "cik": "0000090896",
        "fillingDate": "1987-05-31",
        "acceptedDate": "1987-05-31 00:00:00",
        "calendarYear": "1987",
        "period": "Q1",
        "revenue": 89700000,
        "costOfRevenue": 0,
        "grossProfit": 89700000,
        "grossProfitRatio": 1,
        "researchAndDevelopmentExpenses": 0,
        "generalAndAdministrativeExpenses": 0,
        "sellingAndMarketingExpenses": 0,
        "sellingGeneralAndAdministrativeExpenses": 0,
        "otherExpenses": -296100000,
        "operatingExpenses": -296100000,
        "costAndExpenses": -296100000,
        "interestIncome": 0,
        "interestExpense": 0,
        "depreciationAndAmortization": 0,
        "ebitda": -206400000,
        "ebitdaratio": -2.3010033445,
        "operatingIncome": -206400000,
        "operatingIncomeRatio": -2.3010033445,
        "totalOtherIncomeExpensesNet": 206400000,
        "incomeBeforeTax": 0,
        "incomeBeforeTaxRatio": 0,
        "incomeTaxExpense": 0,
        "netIncome": 4300000,
        "netIncomeRatio": 0.0479375697,
        "eps": 0.38,
        "epsdiluted": 0.38,
        "weightedAverageShsOut": 11145000,
        "weightedAverageShsOutDil": 11217000,
        "link": null,
        "finalLink": null
    },
    {
        "date": "1987-02-28",
        "symbol": "SKY",
        "reportedCurrency": "USD",
        "cik": "0000090896",
        "fillingDate": "1987-02-28",
        "acceptedDate": "1987-02-28 00:00:00",
        "calendarYear": "1986",
        "period": "Q4",
        "revenue": 64400000,
        "costOfRevenue": 0,
        "grossProfit": 64400000,
        "grossProfitRatio": 1,
        "researchAndDevelopmentExpenses": 0,
        "generalAndAdministrativeExpenses": 0,
        "sellingAndMarketingExpenses": 0,
        "sellingGeneralAndAdministrativeExpenses": 0,
        "otherExpenses": 0,
        "operatingExpenses": 0,
        "costAndExpenses": 0,
        "interestIncome": 0,
        "interestExpense": 0,
        "depreciationAndAmortization": 0,
        "ebitda": 64400000,
        "ebitdaratio": 1,
        "operatingIncome": 64400000,
        "operatingIncomeRatio": 1,
        "totalOtherIncomeExpensesNet": -64400000,
        "incomeBeforeTax": 0,
        "incomeBeforeTaxRatio": 0,
        "incomeTaxExpense": 0,
        "netIncome": 1500000,
        "netIncomeRatio": 0.0232919255,
        "eps": 0.13,
        "epsdiluted": 0.13,
        "weightedAverageShsOut": 11217000,
        "weightedAverageShsOutDil": 11217000,
        "link": null,
        "finalLink": null
    },
    {
        "date": "1986-11-30",
        "symbol": "SKY",
        "reportedCurrency": "USD",
        "cik": "0000090896",
        "fillingDate": "1986-11-30",
        "acceptedDate": "1986-11-30 00:00:00",
        "calendarYear": "1986",
        "period": "Q3",
        "revenue": 76900000,
        "costOfRevenue": 0,
        "grossProfit": 76900000,
        "grossProfitRatio": 1,
        "researchAndDevelopmentExpenses": 0,
        "generalAndAdministrativeExpenses": 0,
        "sellingAndMarketingExpenses": 0,
        "sellingGeneralAndAdministrativeExpenses": 0,
        "otherExpenses": 0,
        "operatingExpenses": 0,
        "costAndExpenses": 0,
        "interestIncome": 0,
        "interestExpense": 0,
        "depreciationAndAmortization": 0,
        "ebitda": 76900000,
        "ebitdaratio": 1,
        "operatingIncome": 76900000,
        "operatingIncomeRatio": 1,
        "totalOtherIncomeExpensesNet": -76900000,
        "incomeBeforeTax": 0,
        "incomeBeforeTaxRatio": 0,
        "incomeTaxExpense": 0,
        "netIncome": 2800000,
        "netIncomeRatio": 0.0364109233,
        "eps": 0.25,
        "epsdiluted": 0.25,
        "weightedAverageShsOut": 11217000,
        "weightedAverageShsOutDil": 11217000,
        "link": null,
        "finalLink": null
    },
    {
        "date": "1986-08-31",
        "symbol": "SKY",
        "reportedCurrency": "USD",
        "cik": "0000090896",
        "fillingDate": "1986-08-31",
        "acceptedDate": "1986-08-31 00:00:00",
        "calendarYear": "1986",
        "period": "Q2",
        "revenue": 81600000,
        "costOfRevenue": 0,
        "grossProfit": 81600000,
        "grossProfitRatio": 1,
        "researchAndDevelopmentExpenses": 0,
        "generalAndAdministrativeExpenses": 0,
        "sellingAndMarketingExpenses": 0,
        "sellingGeneralAndAdministrativeExpenses": 0,
        "otherExpenses": 0,
        "operatingExpenses": 0,
        "costAndExpenses": 0,
        "interestIncome": 0,
        "interestExpense": 0,
        "depreciationAndAmortization": 0,
        "ebitda": 81600000,
        "ebitdaratio": 1,
        "operatingIncome": 81600000,
        "operatingIncomeRatio": 1,
        "totalOtherIncomeExpensesNet": -81600000,
        "incomeBeforeTax": 0,
        "incomeBeforeTaxRatio": 0,
        "incomeTaxExpense": 0,
        "netIncome": 3100000,
        "netIncomeRatio": 0.0379901961,
        "eps": 0.28,
        "epsdiluted": 0.28,
        "weightedAverageShsOut": 11217000,
        "weightedAverageShsOutDil": 11217000,
        "link": null,
        "finalLink": null
    },
    {
        "date": "1986-05-31",
        "symbol": "SKY",
        "reportedCurrency": "USD",
        "cik": "0000090896",
        "fillingDate": "1986-05-31",
        "acceptedDate": "1986-05-31 00:00:00",
        "calendarYear": "1986",
        "period": "Q1",
        "revenue": 93300000,
        "costOfRevenue": 0,
        "grossProfit": 93300000,
        "grossProfitRatio": 1,
        "researchAndDevelopmentExpenses": 0,
        "generalAndAdministrativeExpenses": 0,
        "sellingAndMarketingExpenses": 0,
        "sellingGeneralAndAdministrativeExpenses": 0,
        "otherExpenses": -303600000,
        "operatingExpenses": -303600000,
        "costAndExpenses": -303600000,
        "interestIncome": 0,
        "interestExpense": 0,
        "depreciationAndAmortization": 0,
        "ebitda": -210300000,
        "ebitdaratio": -2.2540192926,
        "operatingIncome": -210300000,
        "operatingIncomeRatio": -2.2540192926,
        "totalOtherIncomeExpensesNet": 210300000,
        "incomeBeforeTax": 0,
        "incomeBeforeTaxRatio": 0,
        "incomeTaxExpense": 0,
        "netIncome": 3000000,
        "netIncomeRatio": 0.0321543408,
        "eps": 0.27,
        "epsdiluted": 0.27,
        "weightedAverageShsOut": 11217000,
        "weightedAverageShsOutDil": 11217000,
        "link": null,
        "finalLink": null
    },
    {
        "date": "1986-02-28",
        "symbol": "SKY",
        "reportedCurrency": "USD",
        "cik": "0000090896",
        "fillingDate": "1986-02-28",
        "acceptedDate": "1986-02-28 00:00:00",
        "calendarYear": "1985",
        "period": "Q4",
        "revenue": 64400000,
        "costOfRevenue": 0,
        "grossProfit": 64400000,
        "grossProfitRatio": 1,
        "researchAndDevelopmentExpenses": 0,
        "generalAndAdministrativeExpenses": 0,
        "sellingAndMarketingExpenses": 0,
        "sellingGeneralAndAdministrativeExpenses": 0,
        "otherExpenses": 0,
        "operatingExpenses": 0,
        "costAndExpenses": 0,
        "interestIncome": 0,
        "interestExpense": 0,
        "depreciationAndAmortization": 0,
        "ebitda": 64400000,
        "ebitdaratio": 1,
        "operatingIncome": 64400000,
        "operatingIncomeRatio": 1,
        "totalOtherIncomeExpensesNet": -64400000,
        "incomeBeforeTax": 0,
        "incomeBeforeTaxRatio": 0,
        "incomeTaxExpense": 0,
        "netIncome": 1500000,
        "netIncomeRatio": 0.0232919255,
        "eps": 0.13,
        "epsdiluted": 0.13,
        "weightedAverageShsOut": 11217000,
        "weightedAverageShsOutDil": 11217000,
        "link": null,
        "finalLink": null
    },
    {
        "date": "1985-11-30",
        "symbol": "SKY",
        "reportedCurrency": "USD",
        "cik": "0000090896",
        "fillingDate": "1985-11-30",
        "acceptedDate": "1985-11-30 00:00:00",
        "calendarYear": "1985",
        "period": "Q3",
        "revenue": 78000000,
        "costOfRevenue": 0,
        "grossProfit": 78000000,
        "grossProfitRatio": 1,
        "researchAndDevelopmentExpenses": 0,
        "generalAndAdministrativeExpenses": 0,
        "sellingAndMarketingExpenses": 0,
        "sellingGeneralAndAdministrativeExpenses": 0,
        "otherExpenses": 0,
        "operatingExpenses": 0,
        "costAndExpenses": 0,
        "interestIncome": 0,
        "interestExpense": 0,
        "depreciationAndAmortization": 0,
        "ebitda": 78000000,
        "ebitdaratio": 1,
        "operatingIncome": 78000000,
        "operatingIncomeRatio": 1,
        "totalOtherIncomeExpensesNet": -78000000,
        "incomeBeforeTax": 0,
        "incomeBeforeTaxRatio": 0,
        "incomeTaxExpense": 0,
        "netIncome": 2300000,
        "netIncomeRatio": 0.0294871795,
        "eps": 0.21,
        "epsdiluted": 0.21,
        "weightedAverageShsOut": 11217000,
        "weightedAverageShsOutDil": 11217000,
        "link": null,
        "finalLink": null
    },
    {
        "date": "1985-08-31",
        "symbol": "SKY",
        "reportedCurrency": "USD",
        "cik": "0000090896",
        "fillingDate": "1985-08-31",
        "acceptedDate": "1985-08-31 00:00:00",
        "calendarYear": "1985",
        "period": "Q2",
        "revenue": 85900000,
        "costOfRevenue": 0,
        "grossProfit": 85900000,
        "grossProfitRatio": 1,
        "researchAndDevelopmentExpenses": 0,
        "generalAndAdministrativeExpenses": 0,
        "sellingAndMarketingExpenses": 0,
        "sellingGeneralAndAdministrativeExpenses": 0,
        "otherExpenses": 0,
        "operatingExpenses": 0,
        "costAndExpenses": 0,
        "interestIncome": 0,
        "interestExpense": 0,
        "depreciationAndAmortization": 0,
        "ebitda": 85900000,
        "ebitdaratio": 1,
        "operatingIncome": 85900000,
        "operatingIncomeRatio": 1,
        "totalOtherIncomeExpensesNet": -85900000,
        "incomeBeforeTax": 0,
        "incomeBeforeTaxRatio": 0,
        "incomeTaxExpense": 0,
        "netIncome": 3000000,
        "netIncomeRatio": 0.0349243306,
        "eps": 0.27,
        "epsdiluted": 0.27,
        "weightedAverageShsOut": 11217000,
        "weightedAverageShsOutDil": 11217000,
        "link": null,
        "finalLink": null
    }
]