[
    {
        "date": "2025-09-30",
        "symbol": "SLB",
        "reportedCurrency": "USD",
        "cik": "0000087347",
        "fillingDate": "2025-10-22",
        "acceptedDate": "2025-10-22 09:55:53",
        "calendarYear": "2025",
        "period": "Q3",
        "revenue": 8928000000,
        "costOfRevenue": 7370000000,
        "grossProfit": 1558000000,
        "grossProfitRatio": 0.1745071685,
        "researchAndDevelopmentExpenses": 170000000,
        "generalAndAdministrativeExpenses": 72000000,
        "sellingAndMarketingExpenses": 0,
        "sellingGeneralAndAdministrativeExpenses": 72000000,
        "otherExpenses": 0,
        "operatingExpenses": 242000000,
        "costAndExpenses": 7612000000,
        "interestIncome": 78000000,
        "interestExpense": 142000000,
        "depreciationAndAmortization": 638000000,
        "ebitda": 1780000000,
        "ebitdaratio": 0.1993727599,
        "operatingIncome": 1316000000,
        "operatingIncomeRatio": 0.1474014337,
        "totalOtherIncomeExpensesNet": -316000000,
        "incomeBeforeTax": 1000000000,
        "incomeBeforeTaxRatio": 0.1120071685,
        "incomeTaxExpense": 226000000,
        "netIncome": 739000000,
        "netIncomeRatio": 0.0827732975,
        "eps": 0.5,
        "epsdiluted": 0.5,
        "weightedAverageShsOut": 1471000000,
        "weightedAverageShsOutDil": 1488000000,
        "link": "https://www.sec.gov/Archives/edgar/data/87347/000119312525246028/0001193125-25-246028-index.htm",
        "finalLink": "https://www.sec.gov/Archives/edgar/data/87347/000119312525246028/slb-20250930.htm"
    },
    {
        "date": "2025-06-30",
        "symbol": "SLB",
        "reportedCurrency": "USD",
        "cik": "0000087347",
        "fillingDate": "2025-07-24",
        "acceptedDate": "2025-07-24 11:42:50",
        "calendarYear": "2025",
        "period": "Q2",
        "revenue": 8546000000,
        "costOfRevenue": 6934000000,
        "grossProfit": 1612000000,
        "grossProfitRatio": 0.1886262579,
        "researchAndDevelopmentExpenses": 180000000,
        "generalAndAdministrativeExpenses": 87000000,
        "sellingAndMarketingExpenses": 0,
        "sellingGeneralAndAdministrativeExpenses": 87000000,
        "otherExpenses": 0,
        "operatingExpenses": 267000000,
        "costAndExpenses": 7201000000,
        "interestIncome": 30000000,
        "interestExpense": 142000000,
        "depreciationAndAmortization": 633000000,
        "ebitda": 2060000000,
        "ebitdaratio": 0.2410484437,
        "operatingIncome": 1345000000,
        "operatingIncomeRatio": 0.1573835713,
        "totalOtherIncomeExpensesNet": -60000000,
        "incomeBeforeTax": 1285000000,
        "incomeBeforeTaxRatio": 0.1503627428,
        "incomeTaxExpense": 237000000,
        "netIncome": 1014000000,
        "netIncomeRatio": 0.1186520009,
        "eps": 0.75,
        "epsdiluted": 0.74,
        "weightedAverageShsOut": 1352000000,
        "weightedAverageShsOutDil": 1366000000,
        "link": "https://www.sec.gov/Archives/edgar/data/87347/000095017025098217/0000950170-25-098217-index.htm",
        "finalLink": "https://www.sec.gov/Archives/edgar/data/87347/000095017025098217/slb-20250630.htm"
    },
    {
        "date": "2025-03-31",
        "symbol": "SLB",
        "reportedCurrency": "USD",
        "cik": "0000087347",
        "fillingDate": "2025-04-25",
        "acceptedDate": "2025-04-25 11:05:31",
        "calendarYear": "2025",
        "period": "Q1",
        "revenue": 8490000000,
        "costOfRevenue": 6884000000,
        "grossProfit": 1606000000,
        "grossProfitRatio": 0.189163722,
        "researchAndDevelopmentExpenses": 172000000,
        "generalAndAdministrativeExpenses": 96000000,
        "sellingAndMarketingExpenses": 0,
        "sellingGeneralAndAdministrativeExpenses": 96000000,
        "otherExpenses": 0,
        "operatingExpenses": 268000000,
        "costAndExpenses": 7152000000,
        "interestIncome": 36000000,
        "interestExpense": 147000000,
        "depreciationAndAmortization": 640000000,
        "ebitda": 1850000000,
        "ebitdaratio": 0.2179034158,
        "operatingIncome": 1338000000,
        "operatingIncomeRatio": 0.1575971731,
        "totalOtherIncomeExpensesNet": -275000000,
        "incomeBeforeTax": 1063000000,
        "incomeBeforeTaxRatio": 0.1252061249,
        "incomeTaxExpense": 234000000,
        "netIncome": 797000000,
        "netIncomeRatio": 0.0938751472,
        "eps": 0.58,
        "epsdiluted": 0.58,
        "weightedAverageShsOut": 1366000000,
        "weightedAverageShsOutDil": 1380000000,
        "link": "https://www.sec.gov/Archives/edgar/data/87347/000095017025058413/0000950170-25-058413-index.htm",
        "finalLink": "https://www.sec.gov/Archives/edgar/data/87347/000095017025058413/slb-20250331.htm"
    },
    {
        "date": "2024-12-31",
        "symbol": "SLB",
        "reportedCurrency": "USD",
        "cik": "0000087347",
        "fillingDate": "2025-01-22",
        "acceptedDate": "2025-01-22 12:33:50",
        "calendarYear": "2024",
        "period": "Q4",
        "revenue": 9284000000,
        "costOfRevenue": 7323000000,
        "grossProfit": 1961000000,
        "grossProfitRatio": 0.2112236105,
        "researchAndDevelopmentExpenses": 192000000,
        "generalAndAdministrativeExpenses": 80000000,
        "sellingAndMarketingExpenses": 0,
        "sellingGeneralAndAdministrativeExpenses": 80000000,
        "otherExpenses": 0,
        "operatingExpenses": 272000000,
        "costAndExpenses": 7595000000,
        "interestIncome": 45000000,
        "interestExpense": 131000000,
        "depreciationAndAmortization": 14000000,
        "ebitda": 1532000000,
        "ebitdaratio": 0.1650150797,
        "operatingIncome": 1689000000,
        "operatingIncomeRatio": 0.181925894,
        "totalOtherIncomeExpensesNet": -302000000,
        "incomeBeforeTax": 1387000000,
        "incomeBeforeTaxRatio": 0.1493968117,
        "incomeTaxExpense": 269000000,
        "netIncome": 1095000000,
        "netIncomeRatio": 0.1179448514,
        "eps": 0.77,
        "epsdiluted": 0.77,
        "weightedAverageShsOut": 1421000000,
        "weightedAverageShsOutDil": 1436000000,
        "link": "https://www.sec.gov/Archives/edgar/data/87347/000095017025007638/0000950170-25-007638-index.htm",
        "finalLink": "https://www.sec.gov/Archives/edgar/data/87347/000095017025007638/slb-20241231.htm"
    },
    {
        "date": "2024-09-30",
        "symbol": "SLB",
        "reportedCurrency": "USD",
        "cik": "0000087347",
        "fillingDate": "2024-10-23",
        "acceptedDate": "2024-10-23 12:28:10",
        "calendarYear": "2024",
        "period": "Q3",
        "revenue": 9159000000,
        "costOfRevenue": 7237000000,
        "grossProfit": 1922000000,
        "grossProfitRatio": 0.2098482367,
        "researchAndDevelopmentExpenses": 187000000,
        "generalAndAdministrativeExpenses": 90000000,
        "sellingAndMarketingExpenses": 0,
        "sellingGeneralAndAdministrativeExpenses": 90000000,
        "otherExpenses": 0,
        "operatingExpenses": 277000000,
        "costAndExpenses": 7514000000,
        "interestIncome": 52000000,
        "interestExpense": 136000000,
        "depreciationAndAmortization": 640000000,
        "ebitda": 2283000000,
        "ebitdaratio": 0.24926302,
        "operatingIncome": 1645000000,
        "operatingIncomeRatio": 0.1796047603,
        "totalOtherIncomeExpensesNet": -138000000,
        "incomeBeforeTax": 1507000000,
        "incomeBeforeTaxRatio": 0.1645376133,
        "incomeTaxExpense": 289000000,
        "netIncome": 1186000000,
        "netIncomeRatio": 0.129490119,
        "eps": 0.84,
        "epsdiluted": 0.83,
        "weightedAverageShsOut": 1417000000,
        "weightedAverageShsOutDil": 1432000000,
        "link": "https://www.sec.gov/Archives/edgar/data/87347/000095017024116535/0000950170-24-116535-index.htm",
        "finalLink": "https://www.sec.gov/Archives/edgar/data/87347/000095017024116535/slb-20240930.htm"
    },
    {
        "date": "2024-06-30",
        "symbol": "SLB",
        "reportedCurrency": "USD",
        "cik": "0000087347",
        "fillingDate": "2024-07-24",
        "acceptedDate": "2024-07-24 11:51:59",
        "calendarYear": "2024",
        "period": "Q2",
        "revenue": 9139000000,
        "costOfRevenue": 7230000000,
        "grossProfit": 1877000000,
        "grossProfitRatio": 0.2053835212,
        "researchAndDevelopmentExpenses": 188000000,
        "generalAndAdministrativeExpenses": 94000000,
        "sellingAndMarketingExpenses": 0,
        "sellingGeneralAndAdministrativeExpenses": 94000000,
        "otherExpenses": 0,
        "operatingExpenses": 282000000,
        "costAndExpenses": 7544000000,
        "interestIncome": 38000000,
        "interestExpense": 132000000,
        "depreciationAndAmortization": 631000000,
        "ebitda": 2184000000,
        "ebitdaratio": 0.2389758179,
        "operatingIncome": 1595000000,
        "operatingIncomeRatio": 0.1745267535,
        "totalOtherIncomeExpensesNet": -174000000,
        "incomeBeforeTax": 1421000000,
        "incomeBeforeTaxRatio": 0.1554874713,
        "incomeTaxExpense": 276000000,
        "netIncome": 1112000000,
        "netIncomeRatio": 0.1216763322,
        "eps": 0.78,
        "epsdiluted": 0.77,
        "weightedAverageShsOut": 1428000000,
        "weightedAverageShsOutDil": 1443000000,
        "link": "https://www.sec.gov/Archives/edgar/data/87347/000095017024085905/0000950170-24-085905-index.htm",
        "finalLink": "https://www.sec.gov/Archives/edgar/data/87347/000095017024085905/slb-20240630.htm"
    },
    {
        "date": "2024-03-31",
        "symbol": "SLB",
        "reportedCurrency": "USD",
        "cik": "0000087347",
        "fillingDate": "2024-04-24",
        "acceptedDate": "2024-04-24 08:17:45",
        "calendarYear": "2024",
        "period": "Q1",
        "revenue": 8710000000,
        "costOfRevenue": 7007000000,
        "grossProfit": 1700000000,
        "grossProfitRatio": 0.1951779564,
        "researchAndDevelopmentExpenses": 182000000,
        "generalAndAdministrativeExpenses": 121000000,
        "sellingAndMarketingExpenses": 0,
        "sellingGeneralAndAdministrativeExpenses": 121000000,
        "otherExpenses": 0,
        "operatingExpenses": 303000000,
        "costAndExpenses": 7310000000,
        "interestIncome": 38000000,
        "interestExpense": 113000000,
        "depreciationAndAmortization": 600000000,
        "ebitda": 2070000000,
        "ebitdaratio": 0.2376578645,
        "operatingIncome": 1397000000,
        "operatingIncomeRatio": 0.1603903559,
        "totalOtherIncomeExpensesNet": -40000000,
        "incomeBeforeTax": 1357000000,
        "incomeBeforeTaxRatio": 0.1557979334,
        "incomeTaxExpense": 259000000,
        "netIncome": 1068000000,
        "netIncomeRatio": 0.1226176808,
        "eps": 0.75,
        "epsdiluted": 0.74,
        "weightedAverageShsOut": 1431000000,
        "weightedAverageShsOutDil": 1447000000,
        "link": "https://www.sec.gov/Archives/edgar/data/87347/000095017024047250/0000950170-24-047250-index.htm",
        "finalLink": "https://www.sec.gov/Archives/edgar/data/87347/000095017024047250/slb-20240331.htm"
    },
    {
        "date": "2023-12-31",
        "symbol": "SLB",
        "reportedCurrency": "USD",
        "cik": "0000087347",
        "fillingDate": "2024-01-24",
        "acceptedDate": "2024-01-24 12:15:58",
        "calendarYear": "2023",
        "period": "Q4",
        "revenue": 8990000000,
        "costOfRevenue": 7194000000,
        "grossProfit": 1796000000,
        "grossProfitRatio": 0.1997775306,
        "researchAndDevelopmentExpenses": 187000000,
        "generalAndAdministrativeExpenses": 96000000,
        "sellingAndMarketingExpenses": 0,
        "sellingGeneralAndAdministrativeExpenses": 96000000,
        "otherExpenses": 0,
        "operatingExpenses": 283000000,
        "costAndExpenses": 7477000000,
        "interestIncome": 41000000,
        "interestExpense": 130000000,
        "depreciationAndAmortization": 56000000,
        "ebitda": 1619000000,
        "ebitdaratio": 0.1800889878,
        "operatingIncome": 1513000000,
        "operatingIncomeRatio": 0.168298109,
        "totalOtherIncomeExpensesNet": -80000000,
        "incomeBeforeTax": 1433000000,
        "incomeBeforeTaxRatio": 0.1593993326,
        "incomeTaxExpense": 285000000,
        "netIncome": 1112000000,
        "netIncomeRatio": 0.1236929922,
        "eps": 0.78,
        "epsdiluted": 0.77,
        "weightedAverageShsOut": 1429000000,
        "weightedAverageShsOutDil": 1446000000,
        "link": "https://www.sec.gov/Archives/edgar/data/87347/000095017024006884/0000950170-24-006884-index.htm",
        "finalLink": "https://www.sec.gov/Archives/edgar/data/87347/000095017024006884/slb-20231231.htm"
    },
    {
        "date": "2023-09-30",
        "symbol": "SLB",
        "reportedCurrency": "USD",
        "cik": "0000087347",
        "fillingDate": "2023-10-25",
        "acceptedDate": "2023-10-25 10:21:58",
        "calendarYear": "2023",
        "period": "Q3",
        "revenue": 8310000000,
        "costOfRevenue": 6592000000,
        "grossProfit": 1718000000,
        "grossProfitRatio": 0.2067388688,
        "researchAndDevelopmentExpenses": 186000000,
        "generalAndAdministrativeExpenses": 81000000,
        "sellingAndMarketingExpenses": 0,
        "sellingGeneralAndAdministrativeExpenses": 81000000,
        "otherExpenses": 0,
        "operatingExpenses": 267000000,
        "costAndExpenses": 6859000000,
        "interestIncome": 73000000,
        "interestExpense": 129000000,
        "depreciationAndAmortization": 579000000,
        "ebitda": 2103000000,
        "ebitdaratio": 0.2530685921,
        "operatingIncome": 1451000000,
        "operatingIncomeRatio": 0.1746089049,
        "totalOtherIncomeExpensesNet": -56000000,
        "incomeBeforeTax": 1395000000,
        "incomeBeforeTaxRatio": 0.1678700361,
        "incomeTaxExpense": 259000000,
        "netIncome": 1123000000,
        "netIncomeRatio": 0.1351383875,
        "eps": 0.79,
        "epsdiluted": 0.78,
        "weightedAverageShsOut": 1424000000,
        "weightedAverageShsOutDil": 1442000000,
        "link": "https://www.sec.gov/Archives/edgar/data/87347/000095017023055042/0000950170-23-055042-index.htm",
        "finalLink": "https://www.sec.gov/Archives/edgar/data/87347/000095017023055042/slb-20230930.htm"
    },
    {
        "date": "2023-06-30",
        "symbol": "SLB",
        "reportedCurrency": "USD",
        "cik": "0000087347",
        "fillingDate": "2023-07-26",
        "acceptedDate": "2023-07-26 10:12:57",
        "calendarYear": "2023",
        "period": "Q2",
        "revenue": 8099000000,
        "costOfRevenue": 6502000000,
        "grossProfit": 1597000000,
        "grossProfitRatio": 0.1971848376,
        "researchAndDevelopmentExpenses": 163000000,
        "generalAndAdministrativeExpenses": 96000000,
        "sellingAndMarketingExpenses": 0,
        "sellingGeneralAndAdministrativeExpenses": 96000000,
        "otherExpenses": 0,
        "operatingExpenses": 259000000,
        "costAndExpenses": 6761000000,
        "interestIncome": 82000000,
        "interestExpense": 127000000,
        "depreciationAndAmortization": 561000000,
        "ebitda": 1899000000,
        "ebitdaratio": 0.2344733918,
        "operatingIncome": 1338000000,
        "operatingIncomeRatio": 0.1652055809,
        "totalOtherIncomeExpensesNet": -45000000,
        "incomeBeforeTax": 1293000000,
        "incomeBeforeTaxRatio": 0.1596493394,
        "incomeTaxExpense": 246000000,
        "netIncome": 1033000000,
        "netIncomeRatio": 0.1275466107,
        "eps": 0.73,
        "epsdiluted": 0.72,
        "weightedAverageShsOut": 1423000000,
        "weightedAverageShsOutDil": 1442000000,
        "link": "https://www.sec.gov/Archives/edgar/data/87347/000095017023034590/0000950170-23-034590-index.htm",
        "finalLink": "https://www.sec.gov/Archives/edgar/data/87347/000095017023034590/slb-20230630.htm"
    },
    {
        "date": "2023-03-31",
        "symbol": "SLB",
        "reportedCurrency": "USD",
        "cik": "0000087347",
        "fillingDate": "2023-04-26",
        "acceptedDate": "2023-04-26 11:45:01",
        "calendarYear": "2023",
        "period": "Q1",
        "revenue": 7736000000,
        "costOfRevenue": 6285000000,
        "grossProfit": 1451000000,
        "grossProfitRatio": 0.1875646329,
        "researchAndDevelopmentExpenses": 174000000,
        "generalAndAdministrativeExpenses": 91000000,
        "sellingAndMarketingExpenses": 0,
        "sellingGeneralAndAdministrativeExpenses": 91000000,
        "otherExpenses": 0,
        "operatingExpenses": 265000000,
        "costAndExpenses": 6550000000,
        "interestIncome": 17000000,
        "interestExpense": 117000000,
        "depreciationAndAmortization": 563000000,
        "ebitda": 1841000000,
        "ebitdaratio": 0.2379782834,
        "operatingIncome": 1186000000,
        "operatingIncomeRatio": 0.1533092037,
        "totalOtherIncomeExpensesNet": -25000000,
        "incomeBeforeTax": 1161000000,
        "incomeBeforeTaxRatio": 0.1500775595,
        "incomeTaxExpense": 217000000,
        "netIncome": 934000000,
        "netIncomeRatio": 0.1207342296,
        "eps": 0.65,
        "epsdiluted": 0.65,
        "weightedAverageShsOut": 1426000000,
        "weightedAverageShsOutDil": 1446000000,
        "link": "https://www.sec.gov/Archives/edgar/data/87347/000095017023014656/0000950170-23-014656-index.htm",
        "finalLink": "https://www.sec.gov/Archives/edgar/data/87347/000095017023014656/slb-20230331.htm"
    },
    {
        "date": "2022-12-31",
        "symbol": "SLB",
        "reportedCurrency": "USD",
        "cik": "0000087347",
        "fillingDate": "2023-01-25",
        "acceptedDate": "2023-01-25 10:10:50",
        "calendarYear": "2022",
        "period": "Q4",
        "revenue": 7879000000,
        "costOfRevenue": 6308000000,
        "grossProfit": 1571000000,
        "grossProfitRatio": 0.1993907856,
        "researchAndDevelopmentExpenses": 178000000,
        "generalAndAdministrativeExpenses": 99000000,
        "sellingAndMarketingExpenses": 0,
        "sellingGeneralAndAdministrativeExpenses": 99000000,
        "otherExpenses": 0,
        "operatingExpenses": 277000000,
        "costAndExpenses": 6585000000,
        "interestIncome": 33000000,
        "interestExpense": 121000000,
        "depreciationAndAmortization": 71000000,
        "ebitda": 1539000000,
        "ebitdaratio": 0.1953293565,
        "operatingIncome": 1294000000,
        "operatingIncomeRatio": 0.1642340399,
        "totalOtherIncomeExpensesNet": 53000000,
        "incomeBeforeTax": 1347000000,
        "incomeBeforeTaxRatio": 0.1709607818,
        "incomeTaxExpense": 264000000,
        "netIncome": 1064000000,
        "netIncomeRatio": 0.1350425181,
        "eps": 0.75,
        "epsdiluted": 0.74,
        "weightedAverageShsOut": 1420000000,
        "weightedAverageShsOutDil": 1442000000,
        "link": "https://www.sec.gov/Archives/edgar/data/87347/000156459023000762/0001564590-23-000762-index.htm",
        "finalLink": "https://www.sec.gov/Archives/edgar/data/87347/000156459023000762/slb-10k_20221231.htm"
    },
    {
        "date": "2022-09-30",
        "symbol": "SLB",
        "reportedCurrency": "USD",
        "cik": "0000087347",
        "fillingDate": "2022-10-26",
        "acceptedDate": "2022-10-26 10:24:00",
        "calendarYear": "2022",
        "period": "Q3",
        "revenue": 7477000000,
        "costOfRevenue": 6042000000,
        "grossProfit": 1435000000,
        "grossProfitRatio": 0.1919218938,
        "researchAndDevelopmentExpenses": 160000000,
        "generalAndAdministrativeExpenses": 94000000,
        "sellingAndMarketingExpenses": 0,
        "sellingGeneralAndAdministrativeExpenses": 94000000,
        "otherExpenses": 0,
        "operatingExpenses": 254000000,
        "costAndExpenses": 6296000000,
        "interestIncome": 75000000,
        "interestExpense": 122000000,
        "depreciationAndAmortization": 533000000,
        "ebitda": 1789000000,
        "ebitdaratio": 0.2392670857,
        "operatingIncome": 1181000000,
        "operatingIncomeRatio": 0.1579510499,
        "totalOtherIncomeExpensesNet": -47000000,
        "incomeBeforeTax": 1134000000,
        "incomeBeforeTaxRatio": 0.1516651063,
        "incomeTaxExpense": 215000000,
        "netIncome": 907000000,
        "netIncomeRatio": 0.1213053364,
        "eps": 0.64,
        "epsdiluted": 0.63,
        "weightedAverageShsOut": 1418000000,
        "weightedAverageShsOutDil": 1439000000,
        "link": "https://www.sec.gov/Archives/edgar/data/87347/000156459022035199/0001564590-22-035199-index.htm",
        "finalLink": "https://www.sec.gov/Archives/edgar/data/87347/000156459022035199/slb-10q_20220930.htm"
    },
    {
        "date": "2022-06-30",
        "symbol": "SLB",
        "reportedCurrency": "USD",
        "cik": "0000087347",
        "fillingDate": "2022-07-27",
        "acceptedDate": "2022-07-27 10:21:35",
        "calendarYear": "2022",
        "period": "Q2",
        "revenue": 6773000000,
        "costOfRevenue": 5568000000,
        "grossProfit": 1205000000,
        "grossProfitRatio": 0.1779122988,
        "researchAndDevelopmentExpenses": 154000000,
        "generalAndAdministrativeExpenses": 86000000,
        "sellingAndMarketingExpenses": 0,
        "sellingGeneralAndAdministrativeExpenses": 86000000,
        "otherExpenses": 0,
        "operatingExpenses": 240000000,
        "costAndExpenses": 5808000000,
        "interestIncome": 311000000,
        "interestExpense": 124000000,
        "depreciationAndAmortization": 532000000,
        "ebitda": 1808000000,
        "ebitdaratio": 0.2669422708,
        "operatingIncome": 965000000,
        "operatingIncomeRatio": 0.1424774841,
        "totalOtherIncomeExpensesNet": 187000000,
        "incomeBeforeTax": 1152000000,
        "incomeBeforeTaxRatio": 0.1700871106,
        "incomeTaxExpense": 182000000,
        "netIncome": 959000000,
        "netIncomeRatio": 0.1415916138,
        "eps": 0.68,
        "epsdiluted": 0.67,
        "weightedAverageShsOut": 1414000000,
        "weightedAverageShsOutDil": 1436000000,
        "link": "https://www.sec.gov/Archives/edgar/data/87347/000156459022026594/0001564590-22-026594-index.htm",
        "finalLink": "https://www.sec.gov/Archives/edgar/data/87347/000156459022026594/slb-10q_20220630.htm"
    },
    {
        "date": "2022-03-31",
        "symbol": "SLB",
        "reportedCurrency": "USD",
        "cik": "0000087347",
        "fillingDate": "2022-04-27",
        "acceptedDate": "2022-04-27 09:06:15",
        "calendarYear": "2022",
        "period": "Q1",
        "revenue": 5962000000,
        "costOfRevenue": 5013000000,
        "grossProfit": 949000000,
        "grossProfitRatio": 0.1591747736,
        "researchAndDevelopmentExpenses": 141000000,
        "generalAndAdministrativeExpenses": 97000000,
        "sellingAndMarketingExpenses": 0,
        "sellingGeneralAndAdministrativeExpenses": 97000000,
        "otherExpenses": 0,
        "operatingExpenses": 238000000,
        "costAndExpenses": 5251000000,
        "interestIncome": 14000000,
        "interestExpense": 123000000,
        "depreciationAndAmortization": 533000000,
        "ebitda": 1294000000,
        "ebitdaratio": 0.2170412613,
        "operatingIncome": 711000000,
        "operatingIncomeRatio": 0.1192552835,
        "totalOtherIncomeExpensesNet": -73000000,
        "incomeBeforeTax": 638000000,
        "incomeBeforeTaxRatio": 0.1070110701,
        "incomeTaxExpense": 118000000,
        "netIncome": 510000000,
        "netIncomeRatio": 0.0855417645,
        "eps": 0.36,
        "epsdiluted": 0.36,
        "weightedAverageShsOut": 1412000000,
        "weightedAverageShsOutDil": 1434000000,
        "link": "https://www.sec.gov/Archives/edgar/data/87347/000156459022015889/0001564590-22-015889-index.htm",
        "finalLink": "https://www.sec.gov/Archives/edgar/data/87347/000156459022015889/slb-10q_20220331.htm"
    },
    {
        "date": "2021-12-31",
        "symbol": "SLB",
        "reportedCurrency": "USD",
        "cik": "0000087347",
        "fillingDate": "2022-01-26",
        "acceptedDate": "2022-01-26 12:11:00",
        "calendarYear": "2021",
        "period": "Q4",
        "revenue": 6225000000,
        "costOfRevenue": 5136000000,
        "grossProfit": 1089000000,
        "grossProfitRatio": 0.174939759,
        "researchAndDevelopmentExpenses": 145000000,
        "generalAndAdministrativeExpenses": 109000000,
        "sellingAndMarketingExpenses": 0,
        "sellingGeneralAndAdministrativeExpenses": 109000000,
        "otherExpenses": 0,
        "operatingExpenses": 254000000,
        "costAndExpenses": 5390000000,
        "interestIncome": 15000000,
        "interestExpense": 137000000,
        "depreciationAndAmortization": 532000000,
        "ebitda": 1425000000,
        "ebitdaratio": 0.2289156627,
        "operatingIncome": 836000000,
        "operatingIncomeRatio": 0.1342971888,
        "totalOtherIncomeExpensesNet": -80000000,
        "incomeBeforeTax": 756000000,
        "incomeBeforeTaxRatio": 0.1214457831,
        "incomeTaxExpense": 145000000,
        "netIncome": 601000000,
        "netIncomeRatio": 0.0965461847,
        "eps": 0.43,
        "epsdiluted": 0.42,
        "weightedAverageShsOut": 1403000000,
        "weightedAverageShsOutDil": 1430000000,
        "link": "https://www.sec.gov/Archives/edgar/data/87347/000156459022002421/0001564590-22-002421-index.htm",
        "finalLink": "https://www.sec.gov/Archives/edgar/data/87347/000156459022002421/slb-10k_20211231.htm"
    },
    {
        "date": "2021-09-30",
        "symbol": "SLB",
        "reportedCurrency": "USD",
        "cik": "0000087347",
        "fillingDate": "2021-10-27",
        "acceptedDate": "2021-10-27 09:45:12",
        "calendarYear": "2021",
        "period": "Q3",
        "revenue": 5847000000,
        "costOfRevenue": 4862000000,
        "grossProfit": 985000000,
        "grossProfitRatio": 0.1684624594,
        "researchAndDevelopmentExpenses": 140000000,
        "generalAndAdministrativeExpenses": 80000000,
        "sellingAndMarketingExpenses": 0,
        "sellingGeneralAndAdministrativeExpenses": 80000000,
        "otherExpenses": 0,
        "operatingExpenses": 220000000,
        "costAndExpenses": 5082000000,
        "interestIncome": 56000000,
        "interestExpense": 130000000,
        "depreciationAndAmortization": 530000000,
        "ebitda": 1351000000,
        "ebitdaratio": 0.2310586626,
        "operatingIncome": 765000000,
        "operatingIncomeRatio": 0.1308363263,
        "totalOtherIncomeExpensesNet": -74000000,
        "incomeBeforeTax": 691000000,
        "incomeBeforeTaxRatio": 0.1181802634,
        "incomeTaxExpense": 129000000,
        "netIncome": 550000000,
        "netIncomeRatio": 0.0940653326,
        "eps": 0.39,
        "epsdiluted": 0.39,
        "weightedAverageShsOut": 1402000000,
        "weightedAverageShsOutDil": 1424000000,
        "link": "https://www.sec.gov/Archives/edgar/data/87347/000156459021052182/0001564590-21-052182-index.htm",
        "finalLink": "https://www.sec.gov/Archives/edgar/data/87347/000156459021052182/slb-10q_20210930.htm"
    },
    {
        "date": "2021-06-30",
        "symbol": "SLB",
        "reportedCurrency": "USD",
        "cik": "0000087347",
        "fillingDate": "2021-07-28",
        "acceptedDate": "2021-07-28 12:46:10",
        "calendarYear": "2021",
        "period": "Q2",
        "revenue": 5634000000,
        "costOfRevenue": 4768000000,
        "grossProfit": 866000000,
        "grossProfitRatio": 0.1537096202,
        "researchAndDevelopmentExpenses": 134000000,
        "generalAndAdministrativeExpenses": 70000000,
        "sellingAndMarketingExpenses": 0,
        "sellingGeneralAndAdministrativeExpenses": 70000000,
        "otherExpenses": 0,
        "operatingExpenses": 204000000,
        "costAndExpenses": 4972000000,
        "interestIncome": 16000000,
        "interestExpense": 136000000,
        "depreciationAndAmortization": 526000000,
        "ebitda": 1204000000,
        "ebitdaratio": 0.2137025204,
        "operatingIncome": 662000000,
        "operatingIncomeRatio": 0.1175008875,
        "totalOtherIncomeExpensesNet": -120000000,
        "incomeBeforeTax": 542000000,
        "incomeBeforeTaxRatio": 0.0962016329,
        "incomeTaxExpense": 99000000,
        "netIncome": 431000000,
        "netIncomeRatio": 0.0764998225,
        "eps": 0.31,
        "epsdiluted": 0.3,
        "weightedAverageShsOut": 1398000000,
        "weightedAverageShsOutDil": 1421000000,
        "link": "https://www.sec.gov/Archives/edgar/data/87347/000156459021038547/0001564590-21-038547-index.htm",
        "finalLink": "https://www.sec.gov/Archives/edgar/data/87347/000156459021038547/slb-10q_20210630.htm"
    },
    {
        "date": "2021-03-31",
        "symbol": "SLB",
        "reportedCurrency": "USD",
        "cik": "0000087347",
        "fillingDate": "2021-04-28",
        "acceptedDate": "2021-04-28 10:16:31",
        "calendarYear": "2021",
        "period": "Q1",
        "revenue": 5223000000,
        "costOfRevenue": 4504000000,
        "grossProfit": 719000000,
        "grossProfitRatio": 0.1376603485,
        "researchAndDevelopmentExpenses": 135000000,
        "generalAndAdministrativeExpenses": 81000000,
        "sellingAndMarketingExpenses": 0,
        "sellingGeneralAndAdministrativeExpenses": 81000000,
        "otherExpenses": 0,
        "operatingExpenses": 216000000,
        "costAndExpenses": 4720000000,
        "interestIncome": 5000000,
        "interestExpense": 136000000,
        "depreciationAndAmortization": 532000000,
        "ebitda": 1054000000,
        "ebitdaratio": 0.201799732,
        "operatingIncome": 503000000,
        "operatingIncomeRatio": 0.0963048057,
        "totalOtherIncomeExpensesNet": -117000000,
        "incomeBeforeTax": 386000000,
        "incomeBeforeTaxRatio": 0.0739038867,
        "incomeTaxExpense": 74000000,
        "netIncome": 299000000,
        "netIncomeRatio": 0.057246793,
        "eps": 0.21,
        "epsdiluted": 0.21,
        "weightedAverageShsOut": 1398000000,
        "weightedAverageShsOutDil": 1419000000,
        "link": "https://www.sec.gov/Archives/edgar/data/87347/000156459021021157/0001564590-21-021157-index.htm",
        "finalLink": "https://www.sec.gov/Archives/edgar/data/87347/000156459021021157/slb-10q_20210331.htm"
    },
    {
        "date": "2020-12-31",
        "symbol": "SLB",
        "reportedCurrency": "USD",
        "cik": "0000087347",
        "fillingDate": "2021-01-27",
        "acceptedDate": "2021-01-27 09:53:12",
        "calendarYear": "2020",
        "period": "Q4",
        "revenue": 5532000000,
        "costOfRevenue": 4828000000,
        "grossProfit": 704000000,
        "grossProfitRatio": 0.1272595806,
        "researchAndDevelopmentExpenses": 129000000,
        "generalAndAdministrativeExpenses": 71000000,
        "sellingAndMarketingExpenses": 0,
        "sellingGeneralAndAdministrativeExpenses": 71000000,
        "otherExpenses": 0,
        "operatingExpenses": 200000000,
        "costAndExpenses": 5028000000,
        "interestIncome": 5000000,
        "interestExpense": 144000000,
        "depreciationAndAmortization": 428000000,
        "ebitda": 1043000000,
        "ebitdaratio": 0.1885394071,
        "operatingIncome": 504000000,
        "operatingIncomeRatio": 0.0911062907,
        "totalOtherIncomeExpensesNet": -33000000,
        "incomeBeforeTax": 471000000,
        "incomeBeforeTaxRatio": 0.0851409978,
        "incomeTaxExpense": 89000000,
        "netIncome": 374000000,
        "netIncomeRatio": 0.0676066522,
        "eps": 0.27,
        "epsdiluted": 0.27,
        "weightedAverageShsOut": 1392000000,
        "weightedAverageShsOutDil": 1411000000,
        "link": "https://www.sec.gov/Archives/edgar/data/87347/000156459021002477/0001564590-21-002477-index.htm",
        "finalLink": "https://www.sec.gov/Archives/edgar/data/87347/000156459021002477/slb-10k_20201231.htm"
    },
    {
        "date": "2020-09-30",
        "symbol": "SLB",
        "reportedCurrency": "USD",
        "cik": "0000087347",
        "fillingDate": "2020-10-21",
        "acceptedDate": "2020-10-21 11:26:57",
        "calendarYear": "2020",
        "period": "Q3",
        "revenue": 5258000000,
        "costOfRevenue": 4624000000,
        "grossProfit": 634000000,
        "grossProfitRatio": 0.1205781666,
        "researchAndDevelopmentExpenses": 137000000,
        "generalAndAdministrativeExpenses": 85000000,
        "sellingAndMarketingExpenses": 0,
        "sellingGeneralAndAdministrativeExpenses": 85000000,
        "otherExpenses": 0,
        "operatingExpenses": 222000000,
        "costAndExpenses": 4846000000,
        "interestIncome": 22000000,
        "interestExpense": 138000000,
        "depreciationAndAmortization": 587000000,
        "ebitda": 671000000,
        "ebitdaratio": 0.1276150628,
        "operatingIncome": 412000000,
        "operatingIncomeRatio": 0.0783567897,
        "totalOtherIncomeExpensesNet": -466000000,
        "incomeBeforeTax": -54000000,
        "incomeBeforeTaxRatio": -0.0102700647,
        "incomeTaxExpense": 19000000,
        "netIncome": -82000000,
        "netIncomeRatio": -0.0155952834,
        "eps": -0.06,
        "epsdiluted": -0.059,
        "weightedAverageShsOut": 1366666666,
        "weightedAverageShsOutDil": 1391000000,
        "link": "https://www.sec.gov/Archives/edgar/data/87347/000156459020047045/0001564590-20-047045-index.htm",
        "finalLink": "https://www.sec.gov/Archives/edgar/data/87347/000156459020047045/slb-10q_20200930.htm"
    },
    {
        "date": "2020-06-30",
        "symbol": "SLB",
        "reportedCurrency": "USD",
        "cik": "0000087347",
        "fillingDate": "2020-07-29",
        "acceptedDate": "2020-07-29 11:21:05",
        "calendarYear": "2020",
        "period": "Q2",
        "revenue": 5356000000,
        "costOfRevenue": 4925000000,
        "grossProfit": 431000000,
        "grossProfitRatio": 0.0804705004,
        "researchAndDevelopmentExpenses": 142000000,
        "generalAndAdministrativeExpenses": 81000000,
        "sellingAndMarketingExpenses": 0,
        "sellingGeneralAndAdministrativeExpenses": 81000000,
        "otherExpenses": 0,
        "operatingExpenses": 223000000,
        "costAndExpenses": 5148000000,
        "interestIncome": 33000000,
        "interestExpense": 144000000,
        "depreciationAndAmortization": 604000000,
        "ebitda": -2879000000,
        "ebitdaratio": -0.537528006,
        "operatingIncome": 208000000,
        "operatingIncomeRatio": 0.0388349515,
        "totalOtherIncomeExpensesNet": -3835000000,
        "incomeBeforeTax": -3627000000,
        "incomeBeforeTaxRatio": -0.677184466,
        "incomeTaxExpense": -199000000,
        "netIncome": -3434000000,
        "netIncomeRatio": -0.641150112,
        "eps": -2.47,
        "epsdiluted": -2.47,
        "weightedAverageShsOut": 1388000000,
        "weightedAverageShsOutDil": 1388000000,
        "link": "https://www.sec.gov/Archives/edgar/data/87347/000156459020034137/0001564590-20-034137-index.htm",
        "finalLink": "https://www.sec.gov/Archives/edgar/data/87347/000156459020034137/slb-10q_20200630.htm"
    },
    {
        "date": "2020-03-31",
        "symbol": "SLB",
        "reportedCurrency": "USD",
        "cik": "0000087347",
        "fillingDate": "2020-04-22",
        "acceptedDate": "2020-04-22 09:19:20",
        "calendarYear": "2020",
        "period": "Q1",
        "revenue": 7455000000,
        "costOfRevenue": 6624000000,
        "grossProfit": 831000000,
        "grossProfitRatio": 0.1114688129,
        "researchAndDevelopmentExpenses": 173000000,
        "generalAndAdministrativeExpenses": 127000000,
        "sellingAndMarketingExpenses": 0,
        "sellingGeneralAndAdministrativeExpenses": 127000000,
        "otherExpenses": 0,
        "operatingExpenses": 300000000,
        "costAndExpenses": 6924000000,
        "interestIncome": 15000000,
        "interestExpense": 136000000,
        "depreciationAndAmortization": 792000000,
        "ebitda": -7161000000,
        "ebitdaratio": -0.9605633803,
        "operatingIncome": 531000000,
        "operatingIncomeRatio": 0.0712273642,
        "totalOtherIncomeExpensesNet": -8620000000,
        "incomeBeforeTax": -8089000000,
        "incomeBeforeTaxRatio": -1.0850435949,
        "incomeTaxExpense": -721000000,
        "netIncome": -7376000000,
        "netIncomeRatio": -0.9894030852,
        "eps": -5.32,
        "epsdiluted": -5.32,
        "weightedAverageShsOut": 1386466165,
        "weightedAverageShsOutDil": 1387000000,
        "link": "https://www.sec.gov/Archives/edgar/data/87347/000156459020017823/0001564590-20-017823-index.htm",
        "finalLink": "https://www.sec.gov/Archives/edgar/data/87347/000156459020017823/slb-10q_20200331.htm"
    },
    {
        "date": "2019-12-31",
        "symbol": "SLB",
        "reportedCurrency": "USD",
        "cik": "0000087347",
        "fillingDate": "2020-01-22",
        "acceptedDate": "2020-01-22 11:46:23",
        "calendarYear": "2019",
        "period": "Q4",
        "revenue": 8228000000,
        "costOfRevenue": 7127000000,
        "grossProfit": 1101000000,
        "grossProfitRatio": 0.1338113758,
        "researchAndDevelopmentExpenses": 190000000,
        "generalAndAdministrativeExpenses": 129000000,
        "sellingAndMarketingExpenses": 0,
        "sellingGeneralAndAdministrativeExpenses": 129000000,
        "otherExpenses": 0,
        "operatingExpenses": 319000000,
        "costAndExpenses": 7446000000,
        "interestIncome": 10000000,
        "interestExpense": 147000000,
        "depreciationAndAmortization": 848000000,
        "ebitda": 1451000000,
        "ebitdaratio": 0.176349052,
        "operatingIncome": 783000000,
        "operatingIncomeRatio": 0.0951628585,
        "totalOtherIncomeExpensesNet": -331000000,
        "incomeBeforeTax": 452000000,
        "incomeBeforeTaxRatio": 0.0549343704,
        "incomeTaxExpense": 109000000,
        "netIncome": 333000000,
        "netIncomeRatio": 0.0404715605,
        "eps": 0.24,
        "epsdiluted": 0.24,
        "weightedAverageShsOut": 1384000000,
        "weightedAverageShsOutDil": 1396000000,
        "link": "https://www.sec.gov/Archives/edgar/data/87347/000156459020001578/0001564590-20-001578-index.htm",
        "finalLink": "https://www.sec.gov/Archives/edgar/data/87347/000156459020001578/slb-10k_20191231.htm"
    },
    {
        "date": "2019-09-30",
        "symbol": "SLB",
        "reportedCurrency": "USD",
        "cik": "0000087347",
        "fillingDate": "2019-10-23",
        "acceptedDate": "2019-10-23 11:29:53",
        "calendarYear": "2019",
        "period": "Q3",
        "revenue": 8541000000,
        "costOfRevenue": 7385000000,
        "grossProfit": 1156000000,
        "grossProfitRatio": 0.135347149,
        "researchAndDevelopmentExpenses": 176000000,
        "generalAndAdministrativeExpenses": 120000000,
        "sellingAndMarketingExpenses": 0,
        "sellingGeneralAndAdministrativeExpenses": 120000000,
        "otherExpenses": 0,
        "operatingExpenses": 296000000,
        "costAndExpenses": 7681000000,
        "interestIncome": 8000000,
        "interestExpense": 160000000,
        "depreciationAndAmortization": 900000000,
        "ebitda": -10913000000,
        "ebitdaratio": -1.2777192366,
        "operatingIncome": 860000000,
        "operatingIncomeRatio": 0.1006907856,
        "totalOtherIncomeExpensesNet": -12831000000,
        "incomeBeforeTax": -11971000000,
        "incomeBeforeTaxRatio": -1.4015923194,
        "incomeTaxExpense": -598000000,
        "netIncome": -11383000000,
        "netIncomeRatio": -1.3327479218,
        "eps": -8.22,
        "epsdiluted": -8.22,
        "weightedAverageShsOut": 1384793187,
        "weightedAverageShsOutDil": 1385000000,
        "link": "https://www.sec.gov/Archives/edgar/data/87347/000156459019037505/0001564590-19-037505-index.htm",
        "finalLink": "https://www.sec.gov/Archives/edgar/data/87347/000156459019037505/slb-10q_20190930.htm"
    },
    {
        "date": "2019-06-30",
        "symbol": "SLB",
        "reportedCurrency": "USD",
        "cik": "0000087347",
        "fillingDate": "2019-07-24",
        "acceptedDate": "2019-07-24 11:28:04",
        "calendarYear": "2019",
        "period": "Q2",
        "revenue": 8269000000,
        "costOfRevenue": 7252000000,
        "grossProfit": 1017000000,
        "grossProfitRatio": 0.1229894788,
        "researchAndDevelopmentExpenses": 179000000,
        "generalAndAdministrativeExpenses": 114000000,
        "sellingAndMarketingExpenses": 0,
        "sellingGeneralAndAdministrativeExpenses": 114000000,
        "otherExpenses": 0,
        "operatingExpenses": 293000000,
        "costAndExpenses": 7545000000,
        "interestIncome": 11000000,
        "interestExpense": 156000000,
        "depreciationAndAmortization": 938000000,
        "ebitda": 1662000000,
        "ebitdaratio": 0.2009916556,
        "operatingIncome": 724000000,
        "operatingIncomeRatio": 0.0875559318,
        "totalOtherIncomeExpensesNet": -131000000,
        "incomeBeforeTax": 593000000,
        "incomeBeforeTaxRatio": 0.0717136292,
        "incomeTaxExpense": 99000000,
        "netIncome": 492000000,
        "netIncomeRatio": 0.0594993349,
        "eps": 0.36,
        "epsdiluted": 0.35,
        "weightedAverageShsOut": 1384000000,
        "weightedAverageShsOutDil": 1395000000,
        "link": "https://www.sec.gov/Archives/edgar/data/87347/000156459019025739/0001564590-19-025739-index.htm",
        "finalLink": "https://www.sec.gov/Archives/edgar/data/87347/000156459019025739/slb-10q_20190630.htm"
    },
    {
        "date": "2019-03-31",
        "symbol": "SLB",
        "reportedCurrency": "USD",
        "cik": "0000087347",
        "fillingDate": "2019-04-24",
        "acceptedDate": "2019-04-24 11:26:17",
        "calendarYear": "2019",
        "period": "Q1",
        "revenue": 7879000000,
        "costOfRevenue": 6952000000,
        "grossProfit": 927000000,
        "grossProfitRatio": 0.1176545247,
        "researchAndDevelopmentExpenses": 173000000,
        "generalAndAdministrativeExpenses": 112000000,
        "sellingAndMarketingExpenses": 0,
        "sellingGeneralAndAdministrativeExpenses": 112000000,
        "otherExpenses": 0,
        "operatingExpenses": 285000000,
        "costAndExpenses": 7237000000,
        "interestIncome": 11000000,
        "interestExpense": 147000000,
        "depreciationAndAmortization": 903000000,
        "ebitda": 1545000000,
        "ebitdaratio": 0.1960908745,
        "operatingIncome": 642000000,
        "operatingIncomeRatio": 0.0814824216,
        "totalOtherIncomeExpensesNet": -133000000,
        "incomeBeforeTax": 509000000,
        "incomeBeforeTaxRatio": 0.0646021069,
        "incomeTaxExpense": 79000000,
        "netIncome": 421000000,
        "netIncomeRatio": 0.0534331768,
        "eps": 0.3,
        "epsdiluted": 0.3,
        "weightedAverageShsOut": 1385000000,
        "weightedAverageShsOutDil": 1397000000,
        "link": "https://www.sec.gov/Archives/edgar/data/87347/000156459019012635/0001564590-19-012635-index.htm",
        "finalLink": "https://www.sec.gov/Archives/edgar/data/87347/000156459019012635/slb-10q_20190331.htm"
    },
    {
        "date": "2018-12-31",
        "symbol": "SLB",
        "reportedCurrency": "USD",
        "cik": "0000087347",
        "fillingDate": "2019-01-23",
        "acceptedDate": "2019-01-23 11:24:12",
        "calendarYear": "2018",
        "period": "Q4",
        "revenue": 8180000000,
        "costOfRevenue": 7172000000,
        "grossProfit": 1008000000,
        "grossProfitRatio": 0.1232273839,
        "researchAndDevelopmentExpenses": 178000000,
        "generalAndAdministrativeExpenses": 114000000,
        "sellingAndMarketingExpenses": 0,
        "sellingGeneralAndAdministrativeExpenses": 114000000,
        "otherExpenses": 0,
        "operatingExpenses": 292000000,
        "costAndExpenses": 7464000000,
        "interestIncome": 10000000,
        "interestExpense": 142000000,
        "depreciationAndAmortization": 919000000,
        "ebitda": 1634000000,
        "ebitdaratio": 0.1997555012,
        "operatingIncome": 715000000,
        "operatingIncomeRatio": 0.087408313,
        "totalOtherIncomeExpensesNet": -67000000,
        "incomeBeforeTax": 648000000,
        "incomeBeforeTaxRatio": 0.0792176039,
        "incomeTaxExpense": 100000000,
        "netIncome": 538000000,
        "netIncomeRatio": 0.0657701711,
        "eps": 0.39,
        "epsdiluted": 0.39,
        "weightedAverageShsOut": 1384000000,
        "weightedAverageShsOutDil": 1392000000,
        "link": "https://www.sec.gov/Archives/edgar/data/87347/000156459019000928/0001564590-19-000928-index.htm",
        "finalLink": "https://www.sec.gov/Archives/edgar/data/87347/000156459019000928/slb-10k_20181231.htm"
    },
    {
        "date": "2018-09-30",
        "symbol": "SLB",
        "reportedCurrency": "USD",
        "cik": "0000087347",
        "fillingDate": "2018-10-24",
        "acceptedDate": "2018-10-24 11:22:57",
        "calendarYear": "2018",
        "period": "Q3",
        "revenue": 8504000000,
        "costOfRevenue": 7324000000,
        "grossProfit": 1180000000,
        "grossProfitRatio": 0.1387582314,
        "researchAndDevelopmentExpenses": 177000000,
        "generalAndAdministrativeExpenses": 105000000,
        "sellingAndMarketingExpenses": 0,
        "sellingGeneralAndAdministrativeExpenses": 105000000,
        "otherExpenses": 0,
        "operatingExpenses": 282000000,
        "costAndExpenses": 7606000000,
        "interestIncome": 10000000,
        "interestExpense": 147000000,
        "depreciationAndAmortization": 887000000,
        "ebitda": 1785000000,
        "ebitdaratio": 0.209901223,
        "operatingIncome": 898000000,
        "operatingIncomeRatio": 0.1055973659,
        "totalOtherIncomeExpensesNet": -111000000,
        "incomeBeforeTax": 787000000,
        "incomeBeforeTaxRatio": 0.0925446849,
        "incomeTaxExpense": 129000000,
        "netIncome": 644000000,
        "netIncomeRatio": 0.0757290687,
        "eps": 0.46,
        "epsdiluted": 0.46,
        "weightedAverageShsOut": 1385000000,
        "weightedAverageShsOutDil": 1392000000,
        "link": "https://www.sec.gov/Archives/edgar/data/87347/000156459018024846/0001564590-18-024846-index.htm",
        "finalLink": "https://www.sec.gov/Archives/edgar/data/87347/000156459018024846/slb-10q_20180930.htm"
    },
    {
        "date": "2018-06-30",
        "symbol": "SLB",
        "reportedCurrency": "USD",
        "cik": "0000087347",
        "fillingDate": "2018-07-25",
        "acceptedDate": "2018-07-25 12:17:58",
        "calendarYear": "2018",
        "period": "Q2",
        "revenue": 8303000000,
        "costOfRevenue": 7179000000,
        "grossProfit": 1124000000,
        "grossProfitRatio": 0.1353727568,
        "researchAndDevelopmentExpenses": 175000000,
        "generalAndAdministrativeExpenses": 114000000,
        "sellingAndMarketingExpenses": 0,
        "sellingGeneralAndAdministrativeExpenses": 114000000,
        "otherExpenses": 0,
        "operatingExpenses": 289000000,
        "costAndExpenses": 7468000000,
        "interestIncome": 12000000,
        "interestExpense": 144000000,
        "depreciationAndAmortization": 876000000,
        "ebitda": 1711000000,
        "ebitdaratio": 0.2060700951,
        "operatingIncome": 835000000,
        "operatingIncomeRatio": 0.1005660605,
        "totalOtherIncomeExpensesNet": -288000000,
        "incomeBeforeTax": 547000000,
        "incomeBeforeTaxRatio": 0.0658798025,
        "incomeTaxExpense": 106000000,
        "netIncome": 430000000,
        "netIncomeRatio": 0.0517885102,
        "eps": 0.31,
        "epsdiluted": 0.31,
        "weightedAverageShsOut": 1384000000,
        "weightedAverageShsOutDil": 1392000000,
        "link": "https://www.sec.gov/Archives/edgar/data/87347/000156459018017379/0001564590-18-017379-index.htm",
        "finalLink": "https://www.sec.gov/Archives/edgar/data/87347/000156459018017379/slb-10q_20180630.htm"
    },
    {
        "date": "2018-03-31",
        "symbol": "SLB",
        "reportedCurrency": "USD",
        "cik": "0000087347",
        "fillingDate": "2018-04-25",
        "acceptedDate": "2018-04-25 11:16:47",
        "calendarYear": "2018",
        "period": "Q1",
        "revenue": 7829000000,
        "costOfRevenue": 6802000000,
        "grossProfit": 1027000000,
        "grossProfitRatio": 0.1311789501,
        "researchAndDevelopmentExpenses": 172000000,
        "generalAndAdministrativeExpenses": 111000000,
        "sellingAndMarketingExpenses": 0,
        "sellingGeneralAndAdministrativeExpenses": 111000000,
        "otherExpenses": 0,
        "operatingExpenses": 283000000,
        "costAndExpenses": 7085000000,
        "interestIncome": 28000000,
        "interestExpense": 143000000,
        "depreciationAndAmortization": 874000000,
        "ebitda": 1618000000,
        "ebitdaratio": 0.2066675182,
        "operatingIncome": 744000000,
        "operatingIncomeRatio": 0.0950312939,
        "totalOtherIncomeExpensesNet": -101000000,
        "incomeBeforeTax": 643000000,
        "incomeBeforeTaxRatio": 0.0821305403,
        "incomeTaxExpense": 113000000,
        "netIncome": 525000000,
        "netIncomeRatio": 0.0670583727,
        "eps": 0.38,
        "epsdiluted": 0.38,
        "weightedAverageShsOut": 1385000000,
        "weightedAverageShsOutDil": 1394000000,
        "link": "https://www.sec.gov/Archives/edgar/data/87347/000156459018008981/0001564590-18-008981-index.htm",
        "finalLink": "https://www.sec.gov/Archives/edgar/data/87347/000156459018008981/slb-10q_20180331.htm"
    },
    {
        "date": "2017-12-31",
        "symbol": "SLB",
        "reportedCurrency": "USD",
        "cik": "0000087347",
        "fillingDate": "2018-01-24",
        "acceptedDate": "2018-01-24 11:35:35",
        "calendarYear": "2017",
        "period": "Q4",
        "revenue": 8179000000,
        "costOfRevenue": 7201000000,
        "grossProfit": 978000000,
        "grossProfitRatio": 0.1195745201,
        "researchAndDevelopmentExpenses": 192000000,
        "generalAndAdministrativeExpenses": 109000000,
        "sellingAndMarketingExpenses": 0,
        "sellingGeneralAndAdministrativeExpenses": 109000000,
        "otherExpenses": 0,
        "operatingExpenses": 301000000,
        "costAndExpenses": 7502000000,
        "interestIncome": 30000000,
        "interestExpense": 143000000,
        "depreciationAndAmortization": 906000000,
        "ebitda": -1154000000,
        "ebitdaratio": -0.1410930432,
        "operatingIncome": 678000000,
        "operatingIncomeRatio": 0.0828952195,
        "totalOtherIncomeExpensesNet": -2888000000,
        "incomeBeforeTax": -2210000000,
        "incomeBeforeTaxRatio": -0.2702041814,
        "incomeTaxExpense": 62000000,
        "netIncome": -2255000000,
        "netIncomeRatio": -0.2757060765,
        "eps": -1.63,
        "epsdiluted": -1.63,
        "weightedAverageShsOut": 1385000000,
        "weightedAverageShsOutDil": 1385000000,
        "link": "https://www.sec.gov/Archives/edgar/data/87347/000156459018000821/0001564590-18-000821-index.htm",
        "finalLink": "https://www.sec.gov/Archives/edgar/data/87347/000156459018000821/slb-10k_20171231.htm"
    },
    {
        "date": "2017-09-30",
        "symbol": "SLB",
        "reportedCurrency": "USD",
        "cik": "0000087347",
        "fillingDate": "2017-10-25",
        "acceptedDate": "2017-10-25 11:25:37",
        "calendarYear": "2017",
        "period": "Q3",
        "revenue": 7905000000,
        "costOfRevenue": 6797000000,
        "grossProfit": 1108000000,
        "grossProfitRatio": 0.1401644529,
        "researchAndDevelopmentExpenses": 189000000,
        "generalAndAdministrativeExpenses": 115000000,
        "sellingAndMarketingExpenses": 0,
        "sellingGeneralAndAdministrativeExpenses": 115000000,
        "otherExpenses": 0,
        "operatingExpenses": 304000000,
        "costAndExpenses": 7101000000,
        "interestIncome": 34000000,
        "interestExpense": 142000000,
        "depreciationAndAmortization": 956000000,
        "ebitda": 1760000000,
        "ebitdaratio": 0.2226438963,
        "operatingIncome": 804000000,
        "operatingIncomeRatio": 0.1017077799,
        "totalOtherIncomeExpensesNet": -127000000,
        "incomeBeforeTax": 677000000,
        "incomeBeforeTaxRatio": 0.0856419987,
        "incomeTaxExpense": 121000000,
        "netIncome": 545000000,
        "netIncomeRatio": 0.0689437065,
        "eps": 0.39,
        "epsdiluted": 0.39,
        "weightedAverageShsOut": 1385000000,
        "weightedAverageShsOutDil": 1392000000,
        "link": "https://www.sec.gov/Archives/edgar/data/87347/000156459017019977/0001564590-17-019977-index.htm",
        "finalLink": "https://www.sec.gov/Archives/edgar/data/87347/000156459017019977/slb-10q_20170930.htm"
    },
    {
        "date": "2017-06-30",
        "symbol": "SLB",
        "reportedCurrency": "USD",
        "cik": "0000087347",
        "fillingDate": "2017-07-26",
        "acceptedDate": "2017-07-26 10:13:54",
        "calendarYear": "2017",
        "period": "Q2",
        "revenue": 7462000000,
        "costOfRevenue": 6468000000,
        "grossProfit": 994000000,
        "grossProfitRatio": 0.1332082552,
        "researchAndDevelopmentExpenses": 196000000,
        "generalAndAdministrativeExpenses": 110000000,
        "sellingAndMarketingExpenses": 0,
        "sellingGeneralAndAdministrativeExpenses": 110000000,
        "otherExpenses": 0,
        "operatingExpenses": 306000000,
        "costAndExpenses": 6774000000,
        "interestIncome": 34000000,
        "interestExpense": 142000000,
        "depreciationAndAmortization": 986000000,
        "ebitda": 1674000000,
        "ebitdaratio": 0.224336639,
        "operatingIncome": 688000000,
        "operatingIncomeRatio": 0.0922004824,
        "totalOtherIncomeExpensesNet": -671000000,
        "incomeBeforeTax": 17000000,
        "incomeBeforeTaxRatio": 0.0022782096,
        "incomeTaxExpense": 98000000,
        "netIncome": -74000000,
        "netIncomeRatio": -0.0099169124,
        "eps": -0.0534,
        "epsdiluted": -0.0534,
        "weightedAverageShsOut": 1387000000,
        "weightedAverageShsOutDil": 1387000000,
        "link": "https://www.sec.gov/Archives/edgar/data/87347/000156459017014007/0001564590-17-014007-index.htm",
        "finalLink": "https://www.sec.gov/Archives/edgar/data/87347/000156459017014007/slb-10q_20170630.htm"
    },
    {
        "date": "2017-03-31",
        "symbol": "SLB",
        "reportedCurrency": "USD",
        "cik": "0000087347",
        "fillingDate": "2017-04-26",
        "acceptedDate": "2017-04-26 11:24:23",
        "calendarYear": "2017",
        "period": "Q1",
        "revenue": 6894000000,
        "costOfRevenue": 6076000000,
        "grossProfit": 818000000,
        "grossProfitRatio": 0.1186539019,
        "researchAndDevelopmentExpenses": 211000000,
        "generalAndAdministrativeExpenses": 98000000,
        "sellingAndMarketingExpenses": 0,
        "sellingGeneralAndAdministrativeExpenses": 98000000,
        "otherExpenses": 0,
        "operatingExpenses": 309000000,
        "costAndExpenses": 6385000000,
        "interestIncome": 29000000,
        "interestExpense": 139000000,
        "depreciationAndAmortization": 989000000,
        "ebitda": 1498000000,
        "ebitdaratio": 0.2172903974,
        "operatingIncome": 509000000,
        "operatingIncomeRatio": 0.073832318,
        "totalOtherIncomeExpensesNet": -175000000,
        "incomeBeforeTax": 334000000,
        "incomeBeforeTaxRatio": 0.0484479257,
        "incomeTaxExpense": 50000000,
        "netIncome": 279000000,
        "netIncomeRatio": 0.0404699739,
        "eps": 0.2,
        "epsdiluted": 0.2,
        "weightedAverageShsOut": 1393000000,
        "weightedAverageShsOutDil": 1402000000,
        "link": "https://www.sec.gov/Archives/edgar/data/87347/000156459017007214/0001564590-17-007214-index.htm",
        "finalLink": "https://www.sec.gov/Archives/edgar/data/87347/000156459017007214/slb-10q_20170331.htm"
    },
    {
        "date": "2016-12-31",
        "symbol": "SLB",
        "reportedCurrency": "USD",
        "cik": "0000087347",
        "fillingDate": "2017-01-25",
        "acceptedDate": "2017-01-25 11:34:28",
        "calendarYear": "2016",
        "period": "Q4",
        "revenue": 7107000000,
        "costOfRevenue": 6193000000,
        "grossProfit": 914000000,
        "grossProfitRatio": 0.1286056001,
        "researchAndDevelopmentExpenses": 261000000,
        "generalAndAdministrativeExpenses": 99000000,
        "sellingAndMarketingExpenses": 0,
        "sellingGeneralAndAdministrativeExpenses": 99000000,
        "otherExpenses": 0,
        "operatingExpenses": 360000000,
        "costAndExpenses": 6553000000,
        "interestIncome": 29000000,
        "interestExpense": 139000000,
        "depreciationAndAmortization": 1016000000,
        "ebitda": 1570000000,
        "ebitdaratio": 0.220908963,
        "operatingIncome": 554000000,
        "operatingIncomeRatio": 0.0779513156,
        "totalOtherIncomeExpensesNet": -768000000,
        "incomeBeforeTax": -213000000,
        "incomeBeforeTaxRatio": -0.0299704517,
        "incomeTaxExpense": -19000000,
        "netIncome": -204000000,
        "netIncomeRatio": -0.0287040946,
        "eps": -0.15,
        "epsdiluted": -0.15,
        "weightedAverageShsOut": 1391000000,
        "weightedAverageShsOutDil": 1391000000,
        "link": "https://www.sec.gov/Archives/edgar/data/87347/000156459017000589/0001564590-17-000589-index.htm",
        "finalLink": "https://www.sec.gov/Archives/edgar/data/87347/000156459017000589/slb-10k_20161231.htm"
    },
    {
        "date": "2016-09-30",
        "symbol": "SLB",
        "reportedCurrency": "USD",
        "cik": "0000087347",
        "fillingDate": "2016-10-26",
        "acceptedDate": "2016-10-26 11:21:31",
        "calendarYear": "2016",
        "period": "Q3",
        "revenue": 7019000000,
        "costOfRevenue": 6142000000,
        "grossProfit": 877000000,
        "grossProfitRatio": 0.1249465736,
        "researchAndDevelopmentExpenses": 253000000,
        "generalAndAdministrativeExpenses": 92000000,
        "sellingAndMarketingExpenses": 0,
        "sellingGeneralAndAdministrativeExpenses": 92000000,
        "otherExpenses": 0,
        "operatingExpenses": 345000000,
        "costAndExpenses": 6487000000,
        "interestIncome": 31000000,
        "interestExpense": 149000000,
        "depreciationAndAmortization": 998000000,
        "ebitda": 1530000000,
        "ebitdaratio": 0.2179797692,
        "operatingIncome": 532000000,
        "operatingIncomeRatio": 0.0757942727,
        "totalOtherIncomeExpensesNet": -332000000,
        "incomeBeforeTax": 200000000,
        "incomeBeforeTaxRatio": 0.0284940875,
        "incomeTaxExpense": 10000000,
        "netIncome": 176000000,
        "netIncomeRatio": 0.025074797,
        "eps": 0.13,
        "epsdiluted": 0.13,
        "weightedAverageShsOut": 1392000000,
        "weightedAverageShsOutDil": 1401000000,
        "link": "https://www.sec.gov/Archives/edgar/data/87347/000156459016026174/0001564590-16-026174-index.htm",
        "finalLink": "https://www.sec.gov/Archives/edgar/data/87347/000156459016026174/slb-10q_20160930.htm"
    },
    {
        "date": "2016-06-30",
        "symbol": "SLB",
        "reportedCurrency": "USD",
        "cik": "0000087347",
        "fillingDate": "2016-07-27",
        "acceptedDate": "2016-07-27 08:55:31",
        "calendarYear": "2016",
        "period": "Q2",
        "revenue": 7164000000,
        "costOfRevenue": 6315000000,
        "grossProfit": 849000000,
        "grossProfitRatio": 0.1185092127,
        "researchAndDevelopmentExpenses": 257000000,
        "generalAndAdministrativeExpenses": 103000000,
        "sellingAndMarketingExpenses": 0,
        "sellingGeneralAndAdministrativeExpenses": 103000000,
        "otherExpenses": 0,
        "operatingExpenses": 360000000,
        "costAndExpenses": 6675000000,
        "interestIncome": 30000000,
        "interestExpense": 149000000,
        "depreciationAndAmortization": 1113000000,
        "ebitda": 489000000,
        "ebitdaratio": 0.0682579564,
        "operatingIncome": 489000000,
        "operatingIncomeRatio": 0.0682579564,
        "totalOtherIncomeExpensesNet": -3003000000,
        "incomeBeforeTax": -2514000000,
        "incomeBeforeTaxRatio": -0.350921273,
        "incomeTaxExpense": -368000000,
        "netIncome": -2160000000,
        "netIncomeRatio": -0.3015075377,
        "eps": -1.56,
        "epsdiluted": -1.56,
        "weightedAverageShsOut": 1384615384,
        "weightedAverageShsOutDil": 1389000000,
        "link": "https://www.sec.gov/Archives/edgar/data/87347/000156459016021567/0001564590-16-021567-index.htm",
        "finalLink": "https://www.sec.gov/Archives/edgar/data/87347/000156459016021567/slb-10q_20160630.htm"
    },
    {
        "date": "2016-03-31",
        "symbol": "SLB",
        "reportedCurrency": "USD",
        "cik": "0000087347",
        "fillingDate": "2016-04-27",
        "acceptedDate": "2016-04-27 06:16:28",
        "calendarYear": "2016",
        "period": "Q1",
        "revenue": 6520000000,
        "costOfRevenue": 5460000000,
        "grossProfit": 1060000000,
        "grossProfitRatio": 0.1625766871,
        "researchAndDevelopmentExpenses": 240000000,
        "generalAndAdministrativeExpenses": 110000000,
        "sellingAndMarketingExpenses": 0,
        "sellingGeneralAndAdministrativeExpenses": 110000000,
        "otherExpenses": 0,
        "operatingExpenses": 350000000,
        "costAndExpenses": 5810000000,
        "interestIncome": 20000000,
        "interestExpense": 133000000,
        "depreciationAndAmortization": 967000000,
        "ebitda": 1677000000,
        "ebitdaratio": 0.257208589,
        "operatingIncome": 710000000,
        "operatingIncomeRatio": 0.1088957055,
        "totalOtherIncomeExpensesNet": -88000000,
        "incomeBeforeTax": 622000000,
        "incomeBeforeTaxRatio": 0.095398773,
        "incomeTaxExpense": 99000000,
        "netIncome": 501000000,
        "netIncomeRatio": 0.0768404908,
        "eps": 0.4,
        "epsdiluted": 0.4,
        "weightedAverageShsOut": 1254000000,
        "weightedAverageShsOutDil": 1259000000,
        "link": "https://www.sec.gov/Archives/edgar/data/87347/000156459016016687/0001564590-16-016687-index.htm",
        "finalLink": "https://www.sec.gov/Archives/edgar/data/87347/000156459016016687/slb-10q_20160331.htm"
    },
    {
        "date": "2015-12-31",
        "symbol": "SLB",
        "reportedCurrency": "USD",
        "cik": "0000087347",
        "fillingDate": "2016-01-27",
        "acceptedDate": "2016-01-27 10:33:17",
        "calendarYear": "2015",
        "period": "Q4",
        "revenue": 7744000000,
        "costOfRevenue": 6292000000,
        "grossProfit": 1452000000,
        "grossProfitRatio": 0.1875,
        "researchAndDevelopmentExpenses": 276000000,
        "generalAndAdministrativeExpenses": 132000000,
        "sellingAndMarketingExpenses": 0,
        "sellingGeneralAndAdministrativeExpenses": 132000000,
        "otherExpenses": 0,
        "operatingExpenses": 408000000,
        "costAndExpenses": 6700000000,
        "interestIncome": 14000000,
        "interestExpense": 91000000,
        "depreciationAndAmortization": 963000000,
        "ebitda": -48000000,
        "ebitdaratio": -0.0061983471,
        "operatingIncome": 1044000000,
        "operatingIncomeRatio": 0.1348140496,
        "totalOtherIncomeExpensesNet": -2147000000,
        "incomeBeforeTax": -1102000000,
        "incomeBeforeTaxRatio": -0.142303719,
        "incomeTaxExpense": -113000000,
        "netIncome": -1016000000,
        "netIncomeRatio": -0.1311983471,
        "eps": -0.81,
        "epsdiluted": -0.8,
        "weightedAverageShsOut": 1259000000,
        "weightedAverageShsOutDil": 1264000000,
        "link": "https://www.sec.gov/Archives/edgar/data/87347/000156459016012009/0001564590-16-012009-index.htm",
        "finalLink": "https://www.sec.gov/Archives/edgar/data/87347/000156459016012009/slb-10k_20151231.htm"
    },
    {
        "date": "2015-09-30",
        "symbol": "SLB",
        "reportedCurrency": "USD",
        "cik": "0000087347",
        "fillingDate": "2015-10-21",
        "acceptedDate": "2015-10-21 12:01:30",
        "calendarYear": "2015",
        "period": "Q3",
        "revenue": 8472000000,
        "costOfRevenue": 6798000000,
        "grossProfit": 1674000000,
        "grossProfitRatio": 0.197592068,
        "researchAndDevelopmentExpenses": 273000000,
        "generalAndAdministrativeExpenses": 122000000,
        "sellingAndMarketingExpenses": 0,
        "sellingGeneralAndAdministrativeExpenses": 122000000,
        "otherExpenses": 0,
        "operatingExpenses": 395000000,
        "costAndExpenses": 7193000000,
        "interestIncome": 13000000,
        "interestExpense": 86000000,
        "depreciationAndAmortization": 1026000000,
        "ebitda": 2305000000,
        "ebitdaratio": 0.2720727101,
        "operatingIncome": 1279000000,
        "operatingIncomeRatio": 0.1509678942,
        "totalOtherIncomeExpensesNet": -26000000,
        "incomeBeforeTax": 1253000000,
        "incomeBeforeTaxRatio": 0.1478989613,
        "incomeTaxExpense": 250000000,
        "netIncome": 989000000,
        "netIncomeRatio": 0.1167374882,
        "eps": 0.78,
        "epsdiluted": 0.78,
        "weightedAverageShsOut": 1265000000,
        "weightedAverageShsOutDil": 1272000000,
        "link": "https://www.sec.gov/Archives/edgar/data/87347/000156459015008511/0001564590-15-008511-index.htm",
        "finalLink": "https://www.sec.gov/Archives/edgar/data/87347/000156459015008511/slb-10q_20150930.htm"
    },
    {
        "date": "2015-06-30",
        "symbol": "SLB",
        "reportedCurrency": "USD",
        "cik": "0000087347",
        "fillingDate": "2015-07-22",
        "acceptedDate": "2015-07-22 11:49:37",
        "calendarYear": "2015",
        "period": "Q2",
        "revenue": 9010000000,
        "costOfRevenue": 7136000000,
        "grossProfit": 1874000000,
        "grossProfitRatio": 0.207991121,
        "researchAndDevelopmentExpenses": 279000000,
        "generalAndAdministrativeExpenses": 120000000,
        "sellingAndMarketingExpenses": 0,
        "sellingGeneralAndAdministrativeExpenses": 120000000,
        "otherExpenses": 0,
        "operatingExpenses": 399000000,
        "costAndExpenses": 7535000000,
        "interestIncome": 12000000,
        "interestExpense": 86000000,
        "depreciationAndAmortization": 1047000000,
        "ebitda": 2522000000,
        "ebitdaratio": 0.2799112098,
        "operatingIncome": 1475000000,
        "operatingIncomeRatio": 0.1637069922,
        "totalOtherIncomeExpensesNet": -39000000,
        "incomeBeforeTax": 1436000000,
        "incomeBeforeTaxRatio": 0.1593784684,
        "incomeTaxExpense": 302000000,
        "netIncome": 1124000000,
        "netIncomeRatio": 0.1247502775,
        "eps": 0.89,
        "epsdiluted": 0.88,
        "weightedAverageShsOut": 1269000000,
        "weightedAverageShsOutDil": 1280000000,
        "link": "https://www.sec.gov/Archives/edgar/data/87347/000156459015005555/0001564590-15-005555-index.htm",
        "finalLink": "https://www.sec.gov/Archives/edgar/data/87347/000156459015005555/slb-10q_20150630.htm"
    },
    {
        "date": "2015-03-31",
        "symbol": "SLB",
        "reportedCurrency": "USD",
        "cik": "0000087347",
        "fillingDate": "2015-04-22",
        "acceptedDate": "2015-04-22 10:38:45",
        "calendarYear": "2015",
        "period": "Q1",
        "revenue": 10248000000,
        "costOfRevenue": 8096000000,
        "grossProfit": 2152000000,
        "grossProfitRatio": 0.2099921936,
        "researchAndDevelopmentExpenses": 267000000,
        "generalAndAdministrativeExpenses": 119000000,
        "sellingAndMarketingExpenses": 0,
        "sellingGeneralAndAdministrativeExpenses": 119000000,
        "otherExpenses": 0,
        "operatingExpenses": 386000000,
        "costAndExpenses": 8482000000,
        "interestIncome": 13000000,
        "interestExpense": 82000000,
        "depreciationAndAmortization": 1042000000,
        "ebitda": 2808000000,
        "ebitdaratio": 0.2740046838,
        "operatingIncome": 1766000000,
        "operatingIncomeRatio": 0.1723263076,
        "totalOtherIncomeExpensesNet": -472000000,
        "incomeBeforeTax": 1294000000,
        "incomeBeforeTaxRatio": 0.1262685402,
        "incomeTaxExpense": 306000000,
        "netIncome": 975000000,
        "netIncomeRatio": 0.0951405152,
        "eps": 0.76,
        "epsdiluted": 0.76,
        "weightedAverageShsOut": 1276000000,
        "weightedAverageShsOutDil": 1285000000,
        "link": "https://www.sec.gov/Archives/edgar/data/87347/000156459015002749/0001564590-15-002749-index.htm",
        "finalLink": "https://www.sec.gov/Archives/edgar/data/87347/000156459015002749/slb-10q_20150331.htm"
    },
    {
        "date": "2014-12-31",
        "symbol": "SLB",
        "reportedCurrency": "USD",
        "cik": "0000087347",
        "fillingDate": "2015-01-29",
        "acceptedDate": "2015-01-29 06:05:46",
        "calendarYear": "2014",
        "period": "Q4",
        "revenue": 12641000000,
        "costOfRevenue": 9691000000,
        "grossProfit": 2950000000,
        "grossProfitRatio": 0.2333676133,
        "researchAndDevelopmentExpenses": 324000000,
        "generalAndAdministrativeExpenses": 122000000,
        "sellingAndMarketingExpenses": 0,
        "sellingGeneralAndAdministrativeExpenses": 122000000,
        "otherExpenses": 0,
        "operatingExpenses": 446000000,
        "costAndExpenses": 10137000000,
        "interestIncome": 13000000,
        "interestExpense": 87000000,
        "depreciationAndAmortization": 1065000000,
        "ebitda": 3570000000,
        "ebitdaratio": 0.282414366,
        "operatingIncome": 2505000000,
        "operatingIncomeRatio": 0.1981647022,
        "totalOtherIncomeExpensesNet": -1789000000,
        "incomeBeforeTax": 715000000,
        "incomeBeforeTaxRatio": 0.0565619809,
        "incomeTaxExpense": 398000000,
        "netIncome": 302000000,
        "netIncomeRatio": 0.023890515,
        "eps": 0.24,
        "epsdiluted": 0.23,
        "weightedAverageShsOut": 1282000000,
        "weightedAverageShsOutDil": 1293000000,
        "link": "https://www.sec.gov/Archives/edgar/data/87347/000156459015000337/0001564590-15-000337-index.htm",
        "finalLink": "https://www.sec.gov/Archives/edgar/data/87347/000156459015000337/slb-10k_20141231.htm"
    },
    {
        "date": "2014-09-30",
        "symbol": "SLB",
        "reportedCurrency": "USD",
        "cik": "0000087347",
        "fillingDate": "2014-10-22",
        "acceptedDate": "2014-10-22 11:29:42",
        "calendarYear": "2014",
        "period": "Q3",
        "revenue": 12646000000,
        "costOfRevenue": 9689000000,
        "grossProfit": 2957000000,
        "grossProfitRatio": 0.2338288787,
        "researchAndDevelopmentExpenses": 301000000,
        "generalAndAdministrativeExpenses": 125000000,
        "sellingAndMarketingExpenses": 0,
        "sellingGeneralAndAdministrativeExpenses": 125000000,
        "otherExpenses": 0,
        "operatingExpenses": 426000000,
        "costAndExpenses": 10115000000,
        "interestIncome": 13000000,
        "interestExpense": 90000000,
        "depreciationAndAmortization": 1032000000,
        "ebitda": 3563000000,
        "ebitdaratio": 0.2817491697,
        "operatingIncome": 2531000000,
        "operatingIncomeRatio": 0.2001423375,
        "totalOtherIncomeExpensesNet": -11000000,
        "incomeBeforeTax": 2520000000,
        "incomeBeforeTaxRatio": 0.1992724972,
        "incomeTaxExpense": 556000000,
        "netIncome": 1949000000,
        "netIncomeRatio": 0.1541198798,
        "eps": 1.51,
        "epsdiluted": 1.49,
        "weightedAverageShsOut": 1294000000,
        "weightedAverageShsOutDil": 1310000000,
        "link": "https://www.sec.gov/Archives/edgar/data/87347/000156459014004404/0001564590-14-004404-index.htm",
        "finalLink": "https://www.sec.gov/Archives/edgar/data/87347/000156459014004404/slb-10q_20140930.htm"
    },
    {
        "date": "2014-06-30",
        "symbol": "SLB",
        "reportedCurrency": "USD",
        "cik": "0000087347",
        "fillingDate": "2014-07-23",
        "acceptedDate": "2014-07-23 11:58:39",
        "calendarYear": "2014",
        "period": "Q2",
        "revenue": 12054000000,
        "costOfRevenue": 9269000000,
        "grossProfit": 2785000000,
        "grossProfitRatio": 0.231043637,
        "researchAndDevelopmentExpenses": 309000000,
        "generalAndAdministrativeExpenses": 123000000,
        "sellingAndMarketingExpenses": 0,
        "sellingGeneralAndAdministrativeExpenses": 123000000,
        "otherExpenses": 0,
        "operatingExpenses": 432000000,
        "costAndExpenses": 9701000000,
        "interestIncome": 13000000,
        "interestExpense": 90000000,
        "depreciationAndAmortization": 1065000000,
        "ebitda": 3349000000,
        "ebitdaratio": 0.2778330845,
        "operatingIncome": 2353000000,
        "operatingIncomeRatio": 0.1952049112,
        "totalOtherIncomeExpensesNet": -26000000,
        "incomeBeforeTax": 2327000000,
        "incomeBeforeTaxRatio": 0.1930479509,
        "incomeTaxExpense": 506000000,
        "netIncome": 1595000000,
        "netIncomeRatio": 0.1323212212,
        "eps": 1.23,
        "epsdiluted": 1.21,
        "weightedAverageShsOut": 1300000000,
        "weightedAverageShsOutDil": 1315000000,
        "link": "https://www.sec.gov/Archives/edgar/data/87347/000156459014002860/0001564590-14-002860-index.htm",
        "finalLink": "https://www.sec.gov/Archives/edgar/data/87347/000156459014002860/slb-10q_20140630.htm"
    },
    {
        "date": "2014-03-31",
        "symbol": "SLB",
        "reportedCurrency": "USD",
        "cik": "0000087347",
        "fillingDate": "2014-04-23",
        "acceptedDate": "2014-04-23 11:15:09",
        "calendarYear": "2014",
        "period": "Q1",
        "revenue": 11239000000,
        "costOfRevenue": 8745000000,
        "grossProfit": 2494000000,
        "grossProfitRatio": 0.2219058635,
        "researchAndDevelopmentExpenses": 284000000,
        "generalAndAdministrativeExpenses": 106000000,
        "sellingAndMarketingExpenses": 0,
        "sellingGeneralAndAdministrativeExpenses": 106000000,
        "otherExpenses": 0,
        "operatingExpenses": 390000000,
        "costAndExpenses": 9135000000,
        "interestIncome": 12000000,
        "interestExpense": 103000000,
        "depreciationAndAmortization": 932000000,
        "ebitda": 3105000000,
        "ebitdaratio": 0.2762701308,
        "operatingIncome": 2104000000,
        "operatingIncomeRatio": 0.1872052674,
        "totalOtherIncomeExpensesNet": -27000000,
        "incomeBeforeTax": 2077000000,
        "incomeBeforeTaxRatio": 0.1848029184,
        "incomeTaxExpense": 469000000,
        "netIncome": 1592000000,
        "netIncomeRatio": 0.141649613,
        "eps": 1.22,
        "epsdiluted": 1.21,
        "weightedAverageShsOut": 1306000000,
        "weightedAverageShsOutDil": 1318000000,
        "link": "https://www.sec.gov/Archives/edgar/data/87347/000156459014001564/0001564590-14-001564-index.htm",
        "finalLink": "https://www.sec.gov/Archives/edgar/data/87347/000156459014001564/slb-10q_20140331.htm"
    },
    {
        "date": "2013-12-31",
        "symbol": "SLB",
        "reportedCurrency": "USD",
        "cik": "0000087347",
        "fillingDate": "2014-01-31",
        "acceptedDate": "2014-01-31 08:41:08",
        "calendarYear": "2013",
        "period": "Q4",
        "revenue": 11906000000,
        "costOfRevenue": 9283000000,
        "grossProfit": 2623000000,
        "grossProfitRatio": 0.2203090879,
        "researchAndDevelopmentExpenses": 304000000,
        "generalAndAdministrativeExpenses": 111000000,
        "sellingAndMarketingExpenses": 0,
        "sellingGeneralAndAdministrativeExpenses": 111000000,
        "otherExpenses": 0,
        "operatingExpenses": 415000000,
        "costAndExpenses": 9698000000,
        "interestIncome": 11000000,
        "interestExpense": 97000000,
        "depreciationAndAmortization": 929000000,
        "ebitda": 3195000000,
        "ebitdaratio": 0.2683520914,
        "operatingIncome": 2207000000,
        "operatingIncomeRatio": 0.1853687217,
        "totalOtherIncomeExpensesNet": -37000000,
        "incomeBeforeTax": 2170000000,
        "incomeBeforeTaxRatio": 0.1822610449,
        "incomeTaxExpense": 487000000,
        "netIncome": 1664000000,
        "netIncomeRatio": 0.1397614648,
        "eps": 1.27,
        "epsdiluted": 1.26,
        "weightedAverageShsOut": 1312000000,
        "weightedAverageShsOutDil": 1326000000,
        "link": "https://www.sec.gov/Archives/edgar/data/87347/000156459014000090/0001564590-14-000090-index.htm",
        "finalLink": "https://www.sec.gov/Archives/edgar/data/87347/000156459014000090/slb-10k_20131231.htm"
    },
    {
        "date": "2013-09-30",
        "symbol": "SLB",
        "reportedCurrency": "USD",
        "cik": "0000087347",
        "fillingDate": "2013-10-23",
        "acceptedDate": "2013-10-23 11:01:58",
        "calendarYear": "2013",
        "period": "Q3",
        "revenue": 11608000000,
        "costOfRevenue": 8926000000,
        "grossProfit": 2682000000,
        "grossProfitRatio": 0.2310475534,
        "researchAndDevelopmentExpenses": 286000000,
        "generalAndAdministrativeExpenses": 110000000,
        "sellingAndMarketingExpenses": 0,
        "sellingGeneralAndAdministrativeExpenses": 110000000,
        "otherExpenses": 0,
        "operatingExpenses": 396000000,
        "costAndExpenses": 9322000000,
        "interestIncome": 9000000,
        "interestExpense": 98000000,
        "depreciationAndAmortization": 931000000,
        "ebitda": 3274000000,
        "ebitdaratio": 0.2820468642,
        "operatingIncome": 2286000000,
        "operatingIncomeRatio": 0.1969331496,
        "totalOtherIncomeExpensesNet": -55000000,
        "incomeBeforeTax": 2231000000,
        "incomeBeforeTaxRatio": 0.1921950379,
        "incomeTaxExpense": 506000000,
        "netIncome": 1715000000,
        "netIncomeRatio": 0.1477429359,
        "eps": 1.3,
        "epsdiluted": 1.29,
        "weightedAverageShsOut": 1322000000,
        "weightedAverageShsOutDil": 1333000000,
        "link": "https://www.sec.gov/Archives/edgar/data/87347/000156459013000735/0001564590-13-000735-index.htm",
        "finalLink": "https://www.sec.gov/Archives/edgar/data/87347/000156459013000735/slb-10q_20130930.htm"
    },
    {
        "date": "2013-06-30",
        "symbol": "SLB",
        "reportedCurrency": "USD",
        "cik": "0000087347",
        "fillingDate": "2013-07-24",
        "acceptedDate": "2013-07-24 11:23:12",
        "calendarYear": "2013",
        "period": "Q2",
        "revenue": 11182000000,
        "costOfRevenue": 8712000000,
        "grossProfit": 2470000000,
        "grossProfitRatio": 0.2208907172,
        "researchAndDevelopmentExpenses": 293000000,
        "generalAndAdministrativeExpenses": 100000000,
        "sellingAndMarketingExpenses": 0,
        "sellingGeneralAndAdministrativeExpenses": 100000000,
        "otherExpenses": 0,
        "operatingExpenses": 393000000,
        "costAndExpenses": 9105000000,
        "interestIncome": 6000000,
        "interestExpense": 98000000,
        "depreciationAndAmortization": 910000000,
        "ebitda": 2107000000,
        "ebitdaratio": 0.1884278304,
        "operatingIncome": 2077000000,
        "operatingIncomeRatio": 0.1857449472,
        "totalOtherIncomeExpensesNet": 596000000,
        "incomeBeforeTax": 2673000000,
        "incomeBeforeTaxRatio": 0.2390448936,
        "incomeTaxExpense": 449000000,
        "netIncome": 2095000000,
        "netIncomeRatio": 0.1873546772,
        "eps": 1.58,
        "epsdiluted": 1.57,
        "weightedAverageShsOut": 1327000000,
        "weightedAverageShsOutDil": 1336000000,
        "link": "https://www.sec.gov/Archives/edgar/data/87347/000119312513299983/0001193125-13-299983-index.htm",
        "finalLink": "https://www.sec.gov/Archives/edgar/data/87347/000119312513299983/d550034d10q.htm"
    },
    {
        "date": "2013-03-31",
        "symbol": "SLB",
        "reportedCurrency": "USD",
        "cik": "0000087347",
        "fillingDate": "2013-04-24",
        "acceptedDate": "2013-04-24 12:18:16",
        "calendarYear": "2013",
        "period": "Q1",
        "revenue": 10668000000,
        "costOfRevenue": 8442000000,
        "grossProfit": 2226000000,
        "grossProfitRatio": 0.2086614173,
        "researchAndDevelopmentExpenses": 295000000,
        "generalAndAdministrativeExpenses": 95000000,
        "sellingAndMarketingExpenses": 0,
        "sellingGeneralAndAdministrativeExpenses": 95000000,
        "otherExpenses": 0,
        "operatingExpenses": 390000000,
        "costAndExpenses": 8832000000,
        "interestIncome": 6000000,
        "interestExpense": 98000000,
        "depreciationAndAmortization": 896000000,
        "ebitda": 2611000000,
        "ebitdaratio": 0.2447506562,
        "operatingIncome": 1836000000,
        "operatingIncomeRatio": 0.1721034871,
        "totalOtherIncomeExpensesNet": -157000000,
        "incomeBeforeTax": 1679000000,
        "incomeBeforeTaxRatio": 0.1573865767,
        "incomeTaxExpense": 412000000,
        "netIncome": 1259000000,
        "netIncomeRatio": 0.1180164979,
        "eps": 0.95,
        "epsdiluted": 0.94,
        "weightedAverageShsOut": 1330000000,
        "weightedAverageShsOutDil": 1340000000,
        "link": "https://www.sec.gov/Archives/edgar/data/87347/000119312513169511/0001193125-13-169511-index.htm",
        "finalLink": "https://www.sec.gov/Archives/edgar/data/87347/000119312513169511/d502964d10q.htm"
    },
    {
        "date": "2012-12-31",
        "symbol": "SLB",
        "reportedCurrency": "USD",
        "cik": "0000087347",
        "fillingDate": "2013-01-31",
        "acceptedDate": "2013-01-31 12:24:54",
        "calendarYear": "2012",
        "period": "Q4",
        "revenue": 11174000000,
        "costOfRevenue": 8798000000,
        "grossProfit": 2376000000,
        "grossProfitRatio": 0.2126364775,
        "researchAndDevelopmentExpenses": 307000000,
        "generalAndAdministrativeExpenses": 111000000,
        "sellingAndMarketingExpenses": 0,
        "sellingGeneralAndAdministrativeExpenses": 111000000,
        "otherExpenses": 0,
        "operatingExpenses": 418000000,
        "costAndExpenses": 9216000000,
        "interestIncome": 5000000,
        "interestExpense": 93000000,
        "depreciationAndAmortization": 930000000,
        "ebitda": 2832000000,
        "ebitdaratio": 0.2534454985,
        "operatingIncome": 1960000000,
        "operatingIncomeRatio": 0.1754071953,
        "totalOtherIncomeExpensesNet": -152000000,
        "incomeBeforeTax": 1807000000,
        "incomeBeforeTaxRatio": 0.1617146948,
        "incomeTaxExpense": 436000000,
        "netIncome": 1362000000,
        "netIncomeRatio": 0.121890102,
        "eps": 1.03,
        "epsdiluted": 1.02,
        "weightedAverageShsOut": 1328000000,
        "weightedAverageShsOutDil": 1336000000,
        "link": "https://www.sec.gov/Archives/edgar/data/87347/000119312513031766/0001193125-13-031766-index.htm",
        "finalLink": "https://www.sec.gov/Archives/edgar/data/87347/000119312513031766/d456349d10k.htm"
    },
    {
        "date": "2012-09-30",
        "symbol": "SLB",
        "reportedCurrency": "USD",
        "cik": "0000087347",
        "fillingDate": "2012-10-24",
        "acceptedDate": "2012-10-24 11:26:00",
        "calendarYear": "2012",
        "period": "Q3",
        "revenue": 10608000000,
        "costOfRevenue": 8290000000,
        "grossProfit": 2318000000,
        "grossProfitRatio": 0.2185143288,
        "researchAndDevelopmentExpenses": 289000000,
        "generalAndAdministrativeExpenses": 95000000,
        "sellingAndMarketingExpenses": 0,
        "sellingGeneralAndAdministrativeExpenses": 95000000,
        "otherExpenses": 0,
        "operatingExpenses": 384000000,
        "costAndExpenses": 8674000000,
        "interestIncome": 44000000,
        "interestExpense": 89000000,
        "depreciationAndAmortization": 864000000,
        "ebitda": 2751000000,
        "ebitdaratio": 0.2593325792,
        "operatingIncome": 1934000000,
        "operatingIncomeRatio": 0.1823152338,
        "totalOtherIncomeExpensesNet": -77000000,
        "incomeBeforeTax": 1857000000,
        "incomeBeforeTaxRatio": 0.1750565611,
        "incomeTaxExpense": 442000000,
        "netIncome": 1424000000,
        "netIncomeRatio": 0.1342383107,
        "eps": 1.07,
        "epsdiluted": 1.07,
        "weightedAverageShsOut": 1328000000,
        "weightedAverageShsOutDil": 1336000000,
        "link": "https://www.sec.gov/Archives/edgar/data/87347/000119312512432709/0001193125-12-432709-index.htm",
        "finalLink": "https://www.sec.gov/Archives/edgar/data/87347/000119312512432709/d404756d10q.htm"
    },
    {
        "date": "2012-06-30",
        "symbol": "SLB",
        "reportedCurrency": "USD",
        "cik": "0000087347",
        "fillingDate": "2012-07-25",
        "acceptedDate": "2012-07-25 11:29:08",
        "calendarYear": "2012",
        "period": "Q2",
        "revenue": 10448000000,
        "costOfRevenue": 8162000000,
        "grossProfit": 2286000000,
        "grossProfitRatio": 0.218797856,
        "researchAndDevelopmentExpenses": 291000000,
        "generalAndAdministrativeExpenses": 101000000,
        "sellingAndMarketingExpenses": 0,
        "sellingGeneralAndAdministrativeExpenses": 101000000,
        "otherExpenses": 0,
        "operatingExpenses": 392000000,
        "costAndExpenses": 8554000000,
        "interestIncome": 45000000,
        "interestExpense": 78000000,
        "depreciationAndAmortization": 853000000,
        "ebitda": 2712000000,
        "ebitdaratio": 0.2595712098,
        "operatingIncome": 1894000000,
        "operatingIncomeRatio": 0.1812787136,
        "totalOtherIncomeExpensesNet": -115000000,
        "incomeBeforeTax": 1839000000,
        "incomeBeforeTaxRatio": 0.1760145482,
        "incomeTaxExpense": 445000000,
        "netIncome": 1403000000,
        "netIncomeRatio": 0.1342840735,
        "eps": 1.05,
        "epsdiluted": 1.05,
        "weightedAverageShsOut": 1331000000,
        "weightedAverageShsOutDil": 1339000000,
        "link": "https://www.sec.gov/Archives/edgar/data/87347/000119312512313818/0001193125-12-313818-index.htm",
        "finalLink": "https://www.sec.gov/Archives/edgar/data/87347/000119312512313818/d361704d10q.htm"
    },
    {
        "date": "2012-03-31",
        "symbol": "SLB",
        "reportedCurrency": "USD",
        "cik": "0000087347",
        "fillingDate": "2012-04-25",
        "acceptedDate": "2012-04-25 11:16:15",
        "calendarYear": "2012",
        "period": "Q1",
        "revenue": 10611000000,
        "costOfRevenue": 8474000000,
        "grossProfit": 2137000000,
        "grossProfitRatio": 0.201394779,
        "researchAndDevelopmentExpenses": 275000000,
        "generalAndAdministrativeExpenses": 93000000,
        "sellingAndMarketingExpenses": 0,
        "sellingGeneralAndAdministrativeExpenses": 93000000,
        "otherExpenses": 0,
        "operatingExpenses": 368000000,
        "costAndExpenses": 8842000000,
        "interestIncome": 47000000,
        "interestExpense": 80000000,
        "depreciationAndAmortization": 853000000,
        "ebitda": 1816000000,
        "ebitdaratio": 0.1711431533,
        "operatingIncome": 1769000000,
        "operatingIncomeRatio": 0.1667137876,
        "totalOtherIncomeExpensesNet": -48000000,
        "incomeBeforeTax": 1721000000,
        "incomeBeforeTaxRatio": 0.16219018,
        "incomeTaxExpense": 411000000,
        "netIncome": 1301000000,
        "netIncomeRatio": 0.1226086137,
        "eps": 0.97,
        "epsdiluted": 0.97,
        "weightedAverageShsOut": 1334000000,
        "weightedAverageShsOutDil": 1344000000,
        "link": "https://www.sec.gov/Archives/edgar/data/87347/000119312512180984/0001193125-12-180984-index.htm",
        "finalLink": "https://www.sec.gov/Archives/edgar/data/87347/000119312512180984/d323154d10q.htm"
    },
    {
        "date": "2011-12-31",
        "symbol": "SLB",
        "reportedCurrency": "USD",
        "cik": "0000087347",
        "fillingDate": "2012-02-01",
        "acceptedDate": "2012-02-01 16:29:21",
        "calendarYear": "2011",
        "period": "Q4",
        "revenue": 10974000000,
        "costOfRevenue": 8642000000,
        "grossProfit": 2332000000,
        "grossProfitRatio": 0.2125022781,
        "researchAndDevelopmentExpenses": 273000000,
        "generalAndAdministrativeExpenses": 101000000,
        "sellingAndMarketingExpenses": -1000000,
        "sellingGeneralAndAdministrativeExpenses": 100000000,
        "otherExpenses": 0,
        "operatingExpenses": 362000000,
        "costAndExpenses": 9004000000,
        "interestIncome": 24000000,
        "interestExpense": 86000000,
        "depreciationAndAmortization": 861000000,
        "ebitda": 2832000000,
        "ebitdaratio": 0.2580645161,
        "operatingIncome": 1958000000,
        "operatingIncomeRatio": 0.1784217241,
        "totalOtherIncomeExpensesNet": -73000000,
        "incomeBeforeTax": 1886000000,
        "incomeBeforeTaxRatio": 0.1718607618,
        "incomeTaxExpense": 466000000,
        "netIncome": 1414000000,
        "netIncomeRatio": 0.1288500091,
        "eps": 1.06,
        "epsdiluted": 1.05,
        "weightedAverageShsOut": 1338000000,
        "weightedAverageShsOutDil": 1347000000,
        "link": "https://www.sec.gov/Archives/edgar/data/87347/000119312512034426/0001193125-12-034426-index.htm",
        "finalLink": "https://www.sec.gov/Archives/edgar/data/87347/000119312512034426/d272746d10k.htm"
    },
    {
        "date": "2011-09-30",
        "symbol": "SLB",
        "reportedCurrency": "USD",
        "cik": "0000087347",
        "fillingDate": "2011-10-26",
        "acceptedDate": "2011-10-26 14:24:58",
        "calendarYear": "2011",
        "period": "Q3",
        "revenue": 10229000000,
        "costOfRevenue": 8092000000,
        "grossProfit": 2137000000,
        "grossProfitRatio": 0.2089158275,
        "researchAndDevelopmentExpenses": 266000000,
        "generalAndAdministrativeExpenses": 91000000,
        "sellingAndMarketingExpenses": 0,
        "sellingGeneralAndAdministrativeExpenses": 91000000,
        "otherExpenses": 0,
        "operatingExpenses": 357000000,
        "costAndExpenses": 8449000000,
        "interestIncome": 34000000,
        "interestExpense": 70000000,
        "depreciationAndAmortization": 827000000,
        "ebitda": 2583000000,
        "ebitdaratio": 0.2525173526,
        "operatingIncome": 1780000000,
        "operatingIncomeRatio": 0.1740150552,
        "totalOtherIncomeExpensesNet": -62000000,
        "incomeBeforeTax": 1717000000,
        "incomeBeforeTaxRatio": 0.1678560954,
        "incomeTaxExpense": 410000000,
        "netIncome": 1301000000,
        "netIncomeRatio": 0.1271874083,
        "eps": 0.96,
        "epsdiluted": 0.96,
        "weightedAverageShsOut": 1345000000,
        "weightedAverageShsOutDil": 1357000000,
        "link": "https://www.sec.gov/Archives/edgar/data/87347/000095012311092021/0000950123-11-092021-index.htm",
        "finalLink": "https://www.sec.gov/Archives/edgar/data/87347/000095012311092021/h84352e10vq.htm"
    },
    {
        "date": "2011-06-30",
        "symbol": "SLB",
        "reportedCurrency": "USD",
        "cik": "0000087347",
        "fillingDate": "2011-07-27",
        "acceptedDate": "2011-07-27 12:09:48",
        "calendarYear": "2011",
        "period": "Q2",
        "revenue": 9621000000,
        "costOfRevenue": 7638000000,
        "grossProfit": 1983000000,
        "grossProfitRatio": 0.2061116308,
        "researchAndDevelopmentExpenses": 274000000,
        "generalAndAdministrativeExpenses": 139000000,
        "sellingAndMarketingExpenses": 0,
        "sellingGeneralAndAdministrativeExpenses": 139000000,
        "otherExpenses": 0,
        "operatingExpenses": 413000000,
        "costAndExpenses": 8051000000,
        "interestIncome": 29000000,
        "interestExpense": 69000000,
        "depreciationAndAmortization": 805000000,
        "ebitda": 2345000000,
        "ebitdaratio": 0.2437376572,
        "operatingIncome": 1570000000,
        "operatingIncomeRatio": 0.1631847001,
        "totalOtherIncomeExpensesNet": -72000000,
        "incomeBeforeTax": 1498000000,
        "incomeBeforeTaxRatio": 0.1557010706,
        "incomeTaxExpense": 374000000,
        "netIncome": 1339000000,
        "netIncomeRatio": 0.139174722,
        "eps": 1.14,
        "epsdiluted": 0.98,
        "weightedAverageShsOut": 1352000000,
        "weightedAverageShsOutDil": 1366000000,
        "link": "https://www.sec.gov/Archives/edgar/data/87347/000095012311068781/0000950123-11-068781-index.htm",
        "finalLink": "https://www.sec.gov/Archives/edgar/data/87347/000095012311068781/h82415e10vq.htm"
    },
    {
        "date": "2011-03-31",
        "symbol": "SLB",
        "reportedCurrency": "USD",
        "cik": "0000087347",
        "fillingDate": "2011-04-27",
        "acceptedDate": "2011-04-27 11:19:11",
        "calendarYear": "2011",
        "period": "Q1",
        "revenue": 8716000000,
        "costOfRevenue": 7060000000,
        "grossProfit": 1656000000,
        "grossProfitRatio": 0.1899954107,
        "researchAndDevelopmentExpenses": 249000000,
        "generalAndAdministrativeExpenses": 93000000,
        "sellingAndMarketingExpenses": 0,
        "sellingGeneralAndAdministrativeExpenses": 93000000,
        "otherExpenses": 0,
        "operatingExpenses": 342000000,
        "costAndExpenses": 7402000000,
        "interestIncome": 31000000,
        "interestExpense": 73000000,
        "depreciationAndAmortization": 788000000,
        "ebitda": 1345000000,
        "ebitdaratio": 0.1543139055,
        "operatingIncome": 1307000000,
        "operatingIncomeRatio": 0.1499541074,
        "totalOtherIncomeExpensesNet": -76000000,
        "incomeBeforeTax": 1238000000,
        "incomeBeforeTaxRatio": 0.1420376319,
        "incomeTaxExpense": 295000000,
        "netIncome": 944000000,
        "netIncomeRatio": 0.1083065626,
        "eps": 0.69,
        "epsdiluted": 0.69,
        "weightedAverageShsOut": 1360000000,
        "weightedAverageShsOutDil": 1375000000,
        "link": "https://www.sec.gov/Archives/edgar/data/87347/000095012311039827/0000950123-11-039827-index.htm",
        "finalLink": "https://www.sec.gov/Archives/edgar/data/87347/000095012311039827/h80291e10vq.htm"
    },
    {
        "date": "2010-12-31",
        "symbol": "SLB",
        "reportedCurrency": "USD",
        "cik": "0000087347",
        "fillingDate": "2011-02-04",
        "acceptedDate": "2011-02-04 13:27:09",
        "calendarYear": "2010",
        "period": "Q4",
        "revenue": 9067000000,
        "costOfRevenue": 7196000000,
        "grossProfit": 1871000000,
        "grossProfitRatio": 0.2063527076,
        "researchAndDevelopmentExpenses": 256000000,
        "generalAndAdministrativeExpenses": 194000000,
        "sellingAndMarketingExpenses": 5000000,
        "sellingGeneralAndAdministrativeExpenses": 199000000,
        "otherExpenses": 0,
        "operatingExpenses": 455000000,
        "costAndExpenses": 7651000000,
        "interestIncome": 10000000,
        "interestExpense": 61000000,
        "depreciationAndAmortization": 808000000,
        "ebitda": 2203000000,
        "ebitdaratio": 0.2429690085,
        "operatingIncome": 1415000000,
        "operatingIncomeRatio": 0.156060439,
        "totalOtherIncomeExpensesNet": -81000000,
        "incomeBeforeTax": 1335000000,
        "incomeBeforeTaxRatio": 0.1472372339,
        "incomeTaxExpense": 290000000,
        "netIncome": 1043000000,
        "netIncomeRatio": 0.1150325356,
        "eps": 0.77,
        "epsdiluted": 0.76,
        "weightedAverageShsOut": 1363000000,
        "weightedAverageShsOutDil": 1376000000,
        "link": "https://www.sec.gov/Archives/edgar/data/87347/000095012311009144/0000950123-11-009144-index.htm",
        "finalLink": "https://www.sec.gov/Archives/edgar/data/87347/000095012311009144/h77795e10vk.htm"
    },
    {
        "date": "2010-09-30",
        "symbol": "SLB",
        "reportedCurrency": "USD",
        "cik": "0000087347",
        "fillingDate": "2010-10-29",
        "acceptedDate": "2010-10-29 12:09:02",
        "calendarYear": "2010",
        "period": "Q3",
        "revenue": 6845000000,
        "costOfRevenue": 5379000000,
        "grossProfit": 1466000000,
        "grossProfitRatio": 0.2141709277,
        "researchAndDevelopmentExpenses": 240000000,
        "generalAndAdministrativeExpenses": 167000000,
        "sellingAndMarketingExpenses": 0,
        "sellingGeneralAndAdministrativeExpenses": 167000000,
        "otherExpenses": 0,
        "operatingExpenses": 407000000,
        "costAndExpenses": 5786000000,
        "interestIncome": 54000000,
        "interestExpense": 47000000,
        "depreciationAndAmortization": 693000000,
        "ebitda": 2680000000,
        "ebitdaratio": 0.3915266618,
        "operatingIncome": 1059000000,
        "operatingIncomeRatio": 0.1547114682,
        "totalOtherIncomeExpensesNet": 881000000,
        "incomeBeforeTax": 1940000000,
        "incomeBeforeTaxRatio": 0.2834185537,
        "incomeTaxExpense": 209000000,
        "netIncome": 1734000000,
        "netIncomeRatio": 0.2533235939,
        "eps": 1.39,
        "epsdiluted": 1.38,
        "weightedAverageShsOut": 1249000000,
        "weightedAverageShsOutDil": 1258000000,
        "link": "https://www.sec.gov/Archives/edgar/data/87347/000119312510240873/0001193125-10-240873-index.htm",
        "finalLink": "https://www.sec.gov/Archives/edgar/data/87347/000119312510240873/d10q.htm"
    },
    {
        "date": "2010-06-30",
        "symbol": "SLB",
        "reportedCurrency": "USD",
        "cik": "0000087347",
        "fillingDate": "2010-07-29",
        "acceptedDate": "2010-07-29 16:20:53",
        "calendarYear": "2010",
        "period": "Q2",
        "revenue": 5973000000,
        "costOfRevenue": 4576000000,
        "grossProfit": 1397000000,
        "grossProfitRatio": 0.2338858195,
        "researchAndDevelopmentExpenses": 216000000,
        "generalAndAdministrativeExpenses": 145000000,
        "sellingAndMarketingExpenses": 0,
        "sellingGeneralAndAdministrativeExpenses": 145000000,
        "otherExpenses": 0,
        "operatingExpenses": 361000000,
        "costAndExpenses": 4937000000,
        "interestIncome": 51000000,
        "interestExpense": 53000000,
        "depreciationAndAmortization": 638000000,
        "ebitda": 1684000000,
        "ebitdaratio": 0.2819353759,
        "operatingIncome": 1000000000,
        "operatingIncomeRatio": 0.1674200569,
        "totalOtherIncomeExpensesNet": -2000000,
        "incomeBeforeTax": 994000000,
        "incomeBeforeTaxRatio": 0.1664155366,
        "incomeTaxExpense": 177000000,
        "netIncome": 818000000,
        "netIncomeRatio": 0.1369496066,
        "eps": 0.69,
        "epsdiluted": 0.68,
        "weightedAverageShsOut": 1192000000,
        "weightedAverageShsOutDil": 1208000000,
        "link": "https://www.sec.gov/Archives/edgar/data/87347/000119312510170695/0001193125-10-170695-index.htm",
        "finalLink": "https://www.sec.gov/Archives/edgar/data/87347/000119312510170695/d10q.htm"
    },
    {
        "date": "2010-03-31",
        "symbol": "SLB",
        "reportedCurrency": "USD",
        "cik": "0000087347",
        "fillingDate": "2010-04-28",
        "acceptedDate": "2010-04-28 11:40:01",
        "calendarYear": "2010",
        "period": "Q1",
        "revenue": 5598000000,
        "costOfRevenue": 4343000000,
        "grossProfit": 1255000000,
        "grossProfitRatio": 0.2241872097,
        "researchAndDevelopmentExpenses": 207000000,
        "generalAndAdministrativeExpenses": 144000000,
        "sellingAndMarketingExpenses": 0,
        "sellingGeneralAndAdministrativeExpenses": 144000000,
        "otherExpenses": 0,
        "operatingExpenses": 351000000,
        "costAndExpenses": 4694000000,
        "interestIncome": 64000000,
        "interestExpense": 45000000,
        "depreciationAndAmortization": 620000000,
        "ebitda": 1553000000,
        "ebitdaratio": 0.2774205073,
        "operatingIncome": 904000000,
        "operatingIncomeRatio": 0.1614862451,
        "totalOtherIncomeExpensesNet": -16000000,
        "incomeBeforeTax": 888000000,
        "incomeBeforeTaxRatio": 0.1586280815,
        "incomeTaxExpense": 214000000,
        "netIncome": 672000000,
        "netIncomeRatio": 0.1200428725,
        "eps": 0.56,
        "epsdiluted": 0.56,
        "weightedAverageShsOut": 1195000000,
        "weightedAverageShsOutDil": 1215000000,
        "link": "https://www.sec.gov/Archives/edgar/data/87347/000119312510096102/0001193125-10-096102-index.htm",
        "finalLink": "https://www.sec.gov/Archives/edgar/data/87347/000119312510096102/d10q.htm"
    },
    {
        "date": "2009-12-31",
        "symbol": "SLB",
        "reportedCurrency": "USD",
        "cik": "0000087347",
        "fillingDate": "2010-02-05",
        "acceptedDate": "2010-02-05 12:31:59",
        "calendarYear": "2009",
        "period": "Q4",
        "revenue": 5747000000,
        "costOfRevenue": 4376000000,
        "grossProfit": 1371000000,
        "grossProfitRatio": 0.2385592483,
        "researchAndDevelopmentExpenses": 217000000,
        "generalAndAdministrativeExpenses": 145000000,
        "sellingAndMarketingExpenses": 21000000,
        "sellingGeneralAndAdministrativeExpenses": 166000000,
        "otherExpenses": 0,
        "operatingExpenses": 383000000,
        "costAndExpenses": 4759000000,
        "interestIncome": 10000000,
        "interestExpense": 52000000,
        "depreciationAndAmortization": 628000000,
        "ebitda": 1675000000,
        "ebitdaratio": 0.291456412,
        "operatingIncome": 988000000,
        "operatingIncomeRatio": 0.1719157821,
        "totalOtherIncomeExpensesNet": 7000000,
        "incomeBeforeTax": 995000000,
        "incomeBeforeTaxRatio": 0.1731338089,
        "incomeTaxExpense": 175000000,
        "netIncome": 796000000,
        "netIncomeRatio": 0.1385070472,
        "eps": 0.67,
        "epsdiluted": 0.67,
        "weightedAverageShsOut": 1195000000,
        "weightedAverageShsOutDil": 1195000000,
        "link": "https://www.sec.gov/Archives/edgar/data/87347/000119312510023041/0001193125-10-023041-index.htm",
        "finalLink": "https://www.sec.gov/Archives/edgar/data/87347/000119312510023041/d10k.htm"
    },
    {
        "date": "2009-09-30",
        "symbol": "SLB",
        "reportedCurrency": "USD",
        "cik": "0000087347",
        "fillingDate": "2009-10-28",
        "acceptedDate": "2009-10-28 11:26:11",
        "calendarYear": "2009",
        "period": "Q3",
        "revenue": 5430000000,
        "costOfRevenue": 4122000000,
        "grossProfit": 1308000000,
        "grossProfitRatio": 0.2408839779,
        "researchAndDevelopmentExpenses": 198000000,
        "generalAndAdministrativeExpenses": 128000000,
        "sellingAndMarketingExpenses": 22000000,
        "sellingGeneralAndAdministrativeExpenses": 150000000,
        "otherExpenses": 0,
        "operatingExpenses": 348000000,
        "costAndExpenses": 4470000000,
        "interestIncome": 15000000,
        "interestExpense": 54000000,
        "depreciationAndAmortization": 613000000,
        "ebitda": 1647000000,
        "ebitdaratio": 0.3033149171,
        "operatingIncome": 960000000,
        "operatingIncomeRatio": 0.1767955801,
        "totalOtherIncomeExpensesNet": 20000000,
        "incomeBeforeTax": 980000000,
        "incomeBeforeTaxRatio": 0.1804788214,
        "incomeTaxExpense": 191000000,
        "netIncome": 787000000,
        "netIncomeRatio": 0.1449355433,
        "eps": 0.66,
        "epsdiluted": 0.65,
        "weightedAverageShsOut": 1200000000,
        "weightedAverageShsOutDil": 1218000000,
        "link": "https://www.sec.gov/Archives/edgar/data/87347/000119312509215771/0001193125-09-215771-index.htm",
        "finalLink": "https://www.sec.gov/Archives/edgar/data/87347/000119312509215771/d10q.htm"
    },
    {
        "date": "2009-06-30",
        "symbol": "SLB",
        "reportedCurrency": "USD",
        "cik": "0000087347",
        "fillingDate": "2009-07-29",
        "acceptedDate": "2009-07-29 14:37:14",
        "calendarYear": "2009",
        "period": "Q2",
        "revenue": 5528000000,
        "costOfRevenue": 4409000000,
        "grossProfit": 1119000000,
        "grossProfitRatio": 0.2024240232,
        "researchAndDevelopmentExpenses": 197000000,
        "generalAndAdministrativeExpenses": 131000000,
        "sellingAndMarketingExpenses": 23000000,
        "sellingGeneralAndAdministrativeExpenses": 154000000,
        "otherExpenses": 0,
        "operatingExpenses": 351000000,
        "costAndExpenses": 4760000000,
        "interestIncome": 17000000,
        "interestExpense": 61000000,
        "depreciationAndAmortization": 625757000,
        "ebitda": 1453757000,
        "ebitdaratio": 0.262980644,
        "operatingIncome": 768000000,
        "operatingIncomeRatio": 0.1389290883,
        "totalOtherIncomeExpensesNet": -1000000,
        "incomeBeforeTax": 767000000,
        "incomeBeforeTaxRatio": 0.138748191,
        "incomeTaxExpense": 152000000,
        "netIncome": 613000000,
        "netIncomeRatio": 0.1108900145,
        "eps": 0.51,
        "epsdiluted": 0.51,
        "weightedAverageShsOut": 1197000000,
        "weightedAverageShsOutDil": 1214000000,
        "link": "https://www.sec.gov/Archives/edgar/data/87347/000119312509158007/0001193125-09-158007-index.htm",
        "finalLink": "https://www.sec.gov/Archives/edgar/data/87347/000119312509158007/d10q.htm"
    },
    {
        "date": "2009-03-31",
        "symbol": "SLB",
        "reportedCurrency": "USD",
        "cik": "0000087347",
        "fillingDate": "2009-04-29",
        "acceptedDate": "2009-04-29 13:19:51",
        "calendarYear": "2009",
        "period": "Q1",
        "revenue": 5999989000,
        "costOfRevenue": 4488524000,
        "grossProfit": 1511465000,
        "grossProfitRatio": 0.2519112952,
        "researchAndDevelopmentExpenses": 189516000,
        "generalAndAdministrativeExpenses": 130288000,
        "sellingAndMarketingExpenses": 21071000,
        "sellingGeneralAndAdministrativeExpenses": 151359000,
        "otherExpenses": 0,
        "operatingExpenses": 340875000,
        "costAndExpenses": 4829399000,
        "interestIncome": 18000000,
        "interestExpense": 55072000,
        "depreciationAndAmortization": 609243000,
        "ebitda": 1856000000,
        "ebitdaratio": 0.3093339004,
        "operatingIncome": 1133518000,
        "operatingIncomeRatio": 0.188920013,
        "totalOtherIncomeExpensesNet": 22464000,
        "incomeBeforeTax": 1192464000,
        "incomeBeforeTaxRatio": 0.1987443644,
        "incomeTaxExpense": 252079000,
        "netIncome": 938461000,
        "netIncomeRatio": 0.1564104534,
        "eps": 0.78,
        "epsdiluted": 0.78,
        "weightedAverageShsOut": 1196000000,
        "weightedAverageShsOutDil": 1210000000,
        "link": "https://www.sec.gov/Archives/edgar/data/87347/000119312509091605/0001193125-09-091605-index.htm",
        "finalLink": "https://www.sec.gov/Archives/edgar/data/87347/000119312509091605/d10q.htm"
    },
    {
        "date": "2008-12-31",
        "symbol": "SLB",
        "reportedCurrency": "USD",
        "cik": "0000087347",
        "fillingDate": "2009-02-11",
        "acceptedDate": "2009-02-11 10:31:08",
        "calendarYear": "2008",
        "period": "Q4",
        "revenue": 6857877000,
        "costOfRevenue": 5033473000,
        "grossProfit": 1824404000,
        "grossProfitRatio": 0.2660304348,
        "researchAndDevelopmentExpenses": 222218000,
        "generalAndAdministrativeExpenses": 173669000,
        "sellingAndMarketingExpenses": 0,
        "sellingGeneralAndAdministrativeExpenses": 173669000,
        "otherExpenses": 0,
        "operatingExpenses": 395887000,
        "costAndExpenses": 5429360000,
        "interestIncome": 0,
        "interestExpense": 0,
        "depreciationAndAmortization": 612613000,
        "ebitda": 2453130000,
        "ebitdaratio": 0.3577098277,
        "operatingIncome": 1428517000,
        "operatingIncomeRatio": 0.2083030944,
        "totalOtherIncomeExpensesNet": 47345000,
        "incomeBeforeTax": 1475862000,
        "incomeBeforeTaxRatio": 0.2152068344,
        "incomeTaxExpense": 325664000,
        "netIncome": 1150140000,
        "netIncomeRatio": 0.1677107945,
        "eps": 0.96,
        "epsdiluted": 0.96,
        "weightedAverageShsOut": 1193000000,
        "weightedAverageShsOutDil": 1195778000,
        "link": "https://www.sec.gov/Archives/edgar/data/87347/000119312509024868/0001193125-09-024868-index.htm",
        "finalLink": "https://www.sec.gov/Archives/edgar/data/87347/000119312509024868/d10k.htm"
    },
    {
        "date": "2008-09-30",
        "symbol": "SLB",
        "reportedCurrency": "USD",
        "cik": "0000087347",
        "fillingDate": "2008-10-22",
        "acceptedDate": "2008-10-22 13:10:26",
        "calendarYear": "2008",
        "period": "Q3",
        "revenue": 7258869000,
        "costOfRevenue": 4966384000,
        "grossProfit": 2292485000,
        "grossProfitRatio": 0.3158184836,
        "researchAndDevelopmentExpenses": 208168000,
        "generalAndAdministrativeExpenses": 172268000,
        "sellingAndMarketingExpenses": 0,
        "sellingGeneralAndAdministrativeExpenses": 172268000,
        "otherExpenses": 0,
        "operatingExpenses": 380436000,
        "costAndExpenses": 5346820000,
        "interestIncome": 31000000,
        "interestExpense": 61000000,
        "depreciationAndAmortization": 583354000,
        "ebitda": 2601000000,
        "ebitdaratio": 0.3583202838,
        "operatingIncome": 1912049000,
        "operatingIncomeRatio": 0.263408666,
        "totalOtherIncomeExpensesNet": 45571000,
        "incomeBeforeTax": 1957620000,
        "incomeBeforeTaxRatio": 0.2696866413,
        "incomeTaxExpense": 418142000,
        "netIncome": 1526362000,
        "netIncomeRatio": 0.2102754575,
        "eps": 1.27,
        "epsdiluted": 1.25,
        "weightedAverageShsOut": 1199000000,
        "weightedAverageShsOutDil": 1225000000,
        "link": "https://www.sec.gov/Archives/edgar/data/87347/000119312508214207/0001193125-08-214207-index.htm",
        "finalLink": "https://www.sec.gov/Archives/edgar/data/87347/000119312508214207/d10q.htm"
    },
    {
        "date": "2008-06-30",
        "symbol": "SLB",
        "reportedCurrency": "USD",
        "cik": "0000087347",
        "fillingDate": "2008-07-23",
        "acceptedDate": "2008-07-23 06:09:46",
        "calendarYear": "2008",
        "period": "Q2",
        "revenue": 6746148000,
        "costOfRevenue": 4608879000,
        "grossProfit": 2137269000,
        "grossProfitRatio": 0.3168132392,
        "researchAndDevelopmentExpenses": 197374000,
        "generalAndAdministrativeExpenses": 172001000,
        "sellingAndMarketingExpenses": 0,
        "sellingGeneralAndAdministrativeExpenses": 172001000,
        "otherExpenses": 0,
        "operatingExpenses": 369375000,
        "costAndExpenses": 4978254000,
        "interestIncome": 25000000,
        "interestExpense": 61000000,
        "depreciationAndAmortization": 555852000,
        "ebitda": 2421311000,
        "ebitdaratio": 0.358917563,
        "operatingIncome": 1767894000,
        "operatingIncomeRatio": 0.262059771,
        "totalOtherIncomeExpensesNet": 35643000,
        "incomeBeforeTax": 1803537000,
        "incomeBeforeTaxRatio": 0.2673432305,
        "incomeTaxExpense": 377731000,
        "netIncome": 1419995000,
        "netIncomeRatio": 0.2104897491,
        "eps": 1.19,
        "epsdiluted": 1.16,
        "weightedAverageShsOut": 1195000000,
        "weightedAverageShsOutDil": 1230000000,
        "link": "https://www.sec.gov/Archives/edgar/data/87347/000119312508155700/0001193125-08-155700-index.htm",
        "finalLink": "https://www.sec.gov/Archives/edgar/data/87347/000119312508155700/d10q.htm"
    },
    {
        "date": "2008-03-31",
        "symbol": "SLB",
        "reportedCurrency": "USD",
        "cik": "0000087347",
        "fillingDate": "2008-04-23",
        "acceptedDate": "2008-04-23 13:36:22",
        "calendarYear": "2008",
        "period": "Q1",
        "revenue": 6289873000,
        "costOfRevenue": 4358295000,
        "grossProfit": 1931578000,
        "grossProfitRatio": 0.3070933229,
        "researchAndDevelopmentExpenses": 191031000,
        "generalAndAdministrativeExpenses": 161300000,
        "sellingAndMarketingExpenses": 0,
        "sellingGeneralAndAdministrativeExpenses": 161300000,
        "otherExpenses": 0,
        "operatingExpenses": 352331000,
        "costAndExpenses": 4710626000,
        "interestIncome": 37000000,
        "interestExpense": 66041000,
        "depreciationAndAmortization": 516689000,
        "ebitda": 2198166000,
        "ebitdaratio": 0.3494770085,
        "operatingIncome": 1579247000,
        "operatingIncomeRatio": 0.2510777245,
        "totalOtherIncomeExpensesNet": 36189000,
        "incomeBeforeTax": 1615436000,
        "incomeBeforeTaxRatio": 0.2568312588,
        "incomeTaxExpense": 308587000,
        "netIncome": 1338304000,
        "netIncomeRatio": 0.2127712277,
        "eps": 1.12,
        "epsdiluted": 1.09,
        "weightedAverageShsOut": 1195995000,
        "weightedAverageShsOutDil": 1233244000,
        "link": "https://www.sec.gov/Archives/edgar/data/87347/000119312508087741/0001193125-08-087741-index.htm",
        "finalLink": "https://www.sec.gov/Archives/edgar/data/87347/000119312508087741/d10q.htm"
    },
    {
        "date": "2007-12-31",
        "symbol": "SLB",
        "reportedCurrency": "USD",
        "cik": "0000087347",
        "fillingDate": "2008-02-13",
        "acceptedDate": "2008-02-13 15:07:43",
        "calendarYear": "2007",
        "period": "Q4",
        "revenue": 6247713000,
        "costOfRevenue": 4217436000,
        "grossProfit": 2030277000,
        "grossProfitRatio": 0.3249632305,
        "researchAndDevelopmentExpenses": 196520000,
        "generalAndAdministrativeExpenses": 164632000,
        "sellingAndMarketingExpenses": 0,
        "sellingGeneralAndAdministrativeExpenses": 164632000,
        "otherExpenses": 0,
        "operatingExpenses": 361152000,
        "costAndExpenses": 4578588000,
        "interestIncome": 0,
        "interestExpense": 0,
        "depreciationAndAmortization": 554417000,
        "ebitda": 2223542000,
        "ebitdaratio": 0.3558969498,
        "operatingIncome": 1669125000,
        "operatingIncomeRatio": 0.2671577584,
        "totalOtherIncomeExpensesNet": 71291000,
        "incomeBeforeTax": 1740416000,
        "incomeBeforeTaxRatio": 0.2785684938,
        "incomeTaxExpense": 357203000,
        "netIncome": 1383213000,
        "netIncomeRatio": 0.2213950929,
        "eps": 1.16,
        "epsdiluted": 1.16,
        "weightedAverageShsOut": 1194904000,
        "weightedAverageShsOutDil": 1195995000,
        "link": "https://www.sec.gov/Archives/edgar/data/87347/000119312508029168/0001193125-08-029168-index.htm",
        "finalLink": "https://www.sec.gov/Archives/edgar/data/87347/000119312508029168/d10k.htm"
    },
    {
        "date": "2007-09-30",
        "symbol": "SLB",
        "reportedCurrency": "USD",
        "cik": "0000087347",
        "fillingDate": "2007-10-24",
        "acceptedDate": "2007-10-24 13:59:42",
        "calendarYear": "2007",
        "period": "Q3",
        "revenue": 5925662000,
        "costOfRevenue": 3905095000,
        "grossProfit": 2020567000,
        "grossProfitRatio": 0.3409858679,
        "researchAndDevelopmentExpenses": 190194000,
        "generalAndAdministrativeExpenses": 159164000,
        "sellingAndMarketingExpenses": 0,
        "sellingGeneralAndAdministrativeExpenses": 159164000,
        "otherExpenses": 0,
        "operatingExpenses": 349358000,
        "costAndExpenses": 4254453000,
        "interestIncome": 0,
        "interestExpense": 0,
        "depreciationAndAmortization": 497661000,
        "ebitda": 2168870000,
        "ebitdaratio": 0.3660131138,
        "operatingIncome": 1671209000,
        "operatingIncomeRatio": 0.2820290796,
        "totalOtherIncomeExpensesNet": -317212000,
        "incomeBeforeTax": 1710165000,
        "incomeBeforeTaxRatio": 0.2886031974,
        "incomeTaxExpense": 356168000,
        "netIncome": 1353997000,
        "netIncomeRatio": 0.2284971704,
        "eps": 1.13,
        "epsdiluted": 1.09,
        "weightedAverageShsOut": 1194175000,
        "weightedAverageShsOutDil": 1243808000,
        "link": "https://www.sec.gov/Archives/edgar/data/87347/000119312507224586/0001193125-07-224586-index.htm",
        "finalLink": "https://www.sec.gov/Archives/edgar/data/87347/000119312507224586/d10q.htm"
    },
    {
        "date": "2007-06-30",
        "symbol": "SLB",
        "reportedCurrency": "USD",
        "cik": "0000087347",
        "fillingDate": "2007-07-25",
        "acceptedDate": "2007-07-25 12:14:47",
        "calendarYear": "2007",
        "period": "Q2",
        "revenue": 5638762000,
        "costOfRevenue": 3736871000,
        "grossProfit": 1901891000,
        "grossProfitRatio": 0.3372887524,
        "researchAndDevelopmentExpenses": 174679000,
        "generalAndAdministrativeExpenses": 139064000,
        "sellingAndMarketingExpenses": 0,
        "sellingGeneralAndAdministrativeExpenses": 139064000,
        "otherExpenses": 0,
        "operatingExpenses": 313743000,
        "costAndExpenses": 4050614000,
        "interestIncome": 0,
        "interestExpense": 0,
        "depreciationAndAmortization": 460932000,
        "ebitda": 2049080000,
        "ebitdaratio": 0.3633918225,
        "operatingIncome": 1588148000,
        "operatingIncomeRatio": 0.2816483476,
        "totalOtherIncomeExpensesNet": -329669000,
        "incomeBeforeTax": 1619362000,
        "incomeBeforeTaxRatio": 0.2871839599,
        "incomeTaxExpense": 360883000,
        "netIncome": 1258479000,
        "netIncomeRatio": 0.2231835641,
        "eps": 1.06,
        "epsdiluted": 1.02,
        "weightedAverageShsOut": 1184243000,
        "weightedAverageShsOutDil": 1240911000,
        "link": "https://www.sec.gov/Archives/edgar/data/87347/000119312507161451/0001193125-07-161451-index.htm",
        "finalLink": "https://www.sec.gov/Archives/edgar/data/87347/000119312507161451/d10q.htm"
    },
    {
        "date": "2007-03-31",
        "symbol": "SLB",
        "reportedCurrency": "USD",
        "cik": "0000087347",
        "fillingDate": "2007-04-25",
        "acceptedDate": "2007-04-25 11:31:07",
        "calendarYear": "2007",
        "period": "Q1",
        "revenue": 5464405000,
        "costOfRevenue": 3617424000,
        "grossProfit": 1846981000,
        "grossProfitRatio": 0.3380022162,
        "researchAndDevelopmentExpenses": 167098000,
        "generalAndAdministrativeExpenses": 140853000,
        "sellingAndMarketingExpenses": 0,
        "sellingGeneralAndAdministrativeExpenses": 140853000,
        "otherExpenses": 0,
        "operatingExpenses": 307951000,
        "costAndExpenses": 3925375000,
        "interestIncome": 0,
        "interestExpense": 0,
        "depreciationAndAmortization": 440977000,
        "ebitda": 1980007000,
        "ebitdaratio": 0.3623463122,
        "operatingIncome": 1539030000,
        "operatingIncomeRatio": 0.2816464007,
        "totalOtherIncomeExpensesNet": -358203000,
        "incomeBeforeTax": 1554506000,
        "incomeBeforeTaxRatio": 0.284478548,
        "incomeTaxExpense": 373679000,
        "netIncome": 1180827000,
        "netIncomeRatio": 0.2160943415,
        "eps": 1,
        "epsdiluted": 0.96,
        "weightedAverageShsOut": 1178453000,
        "weightedAverageShsOutDil": 1236491000,
        "link": "https://www.sec.gov/Archives/edgar/data/87347/000119312507089761/0001193125-07-089761-index.htm",
        "finalLink": "https://www.sec.gov/Archives/edgar/data/87347/000119312507089761/d10q.htm"
    },
    {
        "date": "2006-12-31",
        "symbol": "SLB",
        "reportedCurrency": "USD",
        "cik": "0000087347",
        "fillingDate": "2007-02-16",
        "acceptedDate": "2007-02-16 10:23:34",
        "calendarYear": "2006",
        "period": "Q4",
        "revenue": 5349868000,
        "costOfRevenue": 3585393000,
        "grossProfit": 1764475000,
        "grossProfitRatio": 0.3298165487,
        "researchAndDevelopmentExpenses": 169482000,
        "generalAndAdministrativeExpenses": 150950000,
        "sellingAndMarketingExpenses": 0,
        "sellingGeneralAndAdministrativeExpenses": 150950000,
        "otherExpenses": 0,
        "operatingExpenses": 320432000,
        "costAndExpenses": 3905825000,
        "interestIncome": 0,
        "interestExpense": 0,
        "depreciationAndAmortization": 439000000,
        "ebitda": 1883043000,
        "ebitdaratio": 0.3519793386,
        "operatingIncome": 1444043000,
        "operatingIncomeRatio": 0.2699212392,
        "totalOtherIncomeExpensesNet": 23635000,
        "incomeBeforeTax": 1467678000,
        "incomeBeforeTaxRatio": 0.2743391052,
        "incomeTaxExpense": 337064000,
        "netIncome": 1130616000,
        "netIncomeRatio": 0.2113353077,
        "eps": 0.96,
        "epsdiluted": 0.96,
        "weightedAverageShsOut": 1178347000,
        "weightedAverageShsOutDil": 1178453000,
        "link": "https://www.sec.gov/Archives/edgar/data/87347/000119312507033647/0001193125-07-033647-index.htm",
        "finalLink": "https://www.sec.gov/Archives/edgar/data/87347/000119312507033647/d10k.htm"
    },
    {
        "date": "2006-09-30",
        "symbol": "SLB",
        "reportedCurrency": "USD",
        "cik": "0000087347",
        "fillingDate": "2006-10-25",
        "acceptedDate": "2006-10-25 15:57:27",
        "calendarYear": "2006",
        "period": "Q3",
        "revenue": 4954818000,
        "costOfRevenue": 3369573000,
        "grossProfit": 1585245000,
        "grossProfitRatio": 0.3199401068,
        "researchAndDevelopmentExpenses": 149538000,
        "generalAndAdministrativeExpenses": 126790000,
        "sellingAndMarketingExpenses": 0,
        "sellingGeneralAndAdministrativeExpenses": 126790000,
        "otherExpenses": 0,
        "operatingExpenses": 276328000,
        "costAndExpenses": 3645901000,
        "interestIncome": 0,
        "interestExpense": 0,
        "depreciationAndAmortization": 392765000,
        "ebitda": 1701682000,
        "ebitdaratio": 0.34343986,
        "operatingIncome": 1308917000,
        "operatingIncomeRatio": 0.2641705508,
        "totalOtherIncomeExpensesNet": 8348000,
        "incomeBeforeTax": 1317265000,
        "incomeBeforeTaxRatio": 0.2658553755,
        "incomeTaxExpense": 317434000,
        "netIncome": 999824000,
        "netIncomeRatio": 0.2017882392,
        "eps": 0.84,
        "epsdiluted": 0.81,
        "weightedAverageShsOut": 1183683000,
        "weightedAverageShsOutDil": 1243966000,
        "link": "https://www.sec.gov/Archives/edgar/data/87347/000119312506214682/0001193125-06-214682-index.htm",
        "finalLink": "https://www.sec.gov/Archives/edgar/data/87347/000119312506214682/d10q.htm"
    },
    {
        "date": "2006-06-30",
        "symbol": "SLB",
        "reportedCurrency": "USD",
        "cik": "0000087347",
        "fillingDate": "2006-07-27",
        "acceptedDate": "2006-07-26 17:37:43",
        "calendarYear": "2006",
        "period": "Q2",
        "revenue": 4686775000,
        "costOfRevenue": 3255264000,
        "grossProfit": 1431511000,
        "grossProfitRatio": 0.3054362541,
        "researchAndDevelopmentExpenses": 170890000,
        "generalAndAdministrativeExpenses": 121650000,
        "sellingAndMarketingExpenses": 0,
        "sellingGeneralAndAdministrativeExpenses": 121650000,
        "otherExpenses": 0,
        "operatingExpenses": 292540000,
        "costAndExpenses": 3547804000,
        "interestIncome": 0,
        "interestExpense": 0,
        "depreciationAndAmortization": 375042000,
        "ebitda": 1514013000,
        "ebitdaratio": 0.3230394034,
        "operatingIncome": 1138971000,
        "operatingIncomeRatio": 0.2430180668,
        "totalOtherIncomeExpensesNet": 2169000,
        "incomeBeforeTax": 1141140000,
        "incomeBeforeTaxRatio": 0.2434808584,
        "incomeTaxExpense": 278419000,
        "netIncome": 856900000,
        "netIncomeRatio": 0.1828336116,
        "eps": 0.72,
        "epsdiluted": 0.69,
        "weightedAverageShsOut": 1184357000,
        "weightedAverageShsOutDil": 1246077000,
        "link": "https://www.sec.gov/Archives/edgar/data/87347/000119312506153883/0001193125-06-153883-index.htm",
        "finalLink": "https://www.sec.gov/Archives/edgar/data/87347/000119312506153883/d10q.htm"
    },
    {
        "date": "2006-03-31",
        "symbol": "SLB",
        "reportedCurrency": "USD",
        "cik": "0000087347",
        "fillingDate": "2006-04-27",
        "acceptedDate": "2006-04-26 18:42:36",
        "calendarYear": "2006",
        "period": "Q1",
        "revenue": 4239017000,
        "costOfRevenue": 2994794000,
        "grossProfit": 1244223000,
        "grossProfitRatio": 0.2935168696,
        "researchAndDevelopmentExpenses": 129406000,
        "generalAndAdministrativeExpenses": 110390000,
        "sellingAndMarketingExpenses": 0,
        "sellingGeneralAndAdministrativeExpenses": 110390000,
        "otherExpenses": 0,
        "operatingExpenses": 239796000,
        "costAndExpenses": 3234590000,
        "interestIncome": 0,
        "interestExpense": 0,
        "depreciationAndAmortization": 354603000,
        "ebitda": 1359030000,
        "ebitdaratio": 0.3206002712,
        "operatingIncome": 1004427000,
        "operatingIncomeRatio": 0.2369480943,
        "totalOtherIncomeExpensesNet": 17648000,
        "incomeBeforeTax": 1022075000,
        "incomeBeforeTaxRatio": 0.2411113237,
        "incomeTaxExpense": 256651000,
        "netIncome": 722511000,
        "netIncomeRatio": 0.1704430532,
        "eps": 0.61,
        "epsdiluted": 0.59,
        "weightedAverageShsOut": 1180344000,
        "weightedAverageShsOutDil": 1240694000,
        "link": "https://www.sec.gov/Archives/edgar/data/87347/000119312506089666/0001193125-06-089666-index.htm",
        "finalLink": "https://www.sec.gov/Archives/edgar/data/87347/000119312506089666/d10q.htm"
    },
    {
        "date": "2005-12-31",
        "symbol": "SLB",
        "reportedCurrency": "USD",
        "cik": "0000087347",
        "fillingDate": "2006-02-24",
        "acceptedDate": "2006-02-23 18:04:09",
        "calendarYear": "2005",
        "period": "Q4",
        "revenue": 3708472000,
        "costOfRevenue": 2911600000,
        "grossProfit": 796872000,
        "grossProfitRatio": 0.2148787964,
        "researchAndDevelopmentExpenses": 134392000,
        "generalAndAdministrativeExpenses": 119269000,
        "sellingAndMarketingExpenses": 0,
        "sellingGeneralAndAdministrativeExpenses": 119269000,
        "otherExpenses": 0,
        "operatingExpenses": 253661000,
        "costAndExpenses": 3165261000,
        "interestIncome": 0,
        "interestExpense": 0,
        "depreciationAndAmortization": 358881000,
        "ebitda": 902092000,
        "ebitdaratio": 0.2432516681,
        "operatingIncome": 543211000,
        "operatingIncomeRatio": 0.1464783879,
        "totalOtherIncomeExpensesNet": 358315000,
        "incomeBeforeTax": 901526000,
        "incomeBeforeTaxRatio": 0.2430990446,
        "incomeTaxExpense": 207155000,
        "netIncome": 660554000,
        "netIncomeRatio": 0.1781202609,
        "eps": 0.56,
        "epsdiluted": 0.56,
        "weightedAverageShsOut": 1178516000,
        "weightedAverageShsOutDil": 1180344000,
        "link": "https://www.sec.gov/Archives/edgar/data/87347/000119312506037849/0001193125-06-037849-index.htm",
        "finalLink": "https://www.sec.gov/Archives/edgar/data/87347/000119312506037849/d10k.htm"
    },
    {
        "date": "2005-09-30",
        "symbol": "SLB",
        "reportedCurrency": "USD",
        "cik": "0000087347",
        "fillingDate": "2005-10-27",
        "acceptedDate": "2005-10-27 13:10:54",
        "calendarYear": "2005",
        "period": "Q3",
        "revenue": 3778194000,
        "costOfRevenue": 2757310000,
        "grossProfit": 1020884000,
        "grossProfitRatio": 0.2702042299,
        "researchAndDevelopmentExpenses": 128266000,
        "generalAndAdministrativeExpenses": 101678000,
        "sellingAndMarketingExpenses": 0,
        "sellingGeneralAndAdministrativeExpenses": 101678000,
        "otherExpenses": 0,
        "operatingExpenses": 229944000,
        "costAndExpenses": 2987254000,
        "interestIncome": 0,
        "interestExpense": 0,
        "depreciationAndAmortization": 337107000,
        "ebitda": 1128047000,
        "ebitdaratio": 0.2985677813,
        "operatingIncome": 790940000,
        "operatingIncomeRatio": 0.2093434059,
        "totalOtherIncomeExpensesNet": -50637000,
        "incomeBeforeTax": 740303000,
        "incomeBeforeTaxRatio": 0.1959409707,
        "incomeTaxExpense": 174953000,
        "netIncome": 540803000,
        "netIncomeRatio": 0.1431379649,
        "eps": 0.46,
        "epsdiluted": 0.44,
        "weightedAverageShsOut": 1179640000,
        "weightedAverageShsOutDil": 1231846000,
        "link": "https://www.sec.gov/Archives/edgar/data/87347/000119312505209759/0001193125-05-209759-index.htm",
        "finalLink": "https://www.sec.gov/Archives/edgar/data/87347/000119312505209759/d10q.htm"
    },
    {
        "date": "2005-06-30",
        "symbol": "SLB",
        "reportedCurrency": "USD",
        "cik": "0000087347",
        "fillingDate": "2005-07-28",
        "acceptedDate": "2005-07-28 09:56:21",
        "calendarYear": "2005",
        "period": "Q2",
        "revenue": 3428632000,
        "costOfRevenue": 2546684000,
        "grossProfit": 881948000,
        "grossProfitRatio": 0.2572302889,
        "researchAndDevelopmentExpenses": 121635000,
        "generalAndAdministrativeExpenses": 105461000,
        "sellingAndMarketingExpenses": 0,
        "sellingGeneralAndAdministrativeExpenses": 105461000,
        "otherExpenses": 0,
        "operatingExpenses": 227096000,
        "costAndExpenses": 2773780000,
        "interestIncome": 0,
        "interestExpense": 0,
        "depreciationAndAmortization": 326516000,
        "ebitda": 981368000,
        "ebitdaratio": 0.2862272767,
        "operatingIncome": 654852000,
        "operatingIncomeRatio": 0.1909951258,
        "totalOtherIncomeExpensesNet": -4217000,
        "incomeBeforeTax": 650635000,
        "incomeBeforeTaxRatio": 0.1897651891,
        "incomeTaxExpense": 162123000,
        "netIncome": 482201000,
        "netIncomeRatio": 0.1406394737,
        "eps": 0.41,
        "epsdiluted": 0.4,
        "weightedAverageShsOut": 1177482000,
        "weightedAverageShsOutDil": 1225964000,
        "link": "https://www.sec.gov/Archives/edgar/data/87347/000119312505150808/0001193125-05-150808-index.htm",
        "finalLink": "https://www.sec.gov/Archives/edgar/data/87347/000119312505150808/d10q.htm"
    },
    {
        "date": "2005-03-31",
        "symbol": "SLB",
        "reportedCurrency": "USD",
        "cik": "0000087347",
        "fillingDate": "2005-04-28",
        "acceptedDate": "2005-04-28 12:13:30",
        "calendarYear": "2005",
        "period": "Q1",
        "revenue": 3347664000,
        "costOfRevenue": 2405132000,
        "grossProfit": 942532000,
        "grossProfitRatio": 0.2815491638,
        "researchAndDevelopmentExpenses": 121220000,
        "generalAndAdministrativeExpenses": 95484000,
        "sellingAndMarketingExpenses": 0,
        "sellingGeneralAndAdministrativeExpenses": 95484000,
        "otherExpenses": 0,
        "operatingExpenses": 216704000,
        "costAndExpenses": 2621836000,
        "interestIncome": 0,
        "interestExpense": 0,
        "depreciationAndAmortization": 328465000,
        "ebitda": 1054293000,
        "ebitdaratio": 0.314933936,
        "operatingIncome": 725828000,
        "operatingIncomeRatio": 0.2168162635,
        "totalOtherIncomeExpensesNet": -46562000,
        "incomeBeforeTax": 679266000,
        "incomeBeforeTaxRatio": 0.2029074602,
        "incomeTaxExpense": 137696000,
        "netIncome": 523409000,
        "netIncomeRatio": 0.1563505179,
        "eps": 0.44,
        "epsdiluted": 0.43,
        "weightedAverageShsOut": 1178666000,
        "weightedAverageShsOutDil": 1227530000,
        "link": "https://www.sec.gov/Archives/edgar/data/87347/000119312505088014/0001193125-05-088014-index.htm",
        "finalLink": "https://www.sec.gov/Archives/edgar/data/87347/000119312505088014/d10q.htm"
    },
    {
        "date": "2004-12-31",
        "symbol": "SLB",
        "reportedCurrency": "USD",
        "cik": "0000087347",
        "fillingDate": "2005-03-04",
        "acceptedDate": "2005-03-03 21:18:24",
        "calendarYear": "2004",
        "period": "Q4",
        "revenue": 2914593000,
        "costOfRevenue": 2328277000,
        "grossProfit": 586316000,
        "grossProfitRatio": 0.2011656516,
        "researchAndDevelopmentExpenses": 108130000,
        "generalAndAdministrativeExpenses": 105115000,
        "sellingAndMarketingExpenses": 0,
        "sellingGeneralAndAdministrativeExpenses": 105115000,
        "otherExpenses": 0,
        "operatingExpenses": 213245000,
        "costAndExpenses": 2541522000,
        "interestIncome": 0,
        "interestExpense": 201000000,
        "depreciationAndAmortization": 329369000,
        "ebitda": 702440000,
        "ebitdaratio": 0.2410079212,
        "operatingIncome": 373071000,
        "operatingIncomeRatio": 0.1280010622,
        "totalOtherIncomeExpensesNet": 83910000,
        "incomeBeforeTax": 456981000,
        "incomeBeforeTaxRatio": 0.1567906737,
        "incomeTaxExpense": 74696000,
        "netIncome": 329772000,
        "netIncomeRatio": 0.1131451287,
        "eps": 0.28,
        "epsdiluted": 0.28,
        "weightedAverageShsOut": 1177596000,
        "weightedAverageShsOutDil": 1178666000,
        "link": "https://www.sec.gov/Archives/edgar/data/87347/000119312505041937/0001193125-05-041937-index.htm",
        "finalLink": "https://www.sec.gov/Archives/edgar/data/87347/000119312505041937/d10k.htm"
    },
    {
        "date": "2004-09-30",
        "symbol": "SLB",
        "reportedCurrency": "USD",
        "cik": "0000087347",
        "fillingDate": "2004-11-04",
        "acceptedDate": "2004-11-04 12:33:23",
        "calendarYear": "2004",
        "period": "Q3",
        "revenue": 2966370000,
        "costOfRevenue": 2324497000,
        "grossProfit": 641873000,
        "grossProfitRatio": 0.2163833237,
        "researchAndDevelopmentExpenses": 121271000,
        "generalAndAdministrativeExpenses": 96700000,
        "sellingAndMarketingExpenses": 0,
        "sellingGeneralAndAdministrativeExpenses": 96700000,
        "otherExpenses": 0,
        "operatingExpenses": 217971000,
        "costAndExpenses": 2542468000,
        "interestIncome": 0,
        "interestExpense": 0,
        "depreciationAndAmortization": 326115000,
        "ebitda": 750017000,
        "ebitdaratio": 0.2528400031,
        "operatingIncome": 423902000,
        "operatingIncomeRatio": 0.1429026049,
        "totalOtherIncomeExpensesNet": -43706000,
        "incomeBeforeTax": 380196000,
        "incomeBeforeTaxRatio": 0.1281687719,
        "incomeTaxExpense": 75442000,
        "netIncome": 318205000,
        "netIncomeRatio": 0.1072708394,
        "eps": 0.27,
        "epsdiluted": 0.27,
        "weightedAverageShsOut": 1179872000,
        "weightedAverageShsOutDil": 1227574000,
        "link": "https://www.sec.gov/Archives/edgar/data/87347/000119312504185976/0001193125-04-185976-index.htm",
        "finalLink": "https://www.sec.gov/Archives/edgar/data/87347/000119312504185976/d10q.htm"
    },
    {
        "date": "2004-06-30",
        "symbol": "SLB",
        "reportedCurrency": "USD",
        "cik": "0000087347",
        "fillingDate": "2004-08-03",
        "acceptedDate": "2004-08-03 09:29:25",
        "calendarYear": "2004",
        "period": "Q2",
        "revenue": 2881375000,
        "costOfRevenue": 2250532000,
        "grossProfit": 630843000,
        "grossProfitRatio": 0.2189381806,
        "researchAndDevelopmentExpenses": 125381000,
        "generalAndAdministrativeExpenses": 93745000,
        "sellingAndMarketingExpenses": 0,
        "sellingGeneralAndAdministrativeExpenses": 93745000,
        "otherExpenses": 0,
        "operatingExpenses": 219126000,
        "costAndExpenses": 2469658000,
        "interestIncome": 0,
        "interestExpense": 0,
        "depreciationAndAmortization": 304849000,
        "ebitda": 707599000,
        "ebitdaratio": 0.2455768513,
        "operatingIncome": 411717000,
        "operatingIncomeRatio": 0.1428890721,
        "totalOtherIncomeExpensesNet": -51767000,
        "incomeBeforeTax": 333124000,
        "incomeBeforeTaxRatio": 0.1156128584,
        "incomeTaxExpense": 76363000,
        "netIncome": 355607000,
        "netIncomeRatio": 0.1234157303,
        "eps": 0.3,
        "epsdiluted": 0.3,
        "weightedAverageShsOut": 1179766000,
        "weightedAverageShsOutDil": 1226760000,
        "link": "https://www.sec.gov/Archives/edgar/data/87347/000119312504129785/0001193125-04-129785-index.htm",
        "finalLink": "https://www.sec.gov/Archives/edgar/data/87347/000119312504129785/d10q.htm"
    },
    {
        "date": "2004-03-31",
        "symbol": "SLB",
        "reportedCurrency": "USD",
        "cik": "0000087347",
        "fillingDate": "2004-05-07",
        "acceptedDate": "2004-05-07 11:04:04",
        "calendarYear": "2004",
        "period": "Q1",
        "revenue": 3041217000,
        "costOfRevenue": 2364108000,
        "grossProfit": 677109000,
        "grossProfitRatio": 0.2226440928,
        "researchAndDevelopmentExpenses": 130141000,
        "generalAndAdministrativeExpenses": 140616000,
        "sellingAndMarketingExpenses": 0,
        "sellingGeneralAndAdministrativeExpenses": 140616000,
        "otherExpenses": 0,
        "operatingExpenses": 270757000,
        "costAndExpenses": 2634865000,
        "interestIncome": 0,
        "interestExpense": 0,
        "depreciationAndAmortization": 347598000,
        "ebitda": 707399000,
        "ebitdaratio": 0.2326039214,
        "operatingIncome": 406352000,
        "operatingIncomeRatio": 0.1336149311,
        "totalOtherIncomeExpensesNet": -220255000,
        "incomeBeforeTax": 186097000,
        "incomeBeforeTaxRatio": 0.0611916216,
        "incomeTaxExpense": 56276000,
        "netIncome": 220286000,
        "netIncomeRatio": 0.0724335028,
        "eps": 0.19,
        "epsdiluted": 0.19,
        "weightedAverageShsOut": 1175476000,
        "weightedAverageShsOutDil": 1185510000,
        "link": "https://www.sec.gov/Archives/edgar/data/87347/000119312504081564/0001193125-04-081564-index.htm",
        "finalLink": "https://www.sec.gov/Archives/edgar/data/87347/000119312504081564/d10q.htm"
    },
    {
        "date": "2003-12-31",
        "symbol": "SLB",
        "reportedCurrency": "USD",
        "cik": "0000087347",
        "fillingDate": "2004-03-03",
        "acceptedDate": "2004-03-03 17:05:04",
        "calendarYear": "2003",
        "period": "Q4",
        "revenue": 3650841000,
        "costOfRevenue": 2874105000,
        "grossProfit": 776736000,
        "grossProfitRatio": 0.2127553624,
        "researchAndDevelopmentExpenses": 100927000,
        "generalAndAdministrativeExpenses": 242138000,
        "sellingAndMarketingExpenses": 0,
        "sellingGeneralAndAdministrativeExpenses": 242138000,
        "otherExpenses": 0,
        "operatingExpenses": 343065000,
        "costAndExpenses": 3217170000,
        "interestIncome": 0,
        "interestExpense": 0,
        "depreciationAndAmortization": 358884000,
        "ebitda": 792555000,
        "ebitdaratio": 0.2170883366,
        "operatingIncome": 433671000,
        "operatingIncomeRatio": 0.1187866029,
        "totalOtherIncomeExpensesNet": -191046000,
        "incomeBeforeTax": 242625000,
        "incomeBeforeTaxRatio": 0.0664572903,
        "incomeTaxExpense": 119262000,
        "netIncome": 177041000,
        "netIncomeRatio": 0.0484932102,
        "eps": 0.15,
        "epsdiluted": 0.15,
        "weightedAverageShsOut": 1171504000,
        "weightedAverageShsOutDil": 1175476000,
        "link": "https://www.sec.gov/Archives/edgar/data/87347/000119312504033890/0001193125-04-033890-index.htm",
        "finalLink": "https://www.sec.gov/Archives/edgar/data/87347/000119312504033890/d10k.htm"
    },
    {
        "date": "2003-09-30",
        "symbol": "SLB",
        "reportedCurrency": "USD",
        "cik": "0000087347",
        "fillingDate": "2003-11-06",
        "acceptedDate": "2003-11-06 12:12:24",
        "calendarYear": "2003",
        "period": "Q3",
        "revenue": 3537646000,
        "costOfRevenue": 3164248000,
        "grossProfit": 373398000,
        "grossProfitRatio": 0.1055498487,
        "researchAndDevelopmentExpenses": 156195000,
        "generalAndAdministrativeExpenses": 262530000,
        "sellingAndMarketingExpenses": 0,
        "sellingGeneralAndAdministrativeExpenses": 262530000,
        "otherExpenses": 0,
        "operatingExpenses": 418725000,
        "costAndExpenses": 3582973000,
        "interestIncome": 0,
        "interestExpense": 0,
        "depreciationAndAmortization": 410849000,
        "ebitda": 365522000,
        "ebitdaratio": 0.1033235095,
        "operatingIncome": -45327000,
        "operatingIncomeRatio": -0.0128127574,
        "totalOtherIncomeExpensesNet": -9996000,
        "incomeBeforeTax": -207581000,
        "incomeBeforeTaxRatio": -0.0586777196,
        "incomeTaxExpense": -41378000,
        "netIncome": -55323000,
        "netIncomeRatio": -0.0156383652,
        "eps": -0.0473,
        "epsdiluted": -0.0473,
        "weightedAverageShsOut": 1170358000,
        "weightedAverageShsOutDil": 1170358000,
        "link": "https://www.sec.gov/Archives/edgar/data/87347/000119312503074115/0001193125-03-074115-index.htm",
        "finalLink": "https://www.sec.gov/Archives/edgar/data/87347/000119312503074115/d10q.htm"
    },
    {
        "date": "2003-06-30",
        "symbol": "SLB",
        "reportedCurrency": "USD",
        "cik": "0000087347",
        "fillingDate": "2003-08-05",
        "acceptedDate": "2003-08-05 12:40:01",
        "calendarYear": "2003",
        "period": "Q2",
        "revenue": 3554741000,
        "costOfRevenue": 2772300000,
        "grossProfit": 782441000,
        "grossProfitRatio": 0.2201119575,
        "researchAndDevelopmentExpenses": 149051000,
        "generalAndAdministrativeExpenses": 258149000,
        "sellingAndMarketingExpenses": 0,
        "sellingGeneralAndAdministrativeExpenses": 258149000,
        "otherExpenses": 0,
        "operatingExpenses": 407200000,
        "costAndExpenses": 3179500000,
        "interestIncome": 0,
        "interestExpense": 0,
        "depreciationAndAmortization": 414606000,
        "ebitda": 829373000,
        "ebitdaratio": 0.2333146072,
        "operatingIncome": 375241000,
        "operatingIncomeRatio": 0.1055607145,
        "totalOtherIncomeExpensesNet": -171103000,
        "incomeBeforeTax": 204138000,
        "incomeBeforeTaxRatio": 0.0574269687,
        "incomeTaxExpense": 61783000,
        "netIncome": 112122000,
        "netIncomeRatio": 0.0315415385,
        "eps": 0.095,
        "epsdiluted": 0.095,
        "weightedAverageShsOut": 1164950000,
        "weightedAverageShsOutDil": 1178048000,
        "link": "https://www.sec.gov/Archives/edgar/data/87347/000119312503029031/0001193125-03-029031-index.htm",
        "finalLink": "https://www.sec.gov/Archives/edgar/data/87347/000119312503029031/d10q.htm"
    },
    {
        "date": "2003-03-31",
        "symbol": "SLB",
        "reportedCurrency": "USD",
        "cik": "0000087347",
        "fillingDate": "2003-05-08",
        "acceptedDate": "2003-05-07 21:41:48",
        "calendarYear": "2003",
        "period": "Q1",
        "revenue": 3373002000,
        "costOfRevenue": 2650073000,
        "grossProfit": 722929000,
        "grossProfitRatio": 0.2143280674,
        "researchAndDevelopmentExpenses": 162362000,
        "generalAndAdministrativeExpenses": 253793000,
        "sellingAndMarketingExpenses": 0,
        "sellingGeneralAndAdministrativeExpenses": 253793000,
        "otherExpenses": 0,
        "operatingExpenses": 416155000,
        "costAndExpenses": 3066228000,
        "interestIncome": 0,
        "interestExpense": 0,
        "depreciationAndAmortization": 386512000,
        "ebitda": 693286000,
        "ebitdaratio": 0.2055397536,
        "operatingIncome": 306774000,
        "operatingIncomeRatio": 0.0909498423,
        "totalOtherIncomeExpensesNet": -92863000,
        "incomeBeforeTax": 218160000,
        "incomeBeforeTaxRatio": 0.0646782895,
        "incomeTaxExpense": 68998000,
        "netIncome": 149162000,
        "netIncomeRatio": 0.0442223278,
        "eps": 0.13,
        "epsdiluted": 0.13,
        "weightedAverageShsOut": 1164418000,
        "weightedAverageShsOutDil": 1167962000,
        "link": "https://www.sec.gov/Archives/edgar/data/87347/000119312503003786/0001193125-03-003786-index.htm",
        "finalLink": "https://www.sec.gov/Archives/edgar/data/87347/000119312503003786/d10q.htm"
    },
    {
        "date": "2002-12-31",
        "symbol": "SLB",
        "reportedCurrency": "USD",
        "cik": "0000087347",
        "fillingDate": "2003-02-27",
        "acceptedDate": "2003-02-27 17:26:22",
        "calendarYear": "2002",
        "period": "Q4",
        "revenue": 3300513000,
        "costOfRevenue": 5743021000,
        "grossProfit": -2442508000,
        "grossProfitRatio": -0.740038897,
        "researchAndDevelopmentExpenses": 157317000,
        "generalAndAdministrativeExpenses": 278458000,
        "sellingAndMarketingExpenses": 0,
        "sellingGeneralAndAdministrativeExpenses": 278458000,
        "otherExpenses": 0,
        "operatingExpenses": 435775000,
        "costAndExpenses": 6178796000,
        "interestIncome": 0,
        "interestExpense": 364000000,
        "depreciationAndAmortization": 382992000,
        "ebitda": -2495291000,
        "ebitdaratio": -0.7560312594,
        "operatingIncome": -2878283000,
        "operatingIncomeRatio": -0.8720714022,
        "totalOtherIncomeExpensesNet": 392605000,
        "incomeBeforeTax": -2969352000,
        "incomeBeforeTaxRatio": -0.8996637795,
        "incomeTaxExpense": 83849000,
        "netIncome": -2861339000,
        "netIncomeRatio": -0.8669376548,
        "eps": -2.46,
        "epsdiluted": -2.46,
        "weightedAverageShsOut": 1161638000,
        "weightedAverageShsOutDil": 1164418000,
        "link": "https://www.sec.gov/Archives/edgar/data/87347/000095013003001530/0000950130-03-001530-index.htm",
        "finalLink": "https://www.sec.gov/Archives/edgar/data/87347/000095013003001530/d10k.htm"
    },
    {
        "date": "2002-09-30",
        "symbol": "SLB",
        "reportedCurrency": "USD",
        "cik": "0000087347",
        "fillingDate": "2002-11-01",
        "acceptedDate": "2002-11-01 16:46:54",
        "calendarYear": "2002",
        "period": "Q3",
        "revenue": 3542287000,
        "costOfRevenue": 2778651000,
        "grossProfit": 763636000,
        "grossProfitRatio": 0.2155771116,
        "researchAndDevelopmentExpenses": 166232000,
        "generalAndAdministrativeExpenses": 271589000,
        "sellingAndMarketingExpenses": 0,
        "sellingGeneralAndAdministrativeExpenses": 271589000,
        "otherExpenses": 0,
        "operatingExpenses": 437821000,
        "costAndExpenses": 3216472000,
        "interestIncome": 0,
        "interestExpense": 0,
        "depreciationAndAmortization": 406711000,
        "ebitda": 732526000,
        "ebitdaratio": 0.2067946499,
        "operatingIncome": 325815000,
        "operatingIncomeRatio": 0.0919787132,
        "totalOtherIncomeExpensesNet": -98238000,
        "incomeBeforeTax": 227577000,
        "incomeBeforeTaxRatio": 0.0642457825,
        "incomeTaxExpense": 60843000,
        "netIncome": 172837000,
        "netIncomeRatio": 0.0487924891,
        "eps": 0.15,
        "epsdiluted": 0.15,
        "weightedAverageShsOut": 1159264000,
        "weightedAverageShsOutDil": 1163712000,
        "link": "https://www.sec.gov/Archives/edgar/data/87347/000095013002007430/0000950130-02-007430-index.htm",
        "finalLink": "https://www.sec.gov/Archives/edgar/data/87347/000095013002007430/d10q.htm"
    },
    {
        "date": "2002-06-30",
        "symbol": "SLB",
        "reportedCurrency": "USD",
        "cik": "0000087347",
        "fillingDate": "2002-08-08",
        "acceptedDate": "2002-08-08 15:06:51",
        "calendarYear": "2002",
        "period": "Q2",
        "revenue": 3388561000,
        "costOfRevenue": 2637495000,
        "grossProfit": 751066000,
        "grossProfitRatio": 0.2216474781,
        "researchAndDevelopmentExpenses": 165798000,
        "generalAndAdministrativeExpenses": 258691000,
        "sellingAndMarketingExpenses": 0,
        "sellingGeneralAndAdministrativeExpenses": 258691000,
        "otherExpenses": 0,
        "operatingExpenses": 424489000,
        "costAndExpenses": 3061984000,
        "interestIncome": 0,
        "interestExpense": 0,
        "depreciationAndAmortization": 392140000,
        "ebitda": 718717000,
        "ebitdaratio": 0.2121009479,
        "operatingIncome": 326577000,
        "operatingIncomeRatio": 0.0963763084,
        "totalOtherIncomeExpensesNet": -71156000,
        "incomeBeforeTax": 268340000,
        "incomeBeforeTaxRatio": 0.079189957,
        "incomeTaxExpense": 70247000,
        "netIncome": 196035000,
        "netIncomeRatio": 0.0578519909,
        "eps": 0.17,
        "epsdiluted": 0.17,
        "weightedAverageShsOut": 1154484000,
        "weightedAverageShsOutDil": 1162890000,
        "link": "https://www.sec.gov/Archives/edgar/data/87347/000095013002005630/0000950130-02-005630-index.htm",
        "finalLink": "https://www.sec.gov/Archives/edgar/data/87347/000095013002005630/d10q.htm"
    },
    {
        "date": "2002-03-31",
        "symbol": "SLB",
        "reportedCurrency": "USD",
        "cik": "0000087347",
        "fillingDate": "2002-05-02",
        "acceptedDate": "2002-05-02 16:29:52",
        "calendarYear": "2002",
        "period": "Q1",
        "revenue": 3309356000,
        "costOfRevenue": 2600090000,
        "grossProfit": 709266000,
        "grossProfitRatio": 0.2143214571,
        "researchAndDevelopmentExpenses": 160691000,
        "generalAndAdministrativeExpenses": 257010000,
        "sellingAndMarketingExpenses": 0,
        "sellingGeneralAndAdministrativeExpenses": 257010000,
        "otherExpenses": 0,
        "operatingExpenses": 417701000,
        "costAndExpenses": 3017791000,
        "interestIncome": 0,
        "interestExpense": 0,
        "depreciationAndAmortization": 363210000,
        "ebitda": 654775000,
        "ebitdaratio": 0.1978557157,
        "operatingIncome": 291565000,
        "operatingIncomeRatio": 0.0881032443,
        "totalOtherIncomeExpensesNet": -48416000,
        "incomeBeforeTax": 243149000,
        "incomeBeforeTaxRatio": 0.0734732075,
        "incomeTaxExpense": 64183000,
        "netIncome": 172472000,
        "netIncomeRatio": 0.0521164843,
        "eps": 0.15,
        "epsdiluted": 0.15,
        "weightedAverageShsOut": 1152612000,
        "weightedAverageShsOutDil": 1162208000,
        "link": "https://www.sec.gov/Archives/edgar/data/87347/000095013002003268/0000950130-02-003268-index.htm",
        "finalLink": "https://www.sec.gov/Archives/edgar/data/87347/000095013002003268/d10q.txt"
    },
    {
        "date": "2001-12-31",
        "symbol": "SLB",
        "reportedCurrency": "USD",
        "cik": "0000087347",
        "fillingDate": "2002-02-28",
        "acceptedDate": "2002-02-28 00:00:00",
        "calendarYear": "2001",
        "period": "Q4",
        "revenue": 3629448000,
        "costOfRevenue": 2662798000,
        "grossProfit": 966650000,
        "grossProfitRatio": 0.2663352664,
        "researchAndDevelopmentExpenses": 186165000,
        "generalAndAdministrativeExpenses": 277920000,
        "sellingAndMarketingExpenses": 0,
        "sellingGeneralAndAdministrativeExpenses": 277920000,
        "otherExpenses": 0,
        "operatingExpenses": 464085000,
        "costAndExpenses": 3126883000,
        "interestIncome": 0,
        "interestExpense": 0,
        "depreciationAndAmortization": 527811000,
        "ebitda": 1030376000,
        "ebitdaratio": 0.2838933083,
        "operatingIncome": 502565000,
        "operatingIncomeRatio": 0.1384687148,
        "totalOtherIncomeExpensesNet": -97619000,
        "incomeBeforeTax": 404946000,
        "incomeBeforeTaxRatio": 0.1115723383,
        "incomeTaxExpense": 219036000,
        "netIncome": 184966000,
        "netIncomeRatio": 0.0509625706,
        "eps": 0.16,
        "epsdiluted": 0.16,
        "weightedAverageShsOut": 1147686000,
        "weightedAverageShsOutDil": 1152612000,
        "link": "https://www.sec.gov/Archives/edgar/data/87347/000095013002001199/0000950130-02-001199-index.htm",
        "finalLink": "https://www.sec.gov/Archives/edgar/data/87347/000095013002001199/d10k405.txt"
    },
    {
        "date": "2001-09-30",
        "symbol": "SLB",
        "reportedCurrency": "USD",
        "cik": "0000087347",
        "fillingDate": "2001-11-01",
        "acceptedDate": "2001-11-01 00:00:00",
        "calendarYear": "2001",
        "period": "Q3",
        "revenue": 3665166000,
        "costOfRevenue": 2711686000,
        "grossProfit": 953480000,
        "grossProfitRatio": 0.2601464709,
        "researchAndDevelopmentExpenses": 174366000,
        "generalAndAdministrativeExpenses": 310113000,
        "sellingAndMarketingExpenses": 0,
        "sellingGeneralAndAdministrativeExpenses": 310113000,
        "otherExpenses": 0,
        "operatingExpenses": 484479000,
        "costAndExpenses": 3196165000,
        "interestIncome": 0,
        "interestExpense": 0,
        "depreciationAndAmortization": 464767000,
        "ebitda": 933768000,
        "ebitdaratio": 0.2547682697,
        "operatingIncome": 469001000,
        "operatingIncomeRatio": 0.1279617349,
        "totalOtherIncomeExpensesNet": -102319000,
        "incomeBeforeTax": 366682000,
        "incomeBeforeTaxRatio": 0.1000451276,
        "incomeTaxExpense": 157358000,
        "netIncome": 194648000,
        "netIncomeRatio": 0.0531075537,
        "eps": 0.17,
        "epsdiluted": 0.17,
        "weightedAverageShsOut": 1150038000,
        "weightedAverageShsOutDil": 1158944000,
        "link": "https://www.sec.gov/Archives/edgar/data/87347/000095013001505020/0000950130-01-505020-index.htm",
        "finalLink": "https://www.sec.gov/Archives/edgar/data/87347/000095013001505020/d10q.txt"
    },
    {
        "date": "2001-06-30",
        "symbol": "SLB",
        "reportedCurrency": "USD",
        "cik": "0000087347",
        "fillingDate": "2001-08-09",
        "acceptedDate": "2001-08-09 00:00:00",
        "calendarYear": "2001",
        "period": "Q2",
        "revenue": 3634599000,
        "costOfRevenue": 3072545000,
        "grossProfit": 562054000,
        "grossProfitRatio": 0.1546398929,
        "researchAndDevelopmentExpenses": 173209000,
        "generalAndAdministrativeExpenses": 334833000,
        "sellingAndMarketingExpenses": 0,
        "sellingGeneralAndAdministrativeExpenses": 334833000,
        "otherExpenses": 0,
        "operatingExpenses": 508042000,
        "costAndExpenses": 3580587000,
        "interestIncome": 0,
        "interestExpense": 0,
        "depreciationAndAmortization": 484515000,
        "ebitda": 538527000,
        "ebitdaratio": 0.1481668267,
        "operatingIncome": 54012000,
        "operatingIncomeRatio": 0.0148605114,
        "totalOtherIncomeExpensesNet": -49369000,
        "incomeBeforeTax": 4643000,
        "incomeBeforeTaxRatio": 0.0012774449,
        "incomeTaxExpense": 91090000,
        "netIncome": -93285000,
        "netIncomeRatio": -0.02566583,
        "eps": -0.0813,
        "epsdiluted": -0.0813,
        "weightedAverageShsOut": 1146902000,
        "weightedAverageShsOutDil": 1146902000,
        "link": "https://www.sec.gov/Archives/edgar/data/87347/000095013001503673/0000950130-01-503673-index.htm",
        "finalLink": "https://www.sec.gov/Archives/edgar/data/87347/000095013001503673/d10q.txt"
    },
    {
        "date": "2001-03-31",
        "symbol": "SLB",
        "reportedCurrency": "USD",
        "cik": "0000087347",
        "fillingDate": "2001-04-25",
        "acceptedDate": "2001-04-25 00:00:00",
        "calendarYear": "2001",
        "period": "Q1",
        "revenue": 2909434000,
        "costOfRevenue": 2194739000,
        "grossProfit": 714695000,
        "grossProfitRatio": 0.2456474352,
        "researchAndDevelopmentExpenses": 170596000,
        "generalAndAdministrativeExpenses": 208012000,
        "sellingAndMarketingExpenses": 0,
        "sellingGeneralAndAdministrativeExpenses": 208012000,
        "otherExpenses": 0,
        "operatingExpenses": 378608000,
        "costAndExpenses": 2573347000,
        "interestIncome": 0,
        "interestExpense": 0,
        "depreciationAndAmortization": 419026000,
        "ebitda": 755113000,
        "ebitdaratio": 0.2595394843,
        "operatingIncome": 336087000,
        "operatingIncomeRatio": 0.1155162825,
        "totalOtherIncomeExpensesNet": 13828000,
        "incomeBeforeTax": 349915000,
        "incomeBeforeTaxRatio": 0.120269097,
        "incomeTaxExpense": 107940000,
        "netIncome": 235888000,
        "netIncomeRatio": 0.081076938,
        "eps": 0.21,
        "epsdiluted": 0.21,
        "weightedAverageShsOut": 1146120000,
        "weightedAverageShsOutDil": 1162824000,
        "link": "https://www.sec.gov/Archives/edgar/data/87347/000095013001500888/0000950130-01-500888-index.htm",
        "finalLink": "https://www.sec.gov/Archives/edgar/data/87347/000095013001500888/d10q.txt"
    },
    {
        "date": "2000-12-31",
        "symbol": "SLB",
        "reportedCurrency": "USD",
        "cik": "0000087347",
        "fillingDate": "2001-03-08",
        "acceptedDate": "2001-03-08 00:00:00",
        "calendarYear": "2000",
        "period": "Q4",
        "revenue": 2688482000,
        "costOfRevenue": 2089602000,
        "grossProfit": 598880000,
        "grossProfitRatio": 0.2227576751,
        "researchAndDevelopmentExpenses": 144638000,
        "generalAndAdministrativeExpenses": 234600000,
        "sellingAndMarketingExpenses": 0,
        "sellingGeneralAndAdministrativeExpenses": 234600000,
        "otherExpenses": 0,
        "operatingExpenses": 379238000,
        "costAndExpenses": 2468840000,
        "interestIncome": 0,
        "interestExpense": 0,
        "depreciationAndAmortization": 351601000,
        "ebitda": 571243000,
        "ebitdaratio": 0.2124778964,
        "operatingIncome": 219642000,
        "operatingIncomeRatio": 0.081697404,
        "totalOtherIncomeExpensesNet": 98772000,
        "incomeBeforeTax": 318414000,
        "incomeBeforeTaxRatio": 0.1184363518,
        "incomeTaxExpense": 82660000,
        "netIncome": 237917000,
        "netIncomeRatio": 0.0884949202,
        "eps": 0.21,
        "epsdiluted": 0.21,
        "weightedAverageShsOut": 1144938000,
        "weightedAverageShsOutDil": 1146120000,
        "link": "https://www.sec.gov/Archives/edgar/data/87347/000095013001001203/0000950130-01-001203-index.htm",
        "finalLink": "https://www.sec.gov/Archives/edgar/data/87347/000095013001001203/0000950130-01-001203-0001.txt"
    },
    {
        "date": "2000-09-30",
        "symbol": "SLB",
        "reportedCurrency": "USD",
        "cik": "0000087347",
        "fillingDate": "2000-11-13",
        "acceptedDate": "2000-11-13 00:00:00",
        "calendarYear": "2000",
        "period": "Q3",
        "revenue": 2447272000,
        "costOfRevenue": 1854181000,
        "grossProfit": 593091000,
        "grossProfitRatio": 0.242347806,
        "researchAndDevelopmentExpenses": 134278000,
        "generalAndAdministrativeExpenses": 219429000,
        "sellingAndMarketingExpenses": 0,
        "sellingGeneralAndAdministrativeExpenses": 219429000,
        "otherExpenses": 0,
        "operatingExpenses": 353707000,
        "costAndExpenses": 2207888000,
        "interestIncome": 0,
        "interestExpense": 0,
        "depreciationAndAmortization": 295260000,
        "ebitda": 534644000,
        "ebitdaratio": 0.2184652952,
        "operatingIncome": 239384000,
        "operatingIncomeRatio": 0.097816671,
        "totalOtherIncomeExpensesNet": 17188000,
        "incomeBeforeTax": 256572000,
        "incomeBeforeTaxRatio": 0.1048400014,
        "incomeTaxExpense": 51974000,
        "netIncome": 204598000,
        "netIncomeRatio": 0.0836024766,
        "eps": 0.18,
        "epsdiluted": 0.18,
        "weightedAverageShsOut": 1142702000,
        "weightedAverageShsOutDil": 1163474000,
        "link": "https://www.sec.gov/Archives/edgar/data/87347/000095013000005977/0000950130-00-005977-index.htm",
        "finalLink": "https://www.sec.gov/Archives/edgar/data/87347/000095013000005977/0000950130-00-005977-0001.txt"
    },
    {
        "date": "2000-06-30",
        "symbol": "SLB",
        "reportedCurrency": "USD",
        "cik": "0000087347",
        "fillingDate": "2000-08-11",
        "acceptedDate": "2000-08-11 00:00:00",
        "calendarYear": "2000",
        "period": "Q2",
        "revenue": 2338266000,
        "costOfRevenue": 1794136000,
        "grossProfit": 544130000,
        "grossProfitRatio": 0.2327066296,
        "researchAndDevelopmentExpenses": 130740000,
        "generalAndAdministrativeExpenses": 224443000,
        "sellingAndMarketingExpenses": 0,
        "sellingGeneralAndAdministrativeExpenses": 224443000,
        "otherExpenses": 0,
        "operatingExpenses": 355183000,
        "costAndExpenses": 2149319000,
        "interestIncome": 0,
        "interestExpense": 0,
        "depreciationAndAmortization": 369603000,
        "ebitda": 558550000,
        "ebitdaratio": 0.2388735927,
        "operatingIncome": 188947000,
        "operatingIncomeRatio": 0.0808064609,
        "totalOtherIncomeExpensesNet": 18200000,
        "incomeBeforeTax": 207147000,
        "incomeBeforeTaxRatio": 0.0885900064,
        "incomeTaxExpense": 51224000,
        "netIncome": 155923000,
        "netIncomeRatio": 0.0666831746,
        "eps": 0.14,
        "epsdiluted": 0.14,
        "weightedAverageShsOut": 1138586000,
        "weightedAverageShsOutDil": 1159414000,
        "link": "https://www.sec.gov/Archives/edgar/data/87347/000095013000004407/0000950130-00-004407-index.htm",
        "finalLink": "https://www.sec.gov/Archives/edgar/data/87347/000095013000004407/0000950130-00-004407-0001.txt"
    },
    {
        "date": "2000-03-31",
        "symbol": "SLB",
        "reportedCurrency": "USD",
        "cik": "0000087347",
        "fillingDate": "2000-05-12",
        "acceptedDate": "2000-05-12 00:00:00",
        "calendarYear": "2000",
        "period": "Q1",
        "revenue": 2137442000,
        "costOfRevenue": 1633623000,
        "grossProfit": 503819000,
        "grossProfitRatio": 0.2357111912,
        "researchAndDevelopmentExpenses": 131042000,
        "generalAndAdministrativeExpenses": 207243000,
        "sellingAndMarketingExpenses": 0,
        "sellingGeneralAndAdministrativeExpenses": 207243000,
        "otherExpenses": 0,
        "operatingExpenses": 338285000,
        "costAndExpenses": 1971908000,
        "interestIncome": 0,
        "interestExpense": 0,
        "depreciationAndAmortization": 254290000,
        "ebitda": 419824000,
        "ebitdaratio": 0.1964142185,
        "operatingIncome": 165534000,
        "operatingIncomeRatio": 0.0774449084,
        "totalOtherIncomeExpensesNet": 13014000,
        "incomeBeforeTax": 178548000,
        "incomeBeforeTaxRatio": 0.0835334947,
        "incomeTaxExpense": 42390000,
        "netIncome": 136158000,
        "netIncomeRatio": 0.0637013776,
        "eps": 0.12,
        "epsdiluted": 0.12,
        "weightedAverageShsOut": 1133772000,
        "weightedAverageShsOutDil": 1153082000,
        "link": "https://www.sec.gov/Archives/edgar/data/87347/000106731200000187/0001067312-00-000187-index.html",
        "finalLink": "https://www.sec.gov/Archives/edgar/data/87347/000106731200000187/"
    },
    {
        "date": "1999-12-31",
        "symbol": "SLB",
        "reportedCurrency": "USD",
        "cik": "0000087347",
        "fillingDate": "2000-03-30",
        "acceptedDate": "2000-03-30 00:00:00",
        "calendarYear": "1999",
        "period": "Q4",
        "revenue": 1664900000,
        "costOfRevenue": 1365900000,
        "grossProfit": 299000000,
        "grossProfitRatio": 0.1795903658,
        "researchAndDevelopmentExpenses": 123600000,
        "generalAndAdministrativeExpenses": 192700000,
        "sellingAndMarketingExpenses": 0,
        "sellingGeneralAndAdministrativeExpenses": 192700000,
        "otherExpenses": 0,
        "operatingExpenses": 316300000,
        "costAndExpenses": 1682200000,
        "interestIncome": 0,
        "interestExpense": 0,
        "depreciationAndAmortization": 172000000,
        "ebitda": 154700000,
        "ebitdaratio": 0.0929184936,
        "operatingIncome": -17300000,
        "operatingIncomeRatio": -0.0103910145,
        "totalOtherIncomeExpensesNet": 19600000,
        "incomeBeforeTax": 2300000,
        "incomeBeforeTaxRatio": 0.0013814644,
        "incomeTaxExpense": 28400000,
        "netIncome": 11300000,
        "netIncomeRatio": 0.0067871944,
        "eps": 0.01,
        "epsdiluted": 0.01,
        "weightedAverageShsOut": 1133772000,
        "weightedAverageShsOutDil": 1133772000,
        "link": "https://www.sec.gov/Archives/edgar/data/87347/000095013000001710/0000950130-00-001710-index.html",
        "finalLink": "https://www.sec.gov/Archives/edgar/data/87347/000095013000001710/"
    },
    {
        "date": "1999-09-30",
        "symbol": "SLB",
        "reportedCurrency": "USD",
        "cik": "0000087347",
        "fillingDate": "1999-11-12",
        "acceptedDate": "1999-11-12 00:00:00",
        "calendarYear": "1999",
        "period": "Q3",
        "revenue": 2249300000,
        "costOfRevenue": 1744900000,
        "grossProfit": 504400000,
        "grossProfitRatio": 0.2242475437,
        "researchAndDevelopmentExpenses": 134100000,
        "generalAndAdministrativeExpenses": 212400000,
        "sellingAndMarketingExpenses": 0,
        "sellingGeneralAndAdministrativeExpenses": 212400000,
        "otherExpenses": 0,
        "operatingExpenses": 346500000,
        "costAndExpenses": 2091400000,
        "interestIncome": 0,
        "interestExpense": 0,
        "depreciationAndAmortization": 296330000,
        "ebitda": 414999000,
        "ebitdaratio": 0.1845014004,
        "operatingIncome": 157900000,
        "operatingIncomeRatio": 0.0701996177,
        "totalOtherIncomeExpensesNet": 42501000,
        "incomeBeforeTax": 172300000,
        "incomeBeforeTaxRatio": 0.0766016094,
        "incomeTaxExpense": 33300000,
        "netIncome": 139000000,
        "netIncomeRatio": 0.0617970035,
        "eps": 0.13,
        "epsdiluted": 0.13,
        "weightedAverageShsOut": 1111848000,
        "weightedAverageShsOutDil": 1111848000,
        "link": "https://www.sec.gov/Archives/edgar/data/87347/000095013099006376/0000950130-99-006376-index.html",
        "finalLink": "https://www.sec.gov/Archives/edgar/data/87347/000095013099006376/"
    },
    {
        "date": "1999-06-30",
        "symbol": "SLB",
        "reportedCurrency": "USD",
        "cik": "0000087347",
        "fillingDate": "1999-08-13",
        "acceptedDate": "1999-08-13 00:00:00",
        "calendarYear": "1999",
        "period": "Q2",
        "revenue": 2011831000,
        "costOfRevenue": 1582856000,
        "grossProfit": 428975000,
        "grossProfitRatio": 0.2132261606,
        "researchAndDevelopmentExpenses": 126354000,
        "generalAndAdministrativeExpenses": 201785000,
        "sellingAndMarketingExpenses": 0,
        "sellingGeneralAndAdministrativeExpenses": 201785000,
        "otherExpenses": 0,
        "operatingExpenses": 328139000,
        "costAndExpenses": 1910995000,
        "interestIncome": 0,
        "interestExpense": 0,
        "depreciationAndAmortization": 268870000,
        "ebitda": 369706000,
        "ebitdaratio": 0.1837659326,
        "operatingIncome": 100836000,
        "operatingIncomeRatio": 0.0501215062,
        "totalOtherIncomeExpensesNet": 51708000,
        "incomeBeforeTax": 152544000,
        "incomeBeforeTaxRatio": 0.0758234663,
        "incomeTaxExpense": 20574000,
        "netIncome": 127287000,
        "netIncomeRatio": 0.0632692309,
        "eps": 0.12,
        "epsdiluted": 0.12,
        "weightedAverageShsOut": 1094224000,
        "weightedAverageShsOutDil": 1127058000,
        "link": "https://www.sec.gov/Archives/edgar/data/87347/000095013099004781/0000950130-99-004781-index.html",
        "finalLink": "https://www.sec.gov/Archives/edgar/data/87347/000095013099004781/"
    },
    {
        "date": "1999-03-31",
        "symbol": "SLB",
        "reportedCurrency": "USD",
        "cik": "0000087347",
        "fillingDate": "1999-05-14",
        "acceptedDate": "1999-05-14 00:00:00",
        "calendarYear": "1999",
        "period": "Q1",
        "revenue": 2306500000,
        "costOfRevenue": 1940600000,
        "grossProfit": 365900000,
        "grossProfitRatio": 0.15863863,
        "researchAndDevelopmentExpenses": 135300000,
        "generalAndAdministrativeExpenses": 206700000,
        "sellingAndMarketingExpenses": 0,
        "sellingGeneralAndAdministrativeExpenses": 206700000,
        "otherExpenses": 0,
        "operatingExpenses": 342000000,
        "costAndExpenses": 2282600000,
        "interestIncome": 0,
        "interestExpense": 0,
        "depreciationAndAmortization": 283700000,
        "ebitda": 307600000,
        "ebitdaratio": 0.1333622372,
        "operatingIncome": 23900000,
        "operatingIncomeRatio": 0.0103620204,
        "totalOtherIncomeExpensesNet": 119000000,
        "incomeBeforeTax": 142900000,
        "incomeBeforeTaxRatio": 0.0619553436,
        "incomeTaxExpense": 53800000,
        "netIncome": 89200000,
        "netIncomeRatio": 0.0386733145,
        "eps": 0.08,
        "epsdiluted": 0.08,
        "weightedAverageShsOut": 1092754000,
        "weightedAverageShsOutDil": 1119828000,
        "link": "https://www.sec.gov/Archives/edgar/data/87347/000095013099002969/0000950130-99-002969-index.html",
        "finalLink": "https://www.sec.gov/Archives/edgar/data/87347/"
    },
    {
        "date": "1998-12-31",
        "symbol": "SLB",
        "reportedCurrency": "USD",
        "cik": "0000087347",
        "fillingDate": "1999-03-30",
        "acceptedDate": "1999-03-30 00:00:00",
        "calendarYear": "1998",
        "period": "Q4",
        "revenue": 2775500000,
        "costOfRevenue": 2077500000,
        "grossProfit": 698000000,
        "grossProfitRatio": 0.2514862187,
        "researchAndDevelopmentExpenses": 137300000,
        "generalAndAdministrativeExpenses": 231100000,
        "sellingAndMarketingExpenses": 0,
        "sellingGeneralAndAdministrativeExpenses": 231100000,
        "otherExpenses": 0,
        "operatingExpenses": 368400000,
        "costAndExpenses": 2445900000,
        "interestIncome": 0,
        "interestExpense": 0,
        "depreciationAndAmortization": 291200000,
        "ebitda": 620800000,
        "ebitdaratio": 0.2236714106,
        "operatingIncome": 329600000,
        "operatingIncomeRatio": 0.1187533778,
        "totalOtherIncomeExpensesNet": 3400000,
        "incomeBeforeTax": 333000000,
        "incomeBeforeTaxRatio": 0.1199783823,
        "incomeTaxExpense": 55200000,
        "netIncome": 277800000,
        "netIncomeRatio": 0.1000900739,
        "eps": 0.25,
        "epsdiluted": 0.25,
        "weightedAverageShsOut": 1092754000,
        "weightedAverageShsOutDil": 1092754000,
        "link": "https://www.sec.gov/Archives/edgar/data/87347/000095013099001807/0000950130-99-001807-index.html",
        "finalLink": "https://www.sec.gov/Archives/edgar/data/87347/"
    },
    {
        "date": "1998-09-30",
        "symbol": "SLB",
        "reportedCurrency": "USD",
        "cik": "0000087347",
        "fillingDate": "1998-11-13",
        "acceptedDate": "1998-11-13 00:00:00",
        "calendarYear": "1998",
        "period": "Q3",
        "revenue": 2932400000,
        "costOfRevenue": 2581400000,
        "grossProfit": 351000000,
        "grossProfitRatio": 0.1196971764,
        "researchAndDevelopmentExpenses": 137400000,
        "generalAndAdministrativeExpenses": 232700000,
        "sellingAndMarketingExpenses": 0,
        "sellingGeneralAndAdministrativeExpenses": 232700000,
        "otherExpenses": 0,
        "operatingExpenses": 370100000,
        "costAndExpenses": 2951500000,
        "interestIncome": 0,
        "interestExpense": 0,
        "depreciationAndAmortization": 324000000,
        "ebitda": 304900000,
        "ebitdaratio": 0.1039762652,
        "operatingIncome": -19100000,
        "operatingIncomeRatio": -0.0065134361,
        "totalOtherIncomeExpensesNet": 6900000,
        "incomeBeforeTax": -12200000,
        "incomeBeforeTaxRatio": -0.0041604147,
        "incomeTaxExpense": 17300000,
        "netIncome": -29500000,
        "netIncomeRatio": -0.0100600191,
        "eps": -0.025,
        "epsdiluted": -0.025,
        "weightedAverageShsOut": 1180000000,
        "weightedAverageShsOutDil": 1180000000,
        "link": "https://www.sec.gov/Archives/edgar/data/87347/000095013098005453/0000950130-98-005453-index.html",
        "finalLink": "https://www.sec.gov/Archives/edgar/data/87347/"
    },
    {
        "date": "1998-06-30",
        "symbol": "SLB",
        "reportedCurrency": "USD",
        "cik": "0000087347",
        "fillingDate": "1998-08-14",
        "acceptedDate": "1998-08-14 00:00:00",
        "calendarYear": "1998",
        "period": "Q2",
        "revenue": 2853300000,
        "costOfRevenue": 2080700000,
        "grossProfit": 772600000,
        "grossProfitRatio": 0.2707741913,
        "researchAndDevelopmentExpenses": 141100000,
        "generalAndAdministrativeExpenses": 185800000,
        "sellingAndMarketingExpenses": 0,
        "sellingGeneralAndAdministrativeExpenses": 185800000,
        "otherExpenses": 0,
        "operatingExpenses": 326900000,
        "costAndExpenses": 2407600000,
        "interestIncome": 0,
        "interestExpense": 0,
        "depreciationAndAmortization": 263500000,
        "ebitda": 709200000,
        "ebitdaratio": 0.2485543055,
        "operatingIncome": 445700000,
        "operatingIncomeRatio": 0.1562050959,
        "totalOtherIncomeExpensesNet": 13200000,
        "incomeBeforeTax": 458900000,
        "incomeBeforeTaxRatio": 0.1608313181,
        "incomeTaxExpense": 99500000,
        "netIncome": 359400000,
        "netIncomeRatio": 0.1259594154,
        "eps": 0.36,
        "epsdiluted": 0.35,
        "weightedAverageShsOut": 1091549296,
        "weightedAverageShsOutDil": 1123188406,
        "link": "https://www.sec.gov/Archives/edgar/data/87347/000095013098004052/0000950130-98-004052-index.html",
        "finalLink": "https://www.sec.gov/Archives/edgar/data/87347/"
    },
    {
        "date": "1998-03-31",
        "symbol": "SLB",
        "reportedCurrency": "USD",
        "cik": "0000087347",
        "fillingDate": "1998-05-15",
        "acceptedDate": "1998-05-15 00:00:00",
        "calendarYear": "1998",
        "period": "Q1",
        "revenue": 2800100000,
        "costOfRevenue": 2035500000,
        "grossProfit": 764600000,
        "grossProfitRatio": 0.2730616764,
        "researchAndDevelopmentExpenses": 135800000,
        "generalAndAdministrativeExpenses": 182600000,
        "sellingAndMarketingExpenses": 0,
        "sellingGeneralAndAdministrativeExpenses": 182600000,
        "otherExpenses": 0,
        "operatingExpenses": 318400000,
        "costAndExpenses": 2353900000,
        "interestIncome": 0,
        "interestExpense": 0,
        "depreciationAndAmortization": 257600000,
        "ebitda": 703800000,
        "ebitdaratio": 0.2513481661,
        "operatingIncome": 446200000,
        "operatingIncomeRatio": 0.1593514517,
        "totalOtherIncomeExpensesNet": 11000000,
        "incomeBeforeTax": 457200000,
        "incomeBeforeTaxRatio": 0.1632798829,
        "incomeTaxExpense": 106500000,
        "netIncome": 350700000,
        "netIncomeRatio": 0.1252455269,
        "eps": 0.35,
        "epsdiluted": 0.34,
        "weightedAverageShsOut": 1080857143,
        "weightedAverageShsOutDil": 1129253731,
        "link": "https://www.sec.gov/Archives/edgar/data/87347/000095013098002655/0000950130-98-002655-index.html",
        "finalLink": "https://www.sec.gov/Archives/edgar/data/87347/"
    },
    {
        "date": "1997-12-31",
        "symbol": "SLB",
        "reportedCurrency": "USD",
        "cik": "0000087347",
        "fillingDate": "1998-03-30",
        "acceptedDate": "1998-03-30 00:00:00",
        "calendarYear": "1997",
        "period": "Q4",
        "revenue": 2907700000,
        "costOfRevenue": 2123900000,
        "grossProfit": 783800000,
        "grossProfitRatio": 0.2695601334,
        "researchAndDevelopmentExpenses": 129200000,
        "generalAndAdministrativeExpenses": 180800000,
        "sellingAndMarketingExpenses": 0,
        "sellingGeneralAndAdministrativeExpenses": 180800000,
        "otherExpenses": 0,
        "operatingExpenses": 310000000,
        "costAndExpenses": 2433900000,
        "interestIncome": 0,
        "interestExpense": 0,
        "depreciationAndAmortization": 257500000,
        "ebitda": 731300000,
        "ebitdaratio": 0.2515046256,
        "operatingIncome": 473800000,
        "operatingIncomeRatio": 0.1629466589,
        "totalOtherIncomeExpensesNet": 7400000,
        "incomeBeforeTax": 481200000,
        "incomeBeforeTaxRatio": 0.1654916257,
        "incomeTaxExpense": 108500000,
        "netIncome": 372700000,
        "netIncomeRatio": 0.1281769096,
        "eps": 0.37,
        "epsdiluted": 0.37,
        "weightedAverageShsOut": 996546000,
        "weightedAverageShsOutDil": 996546000,
        "link": "https://www.sec.gov/Archives/edgar/data/87347/000095013098001558/0000950130-98-001558-index.html",
        "finalLink": "https://www.sec.gov/Archives/edgar/data/87347/"
    },
    {
        "date": "1997-09-30",
        "symbol": "SLB",
        "reportedCurrency": "USD",
        "cik": "0000087347",
        "fillingDate": "1997-11-14",
        "acceptedDate": "1997-11-14 00:00:00",
        "calendarYear": "1997",
        "period": "Q3",
        "revenue": 2736200000,
        "costOfRevenue": 2001000000,
        "grossProfit": 735200000,
        "grossProfitRatio": 0.2686938089,
        "researchAndDevelopmentExpenses": 120100000,
        "generalAndAdministrativeExpenses": 162500000,
        "sellingAndMarketingExpenses": 0,
        "sellingGeneralAndAdministrativeExpenses": 162500000,
        "otherExpenses": 0,
        "operatingExpenses": 282600000,
        "costAndExpenses": 2283600000,
        "interestIncome": 0,
        "interestExpense": 0,
        "depreciationAndAmortization": 245200000,
        "ebitda": 697800000,
        "ebitdaratio": 0.2550252175,
        "operatingIncome": 452600000,
        "operatingIncomeRatio": 0.1654118851,
        "totalOtherIncomeExpensesNet": 10900000,
        "incomeBeforeTax": 463500000,
        "incomeBeforeTaxRatio": 0.169395512,
        "incomeTaxExpense": 106900000,
        "netIncome": 356600000,
        "netIncomeRatio": 0.1303267305,
        "eps": 0.36,
        "epsdiluted": 0.34,
        "weightedAverageShsOut": 1080563380,
        "weightedAverageShsOutDil": 1128235294,
        "link": "https://www.sec.gov/Archives/edgar/data/87347/000095013097005015/0000950130-97-005015-index.html",
        "finalLink": "https://www.sec.gov/Archives/edgar/data/87347/"
    },
    {
        "date": "1997-06-30",
        "symbol": "SLB",
        "reportedCurrency": "USD",
        "cik": "0000087347",
        "fillingDate": "1997-08-14",
        "acceptedDate": "1997-08-14 00:00:00",
        "calendarYear": "1997",
        "period": "Q2",
        "revenue": 2601700000,
        "costOfRevenue": 1929300000,
        "grossProfit": 672400000,
        "grossProfitRatio": 0.2584464004,
        "researchAndDevelopmentExpenses": 118900000,
        "generalAndAdministrativeExpenses": 170300000,
        "sellingAndMarketingExpenses": 0,
        "sellingGeneralAndAdministrativeExpenses": 170300000,
        "otherExpenses": 0,
        "operatingExpenses": 289200000,
        "costAndExpenses": 2218500000,
        "interestIncome": 0,
        "interestExpense": 0,
        "depreciationAndAmortization": 237900000,
        "ebitda": 621100000,
        "ebitdaratio": 0.2387285237,
        "operatingIncome": 383200000,
        "operatingIncomeRatio": 0.1472883115,
        "totalOtherIncomeExpensesNet": 1400000,
        "incomeBeforeTax": 384600000,
        "incomeBeforeTaxRatio": 0.1478264212,
        "incomeTaxExpense": 78100000,
        "netIncome": 306500000,
        "netIncomeRatio": 0.1178075873,
        "eps": 0.31,
        "epsdiluted": 0.3,
        "weightedAverageShsOut": 987726000,
        "weightedAverageShsOutDil": 987726000,
        "link": "https://www.sec.gov/Archives/edgar/data/87347/000095013097003640/0000950130-97-003640-index.html",
        "finalLink": "https://www.sec.gov/Archives/edgar/data/87347/"
    },
    {
        "date": "1997-03-31",
        "symbol": "SLB",
        "reportedCurrency": "USD",
        "cik": "0000087347",
        "fillingDate": "1997-05-15",
        "acceptedDate": "1997-05-15 00:00:00",
        "calendarYear": "1997",
        "period": "Q1",
        "revenue": 2402100000,
        "costOfRevenue": 1782800000,
        "grossProfit": 619300000,
        "grossProfitRatio": 0.2578160776,
        "researchAndDevelopmentExpenses": 118000000,
        "generalAndAdministrativeExpenses": 162400000,
        "sellingAndMarketingExpenses": 0,
        "sellingGeneralAndAdministrativeExpenses": 162400000,
        "otherExpenses": 0,
        "operatingExpenses": 280400000,
        "costAndExpenses": 2063200000,
        "interestIncome": 0,
        "interestExpense": 0,
        "depreciationAndAmortization": 231900000,
        "ebitda": 570800000,
        "ebitdaratio": 0.2376254111,
        "operatingIncome": 338900000,
        "operatingIncomeRatio": 0.1410848841,
        "totalOtherIncomeExpensesNet": 200000,
        "incomeBeforeTax": 339100000,
        "incomeBeforeTaxRatio": 0.1411681445,
        "incomeTaxExpense": 79200000,
        "netIncome": 259900000,
        "netIncomeRatio": 0.1081969943,
        "eps": 0.27,
        "epsdiluted": 0.26,
        "weightedAverageShsOut": 986852000,
        "weightedAverageShsOutDil": 986852000,
        "link": "https://www.sec.gov/Archives/edgar/data/87347/000095013097002411/0000950130-97-002411-index.html",
        "finalLink": "https://www.sec.gov/Archives/edgar/data/87347/"
    },
    {
        "date": "1996-12-31",
        "symbol": "SLB",
        "reportedCurrency": "USD",
        "cik": "0000087347",
        "fillingDate": "1997-03-31",
        "acceptedDate": "1997-03-31 00:00:00",
        "calendarYear": "1996",
        "period": "Q4",
        "revenue": 2515700000,
        "costOfRevenue": 1902100000,
        "grossProfit": 613600000,
        "grossProfitRatio": 0.2439082562,
        "researchAndDevelopmentExpenses": 115800000,
        "generalAndAdministrativeExpenses": 174700000,
        "sellingAndMarketingExpenses": 0,
        "sellingGeneralAndAdministrativeExpenses": 174700000,
        "otherExpenses": 0,
        "operatingExpenses": 290500000,
        "costAndExpenses": 2192600000,
        "interestIncome": 0,
        "interestExpense": 0,
        "depreciationAndAmortization": 224500000,
        "ebitda": 547600000,
        "ebitdaratio": 0.2176730135,
        "operatingIncome": 323100000,
        "operatingIncomeRatio": 0.128433438,
        "totalOtherIncomeExpensesNet": -100000,
        "incomeBeforeTax": 323000000,
        "incomeBeforeTaxRatio": 0.1283936876,
        "incomeTaxExpense": 67900000,
        "netIncome": 255100000,
        "netIncomeRatio": 0.101403188,
        "eps": 0.26,
        "epsdiluted": 0.26,
        "weightedAverageShsOut": 986852000,
        "weightedAverageShsOutDil": 986852000,
        "link": "https://www.sec.gov/Archives/edgar/data/87347/000095013097001348/0000950130-97-001348-index.html",
        "finalLink": "https://www.sec.gov/Archives/edgar/data/87347/"
    },
    {
        "date": "1996-09-30",
        "symbol": "SLB",
        "reportedCurrency": "USD",
        "cik": "0000087347",
        "fillingDate": "1996-11-13",
        "acceptedDate": "1996-11-13 00:00:00",
        "calendarYear": "1996",
        "period": "Q3",
        "revenue": 2261800000,
        "costOfRevenue": 1751700000,
        "grossProfit": 510100000,
        "grossProfitRatio": 0.2255283403,
        "researchAndDevelopmentExpenses": 111200000,
        "generalAndAdministrativeExpenses": 159600000,
        "sellingAndMarketingExpenses": 0,
        "sellingGeneralAndAdministrativeExpenses": 159600000,
        "otherExpenses": 0,
        "operatingExpenses": 270800000,
        "costAndExpenses": 2022500000,
        "interestIncome": 0,
        "interestExpense": 0,
        "depreciationAndAmortization": 224000000,
        "ebitda": 463300000,
        "ebitdaratio": 0.2048368556,
        "operatingIncome": 239300000,
        "operatingIncomeRatio": 0.1058006897,
        "totalOtherIncomeExpensesNet": -333500000,
        "incomeBeforeTax": -94200000,
        "incomeBeforeTaxRatio": -0.0416482448,
        "incomeTaxExpense": -323000000,
        "netIncome": 228800000,
        "netIncomeRatio": 0.1011583694,
        "eps": 0.24,
        "epsdiluted": 0.23,
        "weightedAverageShsOut": 982924000,
        "weightedAverageShsOutDil": 982924000,
        "link": "https://www.sec.gov/Archives/edgar/data/87347/000095013096004389/0000950130-96-004389-index.html",
        "finalLink": "https://www.sec.gov/Archives/edgar/data/87347/"
    },
    {
        "date": "1996-06-30",
        "symbol": "SLB",
        "reportedCurrency": "USD",
        "cik": "0000087347",
        "fillingDate": "1996-08-14",
        "acceptedDate": "1996-08-14 00:00:00",
        "calendarYear": "1996",
        "period": "Q2",
        "revenue": 2150800000,
        "costOfRevenue": 1632000000,
        "grossProfit": 518800000,
        "grossProfitRatio": 0.2412125721,
        "researchAndDevelopmentExpenses": 114700000,
        "generalAndAdministrativeExpenses": 164000000,
        "sellingAndMarketingExpenses": 0,
        "sellingGeneralAndAdministrativeExpenses": 164000000,
        "otherExpenses": 0,
        "operatingExpenses": 278700000,
        "costAndExpenses": 1910700000,
        "interestIncome": 0,
        "interestExpense": 0,
        "depreciationAndAmortization": 219700000,
        "ebitda": 459800000,
        "ebitdaratio": 0.2137809187,
        "operatingIncome": 240100000,
        "operatingIncomeRatio": 0.1116328808,
        "totalOtherIncomeExpensesNet": -2100000,
        "incomeBeforeTax": 238000000,
        "incomeBeforeTaxRatio": 0.1106564999,
        "incomeTaxExpense": 41300000,
        "netIncome": 196700000,
        "netIncomeRatio": 0.0914543426,
        "eps": 0.2,
        "epsdiluted": 0.2,
        "weightedAverageShsOut": 978680000,
        "weightedAverageShsOutDil": 978680000,
        "link": "https://www.sec.gov/Archives/edgar/data/87347/000095013096003177/0000950130-96-003177-index.html",
        "finalLink": "https://www.sec.gov/Archives/edgar/data/87347/"
    },
    {
        "date": "1996-03-31",
        "symbol": "SLB",
        "reportedCurrency": "USD",
        "cik": "0000087347",
        "fillingDate": "1996-05-15",
        "acceptedDate": "1996-05-15 00:00:00",
        "calendarYear": "1996",
        "period": "Q1",
        "revenue": 2027800000,
        "costOfRevenue": 1549600000,
        "grossProfit": 478200000,
        "grossProfitRatio": 0.2358220732,
        "researchAndDevelopmentExpenses": 110800000,
        "generalAndAdministrativeExpenses": 0,
        "sellingAndMarketingExpenses": 0,
        "sellingGeneralAndAdministrativeExpenses": 158400000,
        "otherExpenses": 0,
        "operatingExpenses": 269200000,
        "costAndExpenses": 1818800000,
        "interestIncome": 0,
        "interestExpense": 0,
        "depreciationAndAmortization": 217000000,
        "ebitda": 426000000,
        "ebitdaratio": 0.2100798895,
        "operatingIncome": 209000000,
        "operatingIncomeRatio": 0.1030673636,
        "totalOtherIncomeExpensesNet": 0,
        "incomeBeforeTax": 209000000,
        "incomeBeforeTaxRatio": 0.1030673636,
        "incomeTaxExpense": 38100000,
        "netIncome": 170900000,
        "netIncomeRatio": 0.0842785285,
        "eps": 0.18,
        "epsdiluted": 0.18,
        "weightedAverageShsOut": 973432000,
        "weightedAverageShsOutDil": 973432000,
        "link": "https://www.sec.gov/Archives/edgar/data/87347/000095013096001727/0000950130-96-001727-index.html",
        "finalLink": "https://www.sec.gov/Archives/edgar/data/87347/"
    },
    {
        "date": "1995-12-31",
        "symbol": "SLB",
        "reportedCurrency": "USD",
        "cik": "0000087347",
        "fillingDate": "1995-12-31",
        "acceptedDate": "1995-12-31 00:00:00",
        "calendarYear": "1995",
        "period": "Q4",
        "revenue": 2063500000,
        "costOfRevenue": 1385700000,
        "grossProfit": 677800000,
        "grossProfitRatio": 0.3284710443,
        "researchAndDevelopmentExpenses": 0,
        "generalAndAdministrativeExpenses": 0,
        "sellingAndMarketingExpenses": 0,
        "sellingGeneralAndAdministrativeExpenses": 278500000,
        "otherExpenses": 209300000,
        "operatingExpenses": 487800000,
        "costAndExpenses": 1873500000,
        "interestIncome": 0,
        "interestExpense": 0,
        "depreciationAndAmortization": 209300000,
        "ebitda": 399300000,
        "ebitdaratio": 0.1935061788,
        "operatingIncome": 190000000,
        "operatingIncomeRatio": 0.0920765689,
        "totalOtherIncomeExpensesNet": 4500000,
        "incomeBeforeTax": 194500000,
        "incomeBeforeTaxRatio": 0.0942573298,
        "incomeTaxExpense": 27800000,
        "netIncome": 166700000,
        "netIncomeRatio": 0.0807850739,
        "eps": 0.17,
        "epsdiluted": 0.17,
        "weightedAverageShsOut": 964571429,
        "weightedAverageShsOutDil": 964571429,
        "link": null,
        "finalLink": null
    },
    {
        "date": "1995-09-30",
        "symbol": "SLB",
        "reportedCurrency": "USD",
        "cik": "0000087347",
        "fillingDate": "1995-09-30",
        "acceptedDate": "1995-09-30 00:00:00",
        "calendarYear": "1995",
        "period": "Q3",
        "revenue": 1918800000,
        "costOfRevenue": 1250200000,
        "grossProfit": 668600000,
        "grossProfitRatio": 0.348446946,
        "researchAndDevelopmentExpenses": 0,
        "generalAndAdministrativeExpenses": 0,
        "sellingAndMarketingExpenses": 0,
        "sellingGeneralAndAdministrativeExpenses": 261000000,
        "otherExpenses": 204800000,
        "operatingExpenses": 465800000,
        "costAndExpenses": 1716000000,
        "interestIncome": 0,
        "interestExpense": 0,
        "depreciationAndAmortization": 208300000,
        "ebitda": 411100000,
        "ebitdaratio": 0.2142484886,
        "operatingIncome": 202800000,
        "operatingIncomeRatio": 0.1056910569,
        "totalOtherIncomeExpensesNet": 1500000,
        "incomeBeforeTax": 204300000,
        "incomeBeforeTaxRatio": 0.1064727955,
        "incomeTaxExpense": 35500000,
        "netIncome": 168800000,
        "netIncomeRatio": 0.0879716489,
        "eps": 0.18,
        "epsdiluted": 0.18,
        "weightedAverageShsOut": 964571429,
        "weightedAverageShsOutDil": 964571429,
        "link": null,
        "finalLink": null
    },
    {
        "date": "1995-06-30",
        "symbol": "SLB",
        "reportedCurrency": "USD",
        "cik": "0000087347",
        "fillingDate": "1995-06-30",
        "acceptedDate": "1995-06-30 00:00:00",
        "calendarYear": "1995",
        "period": "Q2",
        "revenue": 1877100000,
        "costOfRevenue": 1216400000,
        "grossProfit": 660700000,
        "grossProfitRatio": 0.3519791167,
        "researchAndDevelopmentExpenses": 0,
        "generalAndAdministrativeExpenses": 0,
        "sellingAndMarketingExpenses": 0,
        "sellingGeneralAndAdministrativeExpenses": 262800000,
        "otherExpenses": 201300000,
        "operatingExpenses": 464100000,
        "costAndExpenses": 1680500000,
        "interestIncome": 0,
        "interestExpense": 0,
        "depreciationAndAmortization": 203700000,
        "ebitda": 400300000,
        "ebitdaratio": 0.2132544883,
        "operatingIncome": 196600000,
        "operatingIncomeRatio": 0.104736029,
        "totalOtherIncomeExpensesNet": 600000,
        "incomeBeforeTax": 197200000,
        "incomeBeforeTaxRatio": 0.105055671,
        "incomeTaxExpense": 30300000,
        "netIncome": 166900000,
        "netIncomeRatio": 0.0889137499,
        "eps": 0.18,
        "epsdiluted": 0.18,
        "weightedAverageShsOut": 953714286,
        "weightedAverageShsOutDil": 953714286,
        "link": null,
        "finalLink": null
    },
    {
        "date": "1995-03-31",
        "symbol": "SLB",
        "reportedCurrency": "USD",
        "cik": "0000087347",
        "fillingDate": "1995-03-31",
        "acceptedDate": "1995-03-31 00:00:00",
        "calendarYear": "1995",
        "period": "Q1",
        "revenue": 1762300000,
        "costOfRevenue": 1137500000,
        "grossProfit": 624800000,
        "grossProfitRatio": 0.354536685,
        "researchAndDevelopmentExpenses": 0,
        "generalAndAdministrativeExpenses": 0,
        "sellingAndMarketingExpenses": 0,
        "sellingGeneralAndAdministrativeExpenses": 254800000,
        "otherExpenses": 198900000,
        "operatingExpenses": 453700000,
        "costAndExpenses": 1591200000,
        "interestIncome": 0,
        "interestExpense": 0,
        "depreciationAndAmortization": 198900000,
        "ebitda": 370000000,
        "ebitdaratio": 0.2099529025,
        "operatingIncome": 171100000,
        "operatingIncomeRatio": 0.0970890314,
        "totalOtherIncomeExpensesNet": 3300000,
        "incomeBeforeTax": 174400000,
        "incomeBeforeTaxRatio": 0.0989615843,
        "incomeTaxExpense": 27600000,
        "netIncome": 146800000,
        "netIncomeRatio": 0.0833002327,
        "eps": 0.16,
        "epsdiluted": 0.16,
        "weightedAverageShsOut": 947096774,
        "weightedAverageShsOutDil": 947096774,
        "link": null,
        "finalLink": null
    },
    {
        "date": "1994-12-31",
        "symbol": "SLB",
        "reportedCurrency": "USD",
        "cik": "0000087347",
        "fillingDate": "1994-12-31",
        "acceptedDate": "1994-12-31 00:00:00",
        "calendarYear": "1994",
        "period": "Q4",
        "revenue": 1780700000,
        "costOfRevenue": 1154100000,
        "grossProfit": 626600000,
        "grossProfitRatio": 0.3518840905,
        "researchAndDevelopmentExpenses": 0,
        "generalAndAdministrativeExpenses": 0,
        "sellingAndMarketingExpenses": 0,
        "sellingGeneralAndAdministrativeExpenses": 260300000,
        "otherExpenses": 195200000,
        "operatingExpenses": 455500000,
        "costAndExpenses": 1609600000,
        "interestIncome": 0,
        "interestExpense": 0,
        "depreciationAndAmortization": 195200000,
        "ebitda": 366300000,
        "ebitdaratio": 0.2057056214,
        "operatingIncome": 171100000,
        "operatingIncomeRatio": 0.096085809,
        "totalOtherIncomeExpensesNet": 5500000,
        "incomeBeforeTax": 176600000,
        "incomeBeforeTaxRatio": 0.0991744819,
        "incomeTaxExpense": 22000000,
        "netIncome": 154600000,
        "netIncomeRatio": 0.08681979,
        "eps": 0.16,
        "epsdiluted": 0.16,
        "weightedAverageShsOut": 975714286,
        "weightedAverageShsOutDil": 975714286,
        "link": null,
        "finalLink": null
    },
    {
        "date": "1994-09-30",
        "symbol": "SLB",
        "reportedCurrency": "USD",
        "cik": "0000087347",
        "fillingDate": "1994-09-30",
        "acceptedDate": "1994-09-30 00:00:00",
        "calendarYear": "1994",
        "period": "Q3",
        "revenue": 1636700000,
        "costOfRevenue": 1046000000,
        "grossProfit": 590700000,
        "grossProfitRatio": 0.3609091465,
        "researchAndDevelopmentExpenses": 0,
        "generalAndAdministrativeExpenses": 0,
        "sellingAndMarketingExpenses": 0,
        "sellingGeneralAndAdministrativeExpenses": 241100000,
        "otherExpenses": 191900000,
        "operatingExpenses": 433000000,
        "costAndExpenses": 1479000000,
        "interestIncome": 0,
        "interestExpense": 0,
        "depreciationAndAmortization": 191900000,
        "ebitda": 349600000,
        "ebitdaratio": 0.2136005377,
        "operatingIncome": 157700000,
        "operatingIncomeRatio": 0.0963524164,
        "totalOtherIncomeExpensesNet": 3400000,
        "incomeBeforeTax": 161100000,
        "incomeBeforeTaxRatio": 0.0984297672,
        "incomeTaxExpense": 24500000,
        "netIncome": 136600000,
        "netIncomeRatio": 0.083460622,
        "eps": 0.14,
        "epsdiluted": 0.14,
        "weightedAverageShsOut": 975714286,
        "weightedAverageShsOutDil": 975714286,
        "link": null,
        "finalLink": null
    },
    {
        "date": "1994-06-30",
        "symbol": "SLB",
        "reportedCurrency": "USD",
        "cik": "0000087347",
        "fillingDate": "1994-06-30",
        "acceptedDate": "1994-06-30 00:00:00",
        "calendarYear": "1994",
        "period": "Q2",
        "revenue": 1639100000,
        "costOfRevenue": 1063700000,
        "grossProfit": 575400000,
        "grossProfitRatio": 0.3510463059,
        "researchAndDevelopmentExpenses": 0,
        "generalAndAdministrativeExpenses": 0,
        "sellingAndMarketingExpenses": 0,
        "sellingGeneralAndAdministrativeExpenses": 247000000,
        "otherExpenses": 192700000,
        "operatingExpenses": 439700000,
        "costAndExpenses": 1503400000,
        "interestIncome": 0,
        "interestExpense": 0,
        "depreciationAndAmortization": 192700000,
        "ebitda": 328400000,
        "ebitdaratio": 0.2003538527,
        "operatingIncome": 135700000,
        "operatingIncomeRatio": 0.0827893356,
        "totalOtherIncomeExpensesNet": 3800000,
        "incomeBeforeTax": 139500000,
        "incomeBeforeTaxRatio": 0.085107681,
        "incomeTaxExpense": 16100000,
        "netIncome": 123400000,
        "netIncomeRatio": 0.0752852175,
        "eps": 0.13,
        "epsdiluted": 0.13,
        "weightedAverageShsOut": 949230769,
        "weightedAverageShsOutDil": 949230769,
        "link": null,
        "finalLink": null
    },
    {
        "date": "1994-03-31",
        "symbol": "SLB",
        "reportedCurrency": "USD",
        "cik": "0000087347",
        "fillingDate": "1994-03-31",
        "acceptedDate": "1994-03-31 00:00:00",
        "calendarYear": "1994",
        "period": "Q1",
        "revenue": 1640300000,
        "costOfRevenue": 1067900000,
        "grossProfit": 572400000,
        "grossProfitRatio": 0.348960556,
        "researchAndDevelopmentExpenses": 0,
        "generalAndAdministrativeExpenses": 0,
        "sellingAndMarketingExpenses": 0,
        "sellingGeneralAndAdministrativeExpenses": 243800000,
        "otherExpenses": 196400000,
        "operatingExpenses": 440200000,
        "costAndExpenses": 1508100000,
        "interestIncome": 0,
        "interestExpense": 0,
        "depreciationAndAmortization": 196400000,
        "ebitda": 328600000,
        "ebitdaratio": 0.2003292081,
        "operatingIncome": 132200000,
        "operatingIncomeRatio": 0.0805950131,
        "totalOtherIncomeExpensesNet": 8000000,
        "incomeBeforeTax": 140200000,
        "incomeBeforeTaxRatio": 0.0854721697,
        "incomeTaxExpense": 18700000,
        "netIncome": 121500000,
        "netIncomeRatio": 0.0740718161,
        "eps": 0.13,
        "epsdiluted": 0.13,
        "weightedAverageShsOut": 972000000,
        "weightedAverageShsOutDil": 972000000,
        "link": null,
        "finalLink": null
    },
    {
        "date": "1993-12-31",
        "symbol": "SLB",
        "reportedCurrency": "USD",
        "cik": "0000087347",
        "fillingDate": "1993-12-31",
        "acceptedDate": "1993-12-31 00:00:00",
        "calendarYear": "1993",
        "period": "Q4",
        "revenue": 1746200000,
        "costOfRevenue": 1157400000,
        "grossProfit": 588800000,
        "grossProfitRatio": 0.3371893254,
        "researchAndDevelopmentExpenses": 0,
        "generalAndAdministrativeExpenses": 0,
        "sellingAndMarketingExpenses": 0,
        "sellingGeneralAndAdministrativeExpenses": 267600000,
        "otherExpenses": 194700000,
        "operatingExpenses": 462300000,
        "costAndExpenses": 1619700000,
        "interestIncome": 0,
        "interestExpense": 0,
        "depreciationAndAmortization": 194700000,
        "ebitda": 321200000,
        "ebitdaratio": 0.1839422747,
        "operatingIncome": 126500000,
        "operatingIncomeRatio": 0.0724430191,
        "totalOtherIncomeExpensesNet": 8300000,
        "incomeBeforeTax": 134800000,
        "incomeBeforeTaxRatio": 0.0771961975,
        "incomeTaxExpense": 10800000,
        "netIncome": 124000000,
        "netIncomeRatio": 0.0710113389,
        "eps": 0.13,
        "epsdiluted": 0.13,
        "weightedAverageShsOut": 940343782,
        "weightedAverageShsOutDil": 957058824,
        "link": null,
        "finalLink": null
    },
    {
        "date": "1993-09-30",
        "symbol": "SLB",
        "reportedCurrency": "USD",
        "cik": "0000087347",
        "fillingDate": "1993-09-30",
        "acceptedDate": "1993-09-30 00:00:00",
        "calendarYear": "1993",
        "period": "Q3",
        "revenue": 1642400000,
        "costOfRevenue": 1025600000,
        "grossProfit": 616800000,
        "grossProfitRatio": 0.3755479786,
        "researchAndDevelopmentExpenses": 0,
        "generalAndAdministrativeExpenses": 0,
        "sellingAndMarketingExpenses": 0,
        "sellingGeneralAndAdministrativeExpenses": 254500000,
        "otherExpenses": 188000000,
        "operatingExpenses": 442500000,
        "costAndExpenses": 1468100000,
        "interestIncome": 0,
        "interestExpense": 0,
        "depreciationAndAmortization": 188000000,
        "ebitda": 362300000,
        "ebitdaratio": 0.2205918169,
        "operatingIncome": 174300000,
        "operatingIncomeRatio": 0.1061251827,
        "totalOtherIncomeExpensesNet": 6700000,
        "incomeBeforeTax": 181000000,
        "incomeBeforeTaxRatio": 0.1102045787,
        "incomeTaxExpense": 18300000,
        "netIncome": 162700000,
        "netIncomeRatio": 0.0990623478,
        "eps": 0.17,
        "epsdiluted": 0.17,
        "weightedAverageShsOut": 957058824,
        "weightedAverageShsOutDil": 957058824,
        "link": null,
        "finalLink": null
    },
    {
        "date": "1993-06-30",
        "symbol": "SLB",
        "reportedCurrency": "USD",
        "cik": "0000087347",
        "fillingDate": "1993-06-30",
        "acceptedDate": "1993-06-30 00:00:00",
        "calendarYear": "1993",
        "period": "Q2",
        "revenue": 1719300000,
        "costOfRevenue": 1061800000,
        "grossProfit": 657500000,
        "grossProfitRatio": 0.3824230792,
        "researchAndDevelopmentExpenses": 0,
        "generalAndAdministrativeExpenses": 0,
        "sellingAndMarketingExpenses": 0,
        "sellingGeneralAndAdministrativeExpenses": 268100000,
        "otherExpenses": 210200000,
        "operatingExpenses": 478300000,
        "costAndExpenses": 1540100000,
        "interestIncome": 0,
        "interestExpense": 0,
        "depreciationAndAmortization": 210200000,
        "ebitda": 389400000,
        "ebitdaratio": 0.226487524,
        "operatingIncome": 179200000,
        "operatingIncomeRatio": 0.1042284651,
        "totalOtherIncomeExpensesNet": 8100000,
        "incomeBeforeTax": 187300000,
        "incomeBeforeTaxRatio": 0.1089396848,
        "incomeTaxExpense": 24300000,
        "netIncome": 163000000,
        "netIncomeRatio": 0.0948060257,
        "eps": 0.17,
        "epsdiluted": 0.17,
        "weightedAverageShsOut": 958823529,
        "weightedAverageShsOutDil": 958823529,
        "link": null,
        "finalLink": null
    },
    {
        "date": "1993-03-31",
        "symbol": "SLB",
        "reportedCurrency": "USD",
        "cik": "0000087347",
        "fillingDate": "1993-03-31",
        "acceptedDate": "1993-03-31 00:00:00",
        "calendarYear": "1993",
        "period": "Q1",
        "revenue": 1597600000,
        "costOfRevenue": 989600000,
        "grossProfit": 608000000,
        "grossProfitRatio": 0.3805708563,
        "researchAndDevelopmentExpenses": 0,
        "generalAndAdministrativeExpenses": 0,
        "sellingAndMarketingExpenses": 0,
        "sellingGeneralAndAdministrativeExpenses": 256700000,
        "otherExpenses": 197300000,
        "operatingExpenses": 454000000,
        "costAndExpenses": 1443600000,
        "interestIncome": 0,
        "interestExpense": 0,
        "depreciationAndAmortization": 197300000,
        "ebitda": 351300000,
        "ebitdaratio": 0.2198923385,
        "operatingIncome": 154000000,
        "operatingIncomeRatio": 0.0963945919,
        "totalOtherIncomeExpensesNet": 6900000,
        "incomeBeforeTax": 160900000,
        "incomeBeforeTaxRatio": 0.1007135704,
        "incomeTaxExpense": 27700000,
        "netIncome": -114800000,
        "netIncomeRatio": -0.0718577867,
        "eps": -0.12,
        "epsdiluted": -0.12,
        "weightedAverageShsOut": 956666667,
        "weightedAverageShsOutDil": 956666667,
        "link": null,
        "finalLink": null
    },
    {
        "date": "1992-12-31",
        "symbol": "SLB",
        "reportedCurrency": "USD",
        "cik": "0000087347",
        "fillingDate": "1992-12-31",
        "acceptedDate": "1992-12-31 00:00:00",
        "calendarYear": "1992",
        "period": "Q4",
        "revenue": 1631900000,
        "costOfRevenue": 1019400000,
        "grossProfit": 612500000,
        "grossProfitRatio": 0.3753293707,
        "researchAndDevelopmentExpenses": 0,
        "generalAndAdministrativeExpenses": 0,
        "sellingAndMarketingExpenses": 0,
        "sellingGeneralAndAdministrativeExpenses": 272700000,
        "otherExpenses": 183300000,
        "operatingExpenses": 456000000,
        "costAndExpenses": 1475400000,
        "interestIncome": 0,
        "interestExpense": 0,
        "depreciationAndAmortization": 183300000,
        "ebitda": 339800000,
        "ebitdaratio": 0.2082235431,
        "operatingIncome": 156500000,
        "operatingIncomeRatio": 0.0959004841,
        "totalOtherIncomeExpensesNet": 14100000,
        "incomeBeforeTax": 170600000,
        "incomeBeforeTaxRatio": 0.1045407194,
        "incomeTaxExpense": 16500000,
        "netIncome": 154100000,
        "netIncomeRatio": 0.0944298057,
        "eps": 0.16,
        "epsdiluted": 0.16,
        "weightedAverageShsOut": 959444444,
        "weightedAverageShsOutDil": 959444444,
        "link": null,
        "finalLink": null
    },
    {
        "date": "1992-09-30",
        "symbol": "SLB",
        "reportedCurrency": "USD",
        "cik": "0000087347",
        "fillingDate": "1992-09-30",
        "acceptedDate": "1992-09-30 00:00:00",
        "calendarYear": "1992",
        "period": "Q3",
        "revenue": 1594200000,
        "costOfRevenue": 967200000,
        "grossProfit": 627000000,
        "grossProfitRatio": 0.3933007151,
        "researchAndDevelopmentExpenses": 0,
        "generalAndAdministrativeExpenses": 0,
        "sellingAndMarketingExpenses": 0,
        "sellingGeneralAndAdministrativeExpenses": 263000000,
        "otherExpenses": 175700000,
        "operatingExpenses": 438700000,
        "costAndExpenses": 1405900000,
        "interestIncome": 0,
        "interestExpense": 0,
        "depreciationAndAmortization": 175700000,
        "ebitda": 364000000,
        "ebitdaratio": 0.2283276879,
        "operatingIncome": 188300000,
        "operatingIncomeRatio": 0.1181156693,
        "totalOtherIncomeExpensesNet": 4800000,
        "incomeBeforeTax": 193100000,
        "incomeBeforeTaxRatio": 0.1211265839,
        "incomeTaxExpense": 20400000,
        "netIncome": 172700000,
        "netIncomeRatio": 0.108330197,
        "eps": 0.18,
        "epsdiluted": 0.18,
        "weightedAverageShsOut": 959444444,
        "weightedAverageShsOutDil": 959444444,
        "link": null,
        "finalLink": null
    },
    {
        "date": "1992-06-30",
        "symbol": "SLB",
        "reportedCurrency": "USD",
        "cik": "0000087347",
        "fillingDate": "1992-06-30",
        "acceptedDate": "1992-06-30 00:00:00",
        "calendarYear": "1992",
        "period": "Q2",
        "revenue": 1553200000,
        "costOfRevenue": 930400000,
        "grossProfit": 622800000,
        "grossProfitRatio": 0.4009786248,
        "researchAndDevelopmentExpenses": 0,
        "generalAndAdministrativeExpenses": 0,
        "sellingAndMarketingExpenses": 0,
        "sellingGeneralAndAdministrativeExpenses": 253600000,
        "otherExpenses": 175900000,
        "operatingExpenses": 429500000,
        "costAndExpenses": 1359900000,
        "interestIncome": 0,
        "interestExpense": 0,
        "depreciationAndAmortization": 175900000,
        "ebitda": 369200000,
        "ebitdaratio": 0.2377028071,
        "operatingIncome": 193300000,
        "operatingIncomeRatio": 0.1244527427,
        "totalOtherIncomeExpensesNet": 6800000,
        "incomeBeforeTax": 200100000,
        "incomeBeforeTaxRatio": 0.1288308009,
        "incomeTaxExpense": 21600000,
        "netIncome": 178500000,
        "netIncomeRatio": 0.1149240278,
        "eps": 0.19,
        "epsdiluted": 0.19,
        "weightedAverageShsOut": 964864865,
        "weightedAverageShsOutDil": 964864865,
        "link": null,
        "finalLink": null
    },
    {
        "date": "1992-03-31",
        "symbol": "SLB",
        "reportedCurrency": "USD",
        "cik": "0000087347",
        "fillingDate": "1992-03-31",
        "acceptedDate": "1992-03-31 00:00:00",
        "calendarYear": "1992",
        "period": "Q1",
        "revenue": 1552100000,
        "costOfRevenue": 953700000,
        "grossProfit": 598400000,
        "grossProfitRatio": 0.3855421687,
        "researchAndDevelopmentExpenses": 0,
        "generalAndAdministrativeExpenses": 0,
        "sellingAndMarketingExpenses": 0,
        "sellingGeneralAndAdministrativeExpenses": 260900000,
        "otherExpenses": 173900000,
        "operatingExpenses": 434800000,
        "costAndExpenses": 1388500000,
        "interestIncome": 0,
        "interestExpense": 0,
        "depreciationAndAmortization": 173900000,
        "ebitda": 337500000,
        "ebitdaratio": 0.2174473294,
        "operatingIncome": 163600000,
        "operatingIncomeRatio": 0.1054055795,
        "totalOtherIncomeExpensesNet": 20600000,
        "incomeBeforeTax": 184200000,
        "incomeBeforeTaxRatio": 0.1186779202,
        "incomeTaxExpense": 27900000,
        "netIncome": 156300000,
        "netIncomeRatio": 0.1007022743,
        "eps": 0.17,
        "epsdiluted": 0.17,
        "weightedAverageShsOut": 947272727,
        "weightedAverageShsOutDil": 947272727,
        "link": null,
        "finalLink": null
    },
    {
        "date": "1991-12-31",
        "symbol": "SLB",
        "reportedCurrency": "USD",
        "cik": "0000087347",
        "fillingDate": "1991-12-31",
        "acceptedDate": "1991-12-31 00:00:00",
        "calendarYear": "1991",
        "period": "Q4",
        "revenue": 1611400000,
        "costOfRevenue": 1000000000,
        "grossProfit": 611400000,
        "grossProfitRatio": 0.379421621,
        "researchAndDevelopmentExpenses": 0,
        "generalAndAdministrativeExpenses": 0,
        "sellingAndMarketingExpenses": 0,
        "sellingGeneralAndAdministrativeExpenses": 257100000,
        "otherExpenses": 167400000,
        "operatingExpenses": 424500000,
        "costAndExpenses": 1424500000,
        "interestIncome": 0,
        "interestExpense": 0,
        "depreciationAndAmortization": 167400000,
        "ebitda": 354300000,
        "ebitdaratio": 0.2198709197,
        "operatingIncome": 186900000,
        "operatingIncomeRatio": 0.115986099,
        "totalOtherIncomeExpensesNet": 177900000,
        "incomeBeforeTax": 364800000,
        "incomeBeforeTaxRatio": 0.2263869927,
        "incomeTaxExpense": 59000000,
        "netIncome": 305800000,
        "netIncomeRatio": 0.1897728683,
        "eps": 0.32,
        "epsdiluted": 0.32,
        "weightedAverageShsOut": 956888014,
        "weightedAverageShsOutDil": 957560976,
        "link": null,
        "finalLink": null
    },
    {
        "date": "1991-09-30",
        "symbol": "SLB",
        "reportedCurrency": "USD",
        "cik": "0000087347",
        "fillingDate": "1991-09-30",
        "acceptedDate": "1991-09-30 00:00:00",
        "calendarYear": "1991",
        "period": "Q3",
        "revenue": 1470100000,
        "costOfRevenue": 892100000,
        "grossProfit": 578000000,
        "grossProfitRatio": 0.3931705326,
        "researchAndDevelopmentExpenses": 0,
        "generalAndAdministrativeExpenses": 0,
        "sellingAndMarketingExpenses": 0,
        "sellingGeneralAndAdministrativeExpenses": 239400000,
        "otherExpenses": 168300000,
        "operatingExpenses": 407700000,
        "costAndExpenses": 1299800000,
        "interestIncome": 0,
        "interestExpense": 0,
        "depreciationAndAmortization": 168300000,
        "ebitda": 338600000,
        "ebitdaratio": 0.2303244677,
        "operatingIncome": 170300000,
        "operatingIncomeRatio": 0.1158424597,
        "totalOtherIncomeExpensesNet": 64200000,
        "incomeBeforeTax": 234500000,
        "incomeBeforeTaxRatio": 0.1595129583,
        "incomeTaxExpense": 38200000,
        "netIncome": 196300000,
        "netIncomeRatio": 0.1335283314,
        "eps": 0.21,
        "epsdiluted": 0.21,
        "weightedAverageShsOut": 957560976,
        "weightedAverageShsOutDil": 957560976,
        "link": null,
        "finalLink": null
    },
    {
        "date": "1991-06-30",
        "symbol": "SLB",
        "reportedCurrency": "USD",
        "cik": "0000087347",
        "fillingDate": "1991-06-30",
        "acceptedDate": "1991-06-30 00:00:00",
        "calendarYear": "1991",
        "period": "Q2",
        "revenue": 1552700000,
        "costOfRevenue": 931800000,
        "grossProfit": 620900000,
        "grossProfitRatio": 0.3998840729,
        "researchAndDevelopmentExpenses": 0,
        "generalAndAdministrativeExpenses": 0,
        "sellingAndMarketingExpenses": 0,
        "sellingGeneralAndAdministrativeExpenses": 244700000,
        "otherExpenses": 164300000,
        "operatingExpenses": 409000000,
        "costAndExpenses": 1340800000,
        "interestIncome": 0,
        "interestExpense": 0,
        "depreciationAndAmortization": 164300000,
        "ebitda": 376200000,
        "ebitdaratio": 0.242287628,
        "operatingIncome": 211900000,
        "operatingIncomeRatio": 0.1364719521,
        "totalOtherIncomeExpensesNet": 3500000,
        "incomeBeforeTax": 215400000,
        "incomeBeforeTaxRatio": 0.13872609,
        "incomeTaxExpense": 34600000,
        "netIncome": 180800000,
        "netIncomeRatio": 0.1164423263,
        "eps": 0.19,
        "epsdiluted": 0.19,
        "weightedAverageShsOut": 951578947,
        "weightedAverageShsOutDil": 951578947,
        "link": null,
        "finalLink": null
    },
    {
        "date": "1991-03-31",
        "symbol": "SLB",
        "reportedCurrency": "USD",
        "cik": "0000087347",
        "fillingDate": "1991-03-31",
        "acceptedDate": "1991-03-31 00:00:00",
        "calendarYear": "1991",
        "period": "Q1",
        "revenue": 1511000000,
        "costOfRevenue": 941300000,
        "grossProfit": 569700000,
        "grossProfitRatio": 0.3770350761,
        "researchAndDevelopmentExpenses": 0,
        "generalAndAdministrativeExpenses": 0,
        "sellingAndMarketingExpenses": 0,
        "sellingGeneralAndAdministrativeExpenses": 248200000,
        "otherExpenses": 159600000,
        "operatingExpenses": 407800000,
        "costAndExpenses": 1349100000,
        "interestIncome": 0,
        "interestExpense": 0,
        "depreciationAndAmortization": 159600000,
        "ebitda": 321500000,
        "ebitdaratio": 0.212772998,
        "operatingIncome": 161900000,
        "operatingIncomeRatio": 0.1071475844,
        "totalOtherIncomeExpensesNet": 5000000,
        "incomeBeforeTax": 166900000,
        "incomeBeforeTaxRatio": 0.1104566512,
        "incomeTaxExpense": 34100000,
        "netIncome": 132800000,
        "netIncomeRatio": 0.0878888154,
        "eps": 0.14,
        "epsdiluted": 0.14,
        "weightedAverageShsOut": 948571429,
        "weightedAverageShsOutDil": 948571429,
        "link": null,
        "finalLink": null
    },
    {
        "date": "1990-12-31",
        "symbol": "SLB",
        "reportedCurrency": "USD",
        "cik": "0000087347",
        "fillingDate": "1990-12-31",
        "acceptedDate": "1990-12-31 00:00:00",
        "calendarYear": "1990",
        "period": "Q4",
        "revenue": 1468600000,
        "costOfRevenue": 895900000,
        "grossProfit": 572700000,
        "grossProfitRatio": 0.3899632303,
        "researchAndDevelopmentExpenses": 0,
        "generalAndAdministrativeExpenses": 0,
        "sellingAndMarketingExpenses": 0,
        "sellingGeneralAndAdministrativeExpenses": 258100000,
        "otherExpenses": 145300000,
        "operatingExpenses": 403400000,
        "costAndExpenses": 1299300000,
        "interestIncome": 0,
        "interestExpense": 0,
        "depreciationAndAmortization": 145300000,
        "ebitda": 314600000,
        "ebitdaratio": 0.2142176222,
        "operatingIncome": 169300000,
        "operatingIncomeRatio": 0.1152798584,
        "totalOtherIncomeExpensesNet": 7200000,
        "incomeBeforeTax": 176500000,
        "incomeBeforeTaxRatio": 0.1201824867,
        "incomeTaxExpense": 26900000,
        "netIncome": 149600000,
        "netIncomeRatio": 0.1018657225,
        "eps": 0.16,
        "epsdiluted": 0.16,
        "weightedAverageShsOut": 950967742,
        "weightedAverageShsOutDil": 950967742,
        "link": null,
        "finalLink": null
    },
    {
        "date": "1990-09-30",
        "symbol": "SLB",
        "reportedCurrency": "USD",
        "cik": "0000087347",
        "fillingDate": "1990-09-30",
        "acceptedDate": "1990-09-30 00:00:00",
        "calendarYear": "1990",
        "period": "Q3",
        "revenue": 1323800000,
        "costOfRevenue": 780200000,
        "grossProfit": 543600000,
        "grossProfitRatio": 0.4106360477,
        "researchAndDevelopmentExpenses": 0,
        "generalAndAdministrativeExpenses": 0,
        "sellingAndMarketingExpenses": 0,
        "sellingGeneralAndAdministrativeExpenses": 222700000,
        "otherExpenses": 141000000,
        "operatingExpenses": 363700000,
        "costAndExpenses": 1143900000,
        "interestIncome": 0,
        "interestExpense": 0,
        "depreciationAndAmortization": 141000000,
        "ebitda": 320900000,
        "ebitdaratio": 0.2424082188,
        "operatingIncome": 179900000,
        "operatingIncomeRatio": 0.1358966611,
        "totalOtherIncomeExpensesNet": 7600000,
        "incomeBeforeTax": 187500000,
        "incomeBeforeTaxRatio": 0.1416377096,
        "incomeTaxExpense": 40100000,
        "netIncome": 147400000,
        "netIncomeRatio": 0.1113461248,
        "eps": 0.16,
        "epsdiluted": 0.16,
        "weightedAverageShsOut": 950967742,
        "weightedAverageShsOutDil": 950967742,
        "link": null,
        "finalLink": null
    },
    {
        "date": "1990-06-30",
        "symbol": "SLB",
        "reportedCurrency": "USD",
        "cik": "0000087347",
        "fillingDate": "1990-06-30",
        "acceptedDate": "1990-06-30 00:00:00",
        "calendarYear": "1990",
        "period": "Q2",
        "revenue": 1292100000,
        "costOfRevenue": 773700000,
        "grossProfit": 518400000,
        "grossProfitRatio": 0.4012073369,
        "researchAndDevelopmentExpenses": 0,
        "generalAndAdministrativeExpenses": 0,
        "sellingAndMarketingExpenses": 0,
        "sellingGeneralAndAdministrativeExpenses": 219000000,
        "otherExpenses": 130300000,
        "operatingExpenses": 349300000,
        "costAndExpenses": 1123000000,
        "interestIncome": 0,
        "interestExpense": 0,
        "depreciationAndAmortization": 130300000,
        "ebitda": 299400000,
        "ebitdaratio": 0.2317158115,
        "operatingIncome": 169100000,
        "operatingIncomeRatio": 0.1308722235,
        "totalOtherIncomeExpensesNet": 16600000,
        "incomeBeforeTax": 185700000,
        "incomeBeforeTaxRatio": 0.1437195264,
        "incomeTaxExpense": 40900000,
        "netIncome": 144800000,
        "netIncomeRatio": 0.1120656296,
        "eps": 0.16,
        "epsdiluted": 0.16,
        "weightedAverageShsOut": 934193548,
        "weightedAverageShsOutDil": 934193548,
        "link": null,
        "finalLink": null
    },
    {
        "date": "1990-03-31",
        "symbol": "SLB",
        "reportedCurrency": "USD",
        "cik": "0000087347",
        "fillingDate": "1990-03-31",
        "acceptedDate": "1990-03-31 00:00:00",
        "calendarYear": "1990",
        "period": "Q1",
        "revenue": 1221800000,
        "costOfRevenue": 729300000,
        "grossProfit": 492500000,
        "grossProfitRatio": 0.403093796,
        "researchAndDevelopmentExpenses": 0,
        "generalAndAdministrativeExpenses": 0,
        "sellingAndMarketingExpenses": 0,
        "sellingGeneralAndAdministrativeExpenses": 217300000,
        "otherExpenses": 135700000,
        "operatingExpenses": 353000000,
        "costAndExpenses": 1082300000,
        "interestIncome": 0,
        "interestExpense": 0,
        "depreciationAndAmortization": 135700000,
        "ebitda": 275200000,
        "ebitdaratio": 0.225241447,
        "operatingIncome": 139500000,
        "operatingIncomeRatio": 0.1141758062,
        "totalOtherIncomeExpensesNet": 9400000,
        "incomeBeforeTax": 148900000,
        "incomeBeforeTaxRatio": 0.1218693731,
        "incomeTaxExpense": 20300000,
        "netIncome": 128600000,
        "netIncomeRatio": 0.1052545425,
        "eps": 0.14,
        "epsdiluted": 0.14,
        "weightedAverageShsOut": 952592593,
        "weightedAverageShsOutDil": 952592593,
        "link": null,
        "finalLink": null
    },
    {
        "date": "1989-12-31",
        "symbol": "SLB",
        "reportedCurrency": "USD",
        "cik": "0000087347",
        "fillingDate": "1989-12-31",
        "acceptedDate": "1989-12-30 19:00:00",
        "calendarYear": "1989",
        "period": "Q4",
        "revenue": 1201000000,
        "costOfRevenue": 0,
        "grossProfit": 1201000000,
        "grossProfitRatio": 1,
        "researchAndDevelopmentExpenses": 0,
        "generalAndAdministrativeExpenses": 0,
        "sellingAndMarketingExpenses": 0,
        "sellingGeneralAndAdministrativeExpenses": 0,
        "otherExpenses": -4217300000,
        "operatingExpenses": -4217300000,
        "costAndExpenses": -4217300000,
        "interestIncome": 0,
        "interestExpense": 0,
        "depreciationAndAmortization": 0,
        "ebitda": -3016300000,
        "ebitdaratio": -2.5114904246,
        "operatingIncome": -3016300000,
        "operatingIncomeRatio": -2.5114904246,
        "totalOtherIncomeExpensesNet": 3016300000,
        "incomeBeforeTax": 0,
        "incomeBeforeTaxRatio": 0,
        "incomeTaxExpense": 0,
        "netIncome": 118100000,
        "netIncomeRatio": 0.0983347211,
        "eps": 0.13,
        "epsdiluted": 0.13,
        "weightedAverageShsOut": 950624000,
        "weightedAverageShsOutDil": 950892000,
        "link": "",
        "finalLink": ""
    },
    {
        "date": "1989-09-30",
        "symbol": "SLB",
        "reportedCurrency": "USD",
        "cik": "0000087347",
        "fillingDate": "1989-09-30",
        "acceptedDate": "1989-09-29 20:00:00",
        "calendarYear": "1989",
        "period": "Q3",
        "revenue": 1106000000,
        "costOfRevenue": 0,
        "grossProfit": 1106000000,
        "grossProfitRatio": 1,
        "researchAndDevelopmentExpenses": 0,
        "generalAndAdministrativeExpenses": 0,
        "sellingAndMarketingExpenses": 0,
        "sellingGeneralAndAdministrativeExpenses": 0,
        "otherExpenses": 0,
        "operatingExpenses": 0,
        "costAndExpenses": 0,
        "interestIncome": 0,
        "interestExpense": 0,
        "depreciationAndAmortization": 0,
        "ebitda": 1106000000,
        "ebitdaratio": 1,
        "operatingIncome": 1106000000,
        "operatingIncomeRatio": 1,
        "totalOtherIncomeExpensesNet": -1106000000,
        "incomeBeforeTax": 0,
        "incomeBeforeTaxRatio": 0,
        "incomeTaxExpense": 0,
        "netIncome": 114000000,
        "netIncomeRatio": 0.103074141,
        "eps": 0.12,
        "epsdiluted": 0.12,
        "weightedAverageShsOut": 950892000,
        "weightedAverageShsOutDil": 950892000,
        "link": "",
        "finalLink": ""
    },
    {
        "date": "1989-06-30",
        "symbol": "SLB",
        "reportedCurrency": "USD",
        "cik": "0000087347",
        "fillingDate": "1989-06-30",
        "acceptedDate": "1989-06-29 20:00:00",
        "calendarYear": "1989",
        "period": "Q2",
        "revenue": 1197000000,
        "costOfRevenue": 0,
        "grossProfit": 1197000000,
        "grossProfitRatio": 1,
        "researchAndDevelopmentExpenses": 0,
        "generalAndAdministrativeExpenses": 0,
        "sellingAndMarketingExpenses": 0,
        "sellingGeneralAndAdministrativeExpenses": 0,
        "otherExpenses": 0,
        "operatingExpenses": 0,
        "costAndExpenses": 0,
        "interestIncome": 0,
        "interestExpense": 0,
        "depreciationAndAmortization": 0,
        "ebitda": 1197000000,
        "ebitdaratio": 1,
        "operatingIncome": 1197000000,
        "operatingIncomeRatio": 1,
        "totalOtherIncomeExpensesNet": -1197000000,
        "incomeBeforeTax": 0,
        "incomeBeforeTaxRatio": 0,
        "incomeTaxExpense": 0,
        "netIncome": 105000000,
        "netIncomeRatio": 0.0877192982,
        "eps": 0.11,
        "epsdiluted": 0.11,
        "weightedAverageShsOut": 950892000,
        "weightedAverageShsOutDil": 950892000,
        "link": "",
        "finalLink": ""
    },
    {
        "date": "1989-03-31",
        "symbol": "SLB",
        "reportedCurrency": "USD",
        "cik": "0000087347",
        "fillingDate": "1989-03-31",
        "acceptedDate": "1989-03-30 19:00:00",
        "calendarYear": "1989",
        "period": "Q1",
        "revenue": 1182000000,
        "costOfRevenue": 0,
        "grossProfit": 1182000000,
        "grossProfitRatio": 1,
        "researchAndDevelopmentExpenses": 0,
        "generalAndAdministrativeExpenses": 0,
        "sellingAndMarketingExpenses": 0,
        "sellingGeneralAndAdministrativeExpenses": 0,
        "otherExpenses": 0,
        "operatingExpenses": 0,
        "costAndExpenses": 0,
        "interestIncome": 0,
        "interestExpense": 0,
        "depreciationAndAmortization": 0,
        "ebitda": 1182000000,
        "ebitdaratio": 1,
        "operatingIncome": 1182000000,
        "operatingIncomeRatio": 1,
        "totalOtherIncomeExpensesNet": -1182000000,
        "incomeBeforeTax": 0,
        "incomeBeforeTaxRatio": 0,
        "incomeTaxExpense": 0,
        "netIncome": 83000000,
        "netIncomeRatio": 0.0702199662,
        "eps": 0.09,
        "epsdiluted": 0.09,
        "weightedAverageShsOut": 950892000,
        "weightedAverageShsOutDil": 950892000,
        "link": "",
        "finalLink": ""
    },
    {
        "date": "1988-12-31",
        "symbol": "SLB",
        "reportedCurrency": "USD",
        "cik": "0000087347",
        "fillingDate": "1988-12-31",
        "acceptedDate": "1988-12-30 19:00:00",
        "calendarYear": "1988",
        "period": "Q4",
        "revenue": 1036800000,
        "costOfRevenue": 0,
        "grossProfit": 1036800000,
        "grossProfitRatio": 1,
        "researchAndDevelopmentExpenses": 0,
        "generalAndAdministrativeExpenses": 0,
        "sellingAndMarketingExpenses": 0,
        "sellingGeneralAndAdministrativeExpenses": 0,
        "otherExpenses": -4458300000,
        "operatingExpenses": -4458300000,
        "costAndExpenses": -4458300000,
        "interestIncome": 0,
        "interestExpense": 0,
        "depreciationAndAmortization": 0,
        "ebitda": -3421500000,
        "ebitdaratio": -3.3000578704,
        "operatingIncome": -3421500000,
        "operatingIncomeRatio": -3.3000578704,
        "totalOtherIncomeExpensesNet": 3421500000,
        "incomeBeforeTax": 0,
        "incomeBeforeTaxRatio": 0,
        "incomeTaxExpense": 0,
        "netIncome": 96700000,
        "netIncomeRatio": 0.0932677469,
        "eps": 0.11,
        "epsdiluted": 0.11,
        "weightedAverageShsOut": 1088840000,
        "weightedAverageShsOutDil": 1088840000,
        "link": "",
        "finalLink": ""
    },
    {
        "date": "1988-09-30",
        "symbol": "SLB",
        "reportedCurrency": "USD",
        "cik": "0000087347",
        "fillingDate": "1988-09-30",
        "acceptedDate": "1988-09-29 20:00:00",
        "calendarYear": "1988",
        "period": "Q3",
        "revenue": 1235900000,
        "costOfRevenue": 0,
        "grossProfit": 1235900000,
        "grossProfitRatio": 1,
        "researchAndDevelopmentExpenses": 0,
        "generalAndAdministrativeExpenses": 0,
        "sellingAndMarketingExpenses": 0,
        "sellingGeneralAndAdministrativeExpenses": 0,
        "otherExpenses": 0,
        "operatingExpenses": 0,
        "costAndExpenses": 0,
        "interestIncome": 0,
        "interestExpense": 0,
        "depreciationAndAmortization": 0,
        "ebitda": 1235900000,
        "ebitdaratio": 1,
        "operatingIncome": 1235900000,
        "operatingIncomeRatio": 1,
        "totalOtherIncomeExpensesNet": -1235900000,
        "incomeBeforeTax": 0,
        "incomeBeforeTaxRatio": 0,
        "incomeTaxExpense": 0,
        "netIncome": 112200000,
        "netIncomeRatio": 0.090784044,
        "eps": 0.11,
        "epsdiluted": 0.11,
        "weightedAverageShsOut": 1088840000,
        "weightedAverageShsOutDil": 1088840000,
        "link": "",
        "finalLink": ""
    },
    {
        "date": "1988-06-30",
        "symbol": "SLB",
        "reportedCurrency": "USD",
        "cik": "0000087347",
        "fillingDate": "1988-06-30",
        "acceptedDate": "1988-06-29 20:00:00",
        "calendarYear": "1988",
        "period": "Q2",
        "revenue": 1352800000,
        "costOfRevenue": 0,
        "grossProfit": 1352800000,
        "grossProfitRatio": 1,
        "researchAndDevelopmentExpenses": 0,
        "generalAndAdministrativeExpenses": 0,
        "sellingAndMarketingExpenses": 0,
        "sellingGeneralAndAdministrativeExpenses": 0,
        "otherExpenses": 0,
        "operatingExpenses": 0,
        "costAndExpenses": 0,
        "interestIncome": 0,
        "interestExpense": 0,
        "depreciationAndAmortization": 0,
        "ebitda": 1352800000,
        "ebitdaratio": 1,
        "operatingIncome": 1352800000,
        "operatingIncomeRatio": 1,
        "totalOtherIncomeExpensesNet": -1352800000,
        "incomeBeforeTax": 0,
        "incomeBeforeTaxRatio": 0,
        "incomeTaxExpense": 0,
        "netIncome": 144000000,
        "netIncomeRatio": 0.10644589,
        "eps": 0.14,
        "epsdiluted": 0.14,
        "weightedAverageShsOut": 1088840000,
        "weightedAverageShsOutDil": 1088840000,
        "link": "",
        "finalLink": ""
    },
    {
        "date": "1988-03-31",
        "symbol": "SLB",
        "reportedCurrency": "USD",
        "cik": "0000087347",
        "fillingDate": "1988-03-31",
        "acceptedDate": "1988-03-30 19:00:00",
        "calendarYear": "1988",
        "period": "Q1",
        "revenue": 1299000000,
        "costOfRevenue": 0,
        "grossProfit": 1299000000,
        "grossProfitRatio": 1,
        "researchAndDevelopmentExpenses": 0,
        "generalAndAdministrativeExpenses": 0,
        "sellingAndMarketingExpenses": 0,
        "sellingGeneralAndAdministrativeExpenses": 0,
        "otherExpenses": 0,
        "operatingExpenses": 0,
        "costAndExpenses": 0,
        "interestIncome": 0,
        "interestExpense": 0,
        "depreciationAndAmortization": 0,
        "ebitda": 1299000000,
        "ebitdaratio": 1,
        "operatingIncome": 1299000000,
        "operatingIncomeRatio": 1,
        "totalOtherIncomeExpensesNet": -1299000000,
        "incomeBeforeTax": 0,
        "incomeBeforeTaxRatio": 0,
        "incomeTaxExpense": 0,
        "netIncome": 101000000,
        "netIncomeRatio": 0.077752117,
        "eps": 0.095,
        "epsdiluted": 0.095,
        "weightedAverageShsOut": 1094908000,
        "weightedAverageShsOutDil": 1094908000,
        "link": "",
        "finalLink": ""
    },
    {
        "date": "1987-12-31",
        "symbol": "SLB",
        "reportedCurrency": "USD",
        "cik": "0000087347",
        "fillingDate": "1987-12-31",
        "acceptedDate": "1987-12-30 19:00:00",
        "calendarYear": "1987",
        "period": "Q4",
        "revenue": 975100000,
        "costOfRevenue": 0,
        "grossProfit": 975100000,
        "grossProfitRatio": 1,
        "researchAndDevelopmentExpenses": 0,
        "generalAndAdministrativeExpenses": 0,
        "sellingAndMarketingExpenses": 0,
        "sellingGeneralAndAdministrativeExpenses": 0,
        "otherExpenses": -4165000000,
        "operatingExpenses": -4165000000,
        "costAndExpenses": -4165000000,
        "interestIncome": 0,
        "interestExpense": 0,
        "depreciationAndAmortization": 0,
        "ebitda": -3189900000,
        "ebitdaratio": -3.2713567839,
        "operatingIncome": -3189900000,
        "operatingIncomeRatio": -3.2713567839,
        "totalOtherIncomeExpensesNet": 3189900000,
        "incomeBeforeTax": 0,
        "incomeBeforeTaxRatio": 0,
        "incomeTaxExpense": 0,
        "netIncome": 315800000,
        "netIncomeRatio": 0.3238642191,
        "eps": 0.28,
        "epsdiluted": 0.28,
        "weightedAverageShsOut": 1088840000,
        "weightedAverageShsOutDil": 1114688000,
        "link": "",
        "finalLink": ""
    },
    {
        "date": "1987-09-30",
        "symbol": "SLB",
        "reportedCurrency": "USD",
        "cik": "0000087347",
        "fillingDate": "1987-09-30",
        "acceptedDate": "1987-09-29 20:00:00",
        "calendarYear": "1987",
        "period": "Q3",
        "revenue": 1089000000,
        "costOfRevenue": 0,
        "grossProfit": 1089000000,
        "grossProfitRatio": 1,
        "researchAndDevelopmentExpenses": 0,
        "generalAndAdministrativeExpenses": 0,
        "sellingAndMarketingExpenses": 0,
        "sellingGeneralAndAdministrativeExpenses": 0,
        "otherExpenses": 0,
        "operatingExpenses": 0,
        "costAndExpenses": 0,
        "interestIncome": 0,
        "interestExpense": 0,
        "depreciationAndAmortization": 0,
        "ebitda": 1089000000,
        "ebitdaratio": 1,
        "operatingIncome": 1089000000,
        "operatingIncomeRatio": 1,
        "totalOtherIncomeExpensesNet": -1089000000,
        "incomeBeforeTax": 0,
        "incomeBeforeTaxRatio": 0,
        "incomeTaxExpense": 0,
        "netIncome": 0,
        "netIncomeRatio": 0,
        "eps": -0.065,
        "epsdiluted": -0.065,
        "weightedAverageShsOut": 1114688000,
        "weightedAverageShsOutDil": 1114688000,
        "link": "",
        "finalLink": ""
    },
    {
        "date": "1987-06-30",
        "symbol": "SLB",
        "reportedCurrency": "USD",
        "cik": "0000087347",
        "fillingDate": "1987-06-30",
        "acceptedDate": "1987-06-29 20:00:00",
        "calendarYear": "1987",
        "period": "Q2",
        "revenue": 1053000000,
        "costOfRevenue": 0,
        "grossProfit": 1053000000,
        "grossProfitRatio": 1,
        "researchAndDevelopmentExpenses": 0,
        "generalAndAdministrativeExpenses": 0,
        "sellingAndMarketingExpenses": 0,
        "sellingGeneralAndAdministrativeExpenses": 0,
        "otherExpenses": 0,
        "operatingExpenses": 0,
        "costAndExpenses": 0,
        "interestIncome": 0,
        "interestExpense": 0,
        "depreciationAndAmortization": 0,
        "ebitda": 1053000000,
        "ebitdaratio": 1,
        "operatingIncome": 1053000000,
        "operatingIncomeRatio": 1,
        "totalOtherIncomeExpensesNet": -1053000000,
        "incomeBeforeTax": 0,
        "incomeBeforeTaxRatio": 0,
        "incomeTaxExpense": 0,
        "netIncome": 30200000,
        "netIncomeRatio": 0.028679962,
        "eps": 0.03,
        "epsdiluted": 0.03,
        "weightedAverageShsOut": 1124636000,
        "weightedAverageShsOutDil": 1124636000,
        "link": "",
        "finalLink": ""
    },
    {
        "date": "1987-03-31",
        "symbol": "SLB",
        "reportedCurrency": "USD",
        "cik": "0000087347",
        "fillingDate": "1987-03-31",
        "acceptedDate": "1987-03-30 19:00:00",
        "calendarYear": "1987",
        "period": "Q1",
        "revenue": 1031000000,
        "costOfRevenue": 0,
        "grossProfit": 1031000000,
        "grossProfitRatio": 1,
        "researchAndDevelopmentExpenses": 0,
        "generalAndAdministrativeExpenses": 0,
        "sellingAndMarketingExpenses": 0,
        "sellingGeneralAndAdministrativeExpenses": 0,
        "otherExpenses": 0,
        "operatingExpenses": 0,
        "costAndExpenses": 0,
        "interestIncome": 0,
        "interestExpense": 0,
        "depreciationAndAmortization": 0,
        "ebitda": 1031000000,
        "ebitdaratio": 1,
        "operatingIncome": 1031000000,
        "operatingIncomeRatio": 1,
        "totalOtherIncomeExpensesNet": -1031000000,
        "incomeBeforeTax": 0,
        "incomeBeforeTaxRatio": 0,
        "incomeTaxExpense": 0,
        "netIncome": 5000000,
        "netIncomeRatio": 0.0048496605,
        "eps": 0.005,
        "epsdiluted": 0.005,
        "weightedAverageShsOut": 1143632000,
        "weightedAverageShsOutDil": 1143632000,
        "link": "",
        "finalLink": ""
    },
    {
        "date": "1986-12-31",
        "symbol": "SLB",
        "reportedCurrency": "USD",
        "cik": "0000087347",
        "fillingDate": "1986-12-31",
        "acceptedDate": "1986-12-30 19:00:00",
        "calendarYear": "1986",
        "period": "Q4",
        "revenue": 277400000,
        "costOfRevenue": 0,
        "grossProfit": 277400000,
        "grossProfitRatio": 1,
        "researchAndDevelopmentExpenses": 0,
        "generalAndAdministrativeExpenses": 0,
        "sellingAndMarketingExpenses": 0,
        "sellingGeneralAndAdministrativeExpenses": 0,
        "otherExpenses": -4475800000,
        "operatingExpenses": -4475800000,
        "costAndExpenses": -4475800000,
        "interestIncome": 0,
        "interestExpense": 0,
        "depreciationAndAmortization": 0,
        "ebitda": -4198400000,
        "ebitdaratio": -15.1348233598,
        "operatingIncome": -4198400000,
        "operatingIncomeRatio": -15.1348233598,
        "totalOtherIncomeExpensesNet": 4198400000,
        "incomeBeforeTax": 0,
        "incomeBeforeTaxRatio": 0,
        "incomeTaxExpense": 0,
        "netIncome": -1816100000,
        "netIncomeRatio": -6.5468637347,
        "eps": -1.89,
        "epsdiluted": -1.89,
        "weightedAverageShsOut": 1124636000,
        "weightedAverageShsOutDil": 1143632000,
        "link": "",
        "finalLink": ""
    },
    {
        "date": "1986-09-30",
        "symbol": "SLB",
        "reportedCurrency": "USD",
        "cik": "0000087347",
        "fillingDate": "1986-09-30",
        "acceptedDate": "1986-09-29 20:00:00",
        "calendarYear": "1986",
        "period": "Q3",
        "revenue": 1290800000,
        "costOfRevenue": 0,
        "grossProfit": 1290800000,
        "grossProfitRatio": 1,
        "researchAndDevelopmentExpenses": 0,
        "generalAndAdministrativeExpenses": 0,
        "sellingAndMarketingExpenses": 0,
        "sellingGeneralAndAdministrativeExpenses": 0,
        "otherExpenses": 0,
        "operatingExpenses": 0,
        "costAndExpenses": 0,
        "interestIncome": 0,
        "interestExpense": 0,
        "depreciationAndAmortization": 0,
        "ebitda": 1290800000,
        "ebitdaratio": 1,
        "operatingIncome": 1290800000,
        "operatingIncomeRatio": 1,
        "totalOtherIncomeExpensesNet": -1290800000,
        "incomeBeforeTax": 0,
        "incomeBeforeTaxRatio": 0,
        "incomeTaxExpense": 0,
        "netIncome": -41300000,
        "netIncomeRatio": -0.0319956616,
        "eps": -0.035,
        "epsdiluted": -0.035,
        "weightedAverageShsOut": 1143632000,
        "weightedAverageShsOutDil": 1143632000,
        "link": "",
        "finalLink": ""
    },
    {
        "date": "1986-06-30",
        "symbol": "SLB",
        "reportedCurrency": "USD",
        "cik": "0000087347",
        "fillingDate": "1986-06-30",
        "acceptedDate": "1986-06-29 20:00:00",
        "calendarYear": "1986",
        "period": "Q2",
        "revenue": 1410900000,
        "costOfRevenue": 0,
        "grossProfit": 1410900000,
        "grossProfitRatio": 1,
        "researchAndDevelopmentExpenses": 0,
        "generalAndAdministrativeExpenses": 0,
        "sellingAndMarketingExpenses": 0,
        "sellingGeneralAndAdministrativeExpenses": 0,
        "otherExpenses": 0,
        "operatingExpenses": 0,
        "costAndExpenses": 0,
        "interestIncome": 0,
        "interestExpense": 0,
        "depreciationAndAmortization": 0,
        "ebitda": 1410900000,
        "ebitdaratio": 1,
        "operatingIncome": 1410900000,
        "operatingIncomeRatio": 1,
        "totalOtherIncomeExpensesNet": -1410900000,
        "incomeBeforeTax": 0,
        "incomeBeforeTaxRatio": 0,
        "incomeTaxExpense": 0,
        "netIncome": 55200000,
        "netIncomeRatio": 0.0391239634,
        "eps": 0.05,
        "epsdiluted": 0.05,
        "weightedAverageShsOut": 1183896000,
        "weightedAverageShsOutDil": 1183896000,
        "link": "",
        "finalLink": ""
    },
    {
        "date": "1986-03-31",
        "symbol": "SLB",
        "reportedCurrency": "USD",
        "cik": "0000087347",
        "fillingDate": "1986-03-31",
        "acceptedDate": "1986-03-30 19:00:00",
        "calendarYear": "1986",
        "period": "Q1",
        "revenue": 1589200000,
        "costOfRevenue": 0,
        "grossProfit": 1589200000,
        "grossProfitRatio": 1,
        "researchAndDevelopmentExpenses": 0,
        "generalAndAdministrativeExpenses": 0,
        "sellingAndMarketingExpenses": 0,
        "sellingGeneralAndAdministrativeExpenses": 0,
        "otherExpenses": 0,
        "operatingExpenses": 0,
        "costAndExpenses": 0,
        "interestIncome": 0,
        "interestExpense": 0,
        "depreciationAndAmortization": 0,
        "ebitda": 1589200000,
        "ebitdaratio": 1,
        "operatingIncome": 1589200000,
        "operatingIncomeRatio": 1,
        "totalOtherIncomeExpensesNet": -1589200000,
        "incomeBeforeTax": 0,
        "incomeBeforeTaxRatio": 0,
        "incomeTaxExpense": 0,
        "netIncome": 148200000,
        "netIncomeRatio": 0.0932544677,
        "eps": 0.13,
        "epsdiluted": 0.13,
        "weightedAverageShsOut": 1183896000,
        "weightedAverageShsOutDil": 1183896000,
        "link": "",
        "finalLink": ""
    },
    {
        "date": "1985-12-31",
        "symbol": "SLB",
        "reportedCurrency": "USD",
        "cik": "0000087347",
        "fillingDate": "1985-12-31",
        "acceptedDate": "1985-12-30 19:00:00",
        "calendarYear": "1985",
        "period": "Q4",
        "revenue": 1563000000,
        "costOfRevenue": 0,
        "grossProfit": 1563000000,
        "grossProfitRatio": 1,
        "researchAndDevelopmentExpenses": 0,
        "generalAndAdministrativeExpenses": 0,
        "sellingAndMarketingExpenses": 0,
        "sellingGeneralAndAdministrativeExpenses": 0,
        "otherExpenses": -5244000000,
        "operatingExpenses": -5244000000,
        "costAndExpenses": -5244000000,
        "interestIncome": 0,
        "interestExpense": 0,
        "depreciationAndAmortization": 0,
        "ebitda": -3681000000,
        "ebitdaratio": -2.3550863724,
        "operatingIncome": -3681000000,
        "operatingIncomeRatio": -2.3550863724,
        "totalOtherIncomeExpensesNet": 3681000000,
        "incomeBeforeTax": 0,
        "incomeBeforeTaxRatio": 0,
        "incomeTaxExpense": 0,
        "netIncome": -373000000,
        "netIncomeRatio": -0.238643634,
        "eps": -0.31,
        "epsdiluted": -0.31,
        "weightedAverageShsOut": 1183896000,
        "weightedAverageShsOutDil": 1194500000,
        "link": "",
        "finalLink": ""
    },
    {
        "date": "1985-09-30",
        "symbol": "SLB",
        "reportedCurrency": "USD",
        "cik": "0000087347",
        "fillingDate": "1985-09-30",
        "acceptedDate": "1985-09-29 20:00:00",
        "calendarYear": "1985",
        "period": "Q3",
        "revenue": 1448000000,
        "costOfRevenue": 0,
        "grossProfit": 1448000000,
        "grossProfitRatio": 1,
        "researchAndDevelopmentExpenses": 0,
        "generalAndAdministrativeExpenses": 0,
        "sellingAndMarketingExpenses": 0,
        "sellingGeneralAndAdministrativeExpenses": 0,
        "otherExpenses": 0,
        "operatingExpenses": 0,
        "costAndExpenses": 0,
        "interestIncome": 0,
        "interestExpense": 0,
        "depreciationAndAmortization": 0,
        "ebitda": 1448000000,
        "ebitdaratio": 1,
        "operatingIncome": 1448000000,
        "operatingIncomeRatio": 1,
        "totalOtherIncomeExpensesNet": -1448000000,
        "incomeBeforeTax": 0,
        "incomeBeforeTaxRatio": 0,
        "incomeTaxExpense": 0,
        "netIncome": 208000000,
        "netIncomeRatio": 0.1436464088,
        "eps": 0.18,
        "epsdiluted": 0.18,
        "weightedAverageShsOut": 1194500000,
        "weightedAverageShsOutDil": 1194500000,
        "link": "",
        "finalLink": ""
    }
]