[
    {
        "date": "2025-09-30",
        "symbol": "SLG",
        "reportedCurrency": "USD",
        "cik": "0001040971",
        "fillingDate": "2025-10-15",
        "acceptedDate": "2025-09-29 20:00:00",
        "calendarYear": "2025",
        "period": "Q3",
        "revenue": 244817000,
        "costOfRevenue": 37627000,
        "grossProfit": 207190000,
        "grossProfitRatio": 0.8463056079,
        "researchAndDevelopmentExpenses": 0,
        "generalAndAdministrativeExpenses": 23701000,
        "sellingAndMarketingExpenses": 0,
        "sellingGeneralAndAdministrativeExpenses": 23701000,
        "otherExpenses": 0,
        "operatingExpenses": 23701000,
        "costAndExpenses": 61328000,
        "interestIncome": 4356000,
        "interestExpense": 47235000,
        "depreciationAndAmortization": 63216000,
        "ebitda": 158089000,
        "ebitdaratio": 0.6457435554,
        "operatingIncome": 183489000,
        "operatingIncomeRatio": 0.7494945204,
        "totalOtherIncomeExpensesNet": -158615000,
        "incomeBeforeTax": 24874000,
        "incomeBeforeTaxRatio": 0.1016024214,
        "incomeTaxExpense": -10287000,
        "netIncome": 30766000,
        "netIncomeRatio": 0.1256693775,
        "eps": 0.35,
        "epsdiluted": 0.34,
        "weightedAverageShsOut": 74318000,
        "weightedAverageShsOutDil": 76248000,
        "link": null,
        "finalLink": null
    },
    {
        "date": "2025-06-30",
        "symbol": "SLG",
        "reportedCurrency": "USD",
        "cik": "0001040971",
        "fillingDate": "2025-08-08",
        "acceptedDate": "2025-08-07 18:04:43",
        "calendarYear": "2025",
        "period": "Q2",
        "revenue": 219141000,
        "costOfRevenue": 73520000,
        "grossProfit": 145621000,
        "grossProfitRatio": 0.664508239,
        "researchAndDevelopmentExpenses": 0,
        "generalAndAdministrativeExpenses": 0,
        "sellingAndMarketingExpenses": 0,
        "sellingGeneralAndAdministrativeExpenses": 21579000,
        "otherExpenses": 0,
        "operatingExpenses": 21579000,
        "costAndExpenses": 95099000,
        "interestIncome": 0,
        "interestExpense": 68110000,
        "depreciationAndAmortization": 61664000,
        "ebitda": 123999000,
        "ebitdaratio": 0.5658411708,
        "operatingIncome": 124042000,
        "operatingIncomeRatio": 0.5660373915,
        "totalOtherIncomeExpensesNet": -130859000,
        "incomeBeforeTax": -6817000,
        "incomeBeforeTaxRatio": -0.0311078256,
        "incomeTaxExpense": 0,
        "netIncome": -5202000,
        "netIncomeRatio": -0.0237381412,
        "eps": -0.37,
        "epsdiluted": -0.16,
        "weightedAverageShsOut": 31551557,
        "weightedAverageShsOutDil": 70436000,
        "link": "https://www.sec.gov/Archives/edgar/data/1040971/000104097125000031/0001040971-25-000031-index.htm",
        "finalLink": "https://www.sec.gov/Archives/edgar/data/1040971/000104097125000031/slg-20250630.htm"
    },
    {
        "date": "2025-03-31",
        "symbol": "SLG",
        "reportedCurrency": "USD",
        "cik": "0001040971",
        "fillingDate": "2025-05-01",
        "acceptedDate": "2025-05-01 09:22:45",
        "calendarYear": "2025",
        "period": "Q1",
        "revenue": 241016000,
        "costOfRevenue": 121149000,
        "grossProfit": 119867000,
        "grossProfitRatio": 0.4973404255,
        "researchAndDevelopmentExpenses": 0,
        "generalAndAdministrativeExpenses": 0,
        "sellingAndMarketingExpenses": 0,
        "sellingGeneralAndAdministrativeExpenses": 21724000,
        "otherExpenses": 0,
        "operatingExpenses": 21724000,
        "costAndExpenses": 142873000,
        "interestIncome": 0,
        "interestExpense": 45681000,
        "depreciationAndAmortization": 66107000,
        "ebitda": 99797000,
        "ebitdaratio": 0.4140679457,
        "operatingIncome": 98143000,
        "operatingIncomeRatio": 0.4072053308,
        "totalOtherIncomeExpensesNet": -119688000,
        "incomeBeforeTax": -21545000,
        "incomeBeforeTaxRatio": -0.0893924055,
        "incomeTaxExpense": 0,
        "netIncome": -15183000,
        "netIncomeRatio": -0.0629958177,
        "eps": -0.43,
        "epsdiluted": -0.3,
        "weightedAverageShsOut": 49878613,
        "weightedAverageShsOutDil": 70424000,
        "link": "https://www.sec.gov/Archives/edgar/data/1040971/000104097125000022/0001040971-25-000022-index.htm",
        "finalLink": "https://www.sec.gov/Archives/edgar/data/1040971/000104097125000022/slg-20250331.htm"
    },
    {
        "date": "2024-12-31",
        "symbol": "SLG",
        "reportedCurrency": "USD",
        "cik": "0001040971",
        "fillingDate": "2025-02-18",
        "acceptedDate": "2025-02-14 21:09:22",
        "calendarYear": "2024",
        "period": "Q4",
        "revenue": -33873000,
        "costOfRevenue": 117921000,
        "grossProfit": -151794000,
        "grossProfitRatio": 4.4812682668,
        "researchAndDevelopmentExpenses": 0,
        "generalAndAdministrativeExpenses": 0,
        "sellingAndMarketingExpenses": 0,
        "sellingGeneralAndAdministrativeExpenses": 22827000,
        "otherExpenses": 0,
        "operatingExpenses": 22827000,
        "costAndExpenses": 140748000,
        "interestIncome": -1057000,
        "interestExpense": 50134000,
        "depreciationAndAmortization": 54266000,
        "ebitda": -175740000,
        "ebitdaratio": 5.1882029935,
        "operatingIncome": -174621000,
        "operatingIncomeRatio": 5.1551678328,
        "totalOtherIncomeExpensesNet": 193759000,
        "incomeBeforeTax": 19138000,
        "incomeBeforeTaxRatio": -0.5649927671,
        "incomeTaxExpense": 0,
        "netIncome": 15253000,
        "netIncomeRatio": -0.4502996487,
        "eps": 0.072,
        "epsdiluted": 0.1202,
        "weightedAverageShsOut": 121696878,
        "weightedAverageShsOutDil": 72915000,
        "link": "https://www.sec.gov/Archives/edgar/data/1040971/000104097125000010/0001040971-25-000010-index.htm",
        "finalLink": "https://www.sec.gov/Archives/edgar/data/1040971/000104097125000010/slg-20241231.htm"
    },
    {
        "date": "2024-09-30",
        "symbol": "SLG",
        "reportedCurrency": "USD",
        "cik": "0001040971",
        "fillingDate": "2024-10-31",
        "acceptedDate": "2024-10-31 17:19:49",
        "calendarYear": "2024",
        "period": "Q3",
        "revenue": 214263000,
        "costOfRevenue": 124602000,
        "grossProfit": 89661000,
        "grossProfitRatio": 0.418462357,
        "researchAndDevelopmentExpenses": 0,
        "generalAndAdministrativeExpenses": 0,
        "sellingAndMarketingExpenses": 0,
        "sellingGeneralAndAdministrativeExpenses": 21015000,
        "otherExpenses": 0,
        "operatingExpenses": 21015000,
        "costAndExpenses": 145617000,
        "interestIncome": -783000,
        "interestExpense": 46307000,
        "depreciationAndAmortization": 54010000,
        "ebitda": 71259000,
        "ebitdaratio": 0.3325772532,
        "operatingIncome": 68646000,
        "operatingIncomeRatio": 0.3203819605,
        "totalOtherIncomeExpensesNet": -77910000,
        "incomeBeforeTax": -9264000,
        "incomeBeforeTaxRatio": -0.0432365831,
        "incomeTaxExpense": 0,
        "netIncome": -7365000,
        "netIncomeRatio": -0.0343736436,
        "eps": -0.4,
        "epsdiluted": -0.21,
        "weightedAverageShsOut": 34579250,
        "weightedAverageShsOutDil": 64388000,
        "link": "https://www.sec.gov/Archives/edgar/data/1040971/000104097124000031/0001040971-24-000031-index.htm",
        "finalLink": "https://www.sec.gov/Archives/edgar/data/1040971/000104097124000031/slg-20240930.htm"
    },
    {
        "date": "2024-06-30",
        "symbol": "SLG",
        "reportedCurrency": "USD",
        "cik": "0001040971",
        "fillingDate": "2024-07-31",
        "acceptedDate": "2024-07-31 16:47:07",
        "calendarYear": "2024",
        "period": "Q2",
        "revenue": 227145000,
        "costOfRevenue": 107947000,
        "grossProfit": 119198000,
        "grossProfitRatio": 0.5247661186,
        "researchAndDevelopmentExpenses": 0,
        "generalAndAdministrativeExpenses": 0,
        "sellingAndMarketingExpenses": 0,
        "sellingGeneralAndAdministrativeExpenses": 20032000,
        "otherExpenses": 0,
        "operatingExpenses": 20032000,
        "costAndExpenses": 127979000,
        "interestIncome": -639000,
        "interestExpense": 36841000,
        "depreciationAndAmortization": 53112000,
        "ebitda": 98176000,
        "ebitdaratio": 0.4322173061,
        "operatingIncome": 99166000,
        "operatingIncomeRatio": 0.4365757556,
        "totalOtherIncomeExpensesNet": -97207000,
        "incomeBeforeTax": 1959000,
        "incomeBeforeTaxRatio": 0.0086244469,
        "incomeTaxExpense": 0,
        "netIncome": 3983000,
        "netIncomeRatio": 0.0175350547,
        "eps": -0.0263,
        "epsdiluted": -0.0378,
        "weightedAverageShsOut": 98738193,
        "weightedAverageShsOutDil": 68740000,
        "link": "https://www.sec.gov/Archives/edgar/data/1040971/000104097124000025/0001040971-24-000025-index.htm",
        "finalLink": "https://www.sec.gov/Archives/edgar/data/1040971/000104097124000025/slg-20240630.htm"
    },
    {
        "date": "2024-03-31",
        "symbol": "SLG",
        "reportedCurrency": "USD",
        "cik": "0001040971",
        "fillingDate": "2024-05-06",
        "acceptedDate": "2024-05-03 18:33:01",
        "calendarYear": "2024",
        "period": "Q1",
        "revenue": 299042000,
        "costOfRevenue": 103477000,
        "grossProfit": 195565000,
        "grossProfitRatio": 0.6539716829,
        "researchAndDevelopmentExpenses": 0,
        "generalAndAdministrativeExpenses": 0,
        "sellingAndMarketingExpenses": 0,
        "sellingGeneralAndAdministrativeExpenses": 21313000,
        "otherExpenses": 0,
        "operatingExpenses": 21313000,
        "costAndExpenses": 124790000,
        "interestIncome": -672000,
        "interestExpense": 32040000,
        "depreciationAndAmortization": 48633000,
        "ebitda": 175596000,
        "ebitdaratio": 0.5871951097,
        "operatingIncome": 174252000,
        "operatingIncomeRatio": 0.5827007578,
        "totalOtherIncomeExpensesNet": -155863000,
        "incomeBeforeTax": 18389000,
        "incomeBeforeTaxRatio": 0.0614930344,
        "incomeTaxExpense": 0,
        "netIncome": 18782000,
        "netIncomeRatio": 0.0628072311,
        "eps": 0.2,
        "epsdiluted": 0.1813,
        "weightedAverageShsOut": 64328000,
        "weightedAverageShsOutDil": 70095000,
        "link": "https://www.sec.gov/Archives/edgar/data/1040971/000104097124000018/0001040971-24-000018-index.htm",
        "finalLink": "https://www.sec.gov/Archives/edgar/data/1040971/000104097124000018/slg-20240331.htm"
    },
    {
        "date": "2023-12-31",
        "symbol": "SLG",
        "reportedCurrency": "USD",
        "cik": "0001040971",
        "fillingDate": "2024-02-23",
        "acceptedDate": "2024-02-23 16:06:40",
        "calendarYear": "2023",
        "period": "Q4",
        "revenue": 179685000,
        "costOfRevenue": 97574000,
        "grossProfit": 82111000,
        "grossProfitRatio": 0.4569719231,
        "researchAndDevelopmentExpenses": 0,
        "generalAndAdministrativeExpenses": 0,
        "sellingAndMarketingExpenses": 0,
        "sellingGeneralAndAdministrativeExpenses": 42257000,
        "otherExpenses": 0,
        "operatingExpenses": 42257000,
        "costAndExpenses": 139831000,
        "interestIncome": -669000,
        "interestExpense": 28241000,
        "depreciationAndAmortization": 49139000,
        "ebitda": 37623000,
        "ebitdaratio": 0.2093830871,
        "operatingIncome": 39854000,
        "operatingIncomeRatio": 0.2217992598,
        "totalOtherIncomeExpensesNet": -186132000,
        "incomeBeforeTax": -146278000,
        "incomeBeforeTaxRatio": -0.8140801959,
        "incomeTaxExpense": 0,
        "netIncome": -136197000,
        "netIncomeRatio": -0.7579764588,
        "eps": -2.75,
        "epsdiluted": -2.24,
        "weightedAverageShsOut": 52095553,
        "weightedAverageShsOutDil": 63885000,
        "link": "https://www.sec.gov/Archives/edgar/data/1040971/000104097124000010/0001040971-24-000010-index.htm",
        "finalLink": "https://www.sec.gov/Archives/edgar/data/1040971/000104097124000010/slg-20231231.htm"
    },
    {
        "date": "2023-09-30",
        "symbol": "SLG",
        "reportedCurrency": "USD",
        "cik": "0001040971",
        "fillingDate": "2023-11-06",
        "acceptedDate": "2023-11-03 18:15:15",
        "calendarYear": "2023",
        "period": "Q3",
        "revenue": 195060000,
        "costOfRevenue": 120834000,
        "grossProfit": 74226000,
        "grossProfitRatio": 0.380529068,
        "researchAndDevelopmentExpenses": 0,
        "generalAndAdministrativeExpenses": 0,
        "sellingAndMarketingExpenses": 0,
        "sellingGeneralAndAdministrativeExpenses": 22873000,
        "otherExpenses": 0,
        "operatingExpenses": 22873000,
        "costAndExpenses": 143707000,
        "interestIncome": -1085000,
        "interestExpense": 28507000,
        "depreciationAndAmortization": 50782000,
        "ebitda": 47758000,
        "ebitdaratio": 0.2448374859,
        "operatingIncome": 51353000,
        "operatingIncomeRatio": 0.2632677125,
        "totalOtherIncomeExpensesNet": -73047000,
        "incomeBeforeTax": -21694000,
        "incomeBeforeTaxRatio": -0.1112170614,
        "incomeTaxExpense": 0,
        "netIncome": -18326000,
        "netIncomeRatio": -0.0939505793,
        "eps": -0.51,
        "epsdiluted": -0.36,
        "weightedAverageShsOut": 48203228,
        "weightedAverageShsOutDil": 68296000,
        "link": "https://www.sec.gov/Archives/edgar/data/1040971/000104097123000040/0001040971-23-000040-index.htm",
        "finalLink": "https://www.sec.gov/Archives/edgar/data/1040971/000104097123000040/slg-20230930.htm"
    },
    {
        "date": "2023-06-30",
        "symbol": "SLG",
        "reportedCurrency": "USD",
        "cik": "0001040971",
        "fillingDate": "2023-08-03",
        "acceptedDate": "2023-08-03 17:05:44",
        "calendarYear": "2023",
        "period": "Q2",
        "revenue": 224104000,
        "costOfRevenue": 116333000,
        "grossProfit": 107771000,
        "grossProfitRatio": 0.480897262,
        "researchAndDevelopmentExpenses": 0,
        "generalAndAdministrativeExpenses": 0,
        "sellingAndMarketingExpenses": 0,
        "sellingGeneralAndAdministrativeExpenses": 22974000,
        "otherExpenses": 0,
        "operatingExpenses": 22974000,
        "costAndExpenses": 139307000,
        "interestIncome": -2154000,
        "interestExpense": 40621000,
        "depreciationAndAmortization": 63121000,
        "ebitda": 76704000,
        "ebitdaratio": 0.3422696605,
        "operatingIncome": 84797000,
        "operatingIncomeRatio": 0.3783823582,
        "totalOtherIncomeExpensesNet": -464025000,
        "incomeBeforeTax": -379228000,
        "incomeBeforeTaxRatio": -1.6921964802,
        "incomeTaxExpense": 0,
        "netIncome": -354606000,
        "netIncomeRatio": -1.5823278478,
        "eps": -5.72,
        "epsdiluted": -5.28,
        "weightedAverageShsOut": 62997824,
        "weightedAverageShsOutDil": 68341000,
        "link": "https://www.sec.gov/Archives/edgar/data/1040971/000104097123000031/0001040971-23-000031-index.htm",
        "finalLink": "https://www.sec.gov/Archives/edgar/data/1040971/000104097123000031/slg-20230630.htm"
    },
    {
        "date": "2023-03-31",
        "symbol": "SLG",
        "reportedCurrency": "USD",
        "cik": "0001040971",
        "fillingDate": "2023-05-05",
        "acceptedDate": "2023-05-05 17:25:06",
        "calendarYear": "2023",
        "period": "Q1",
        "revenue": 238352000,
        "costOfRevenue": 127326000,
        "grossProfit": 111026000,
        "grossProfitRatio": 0.4658068739,
        "researchAndDevelopmentExpenses": 0,
        "generalAndAdministrativeExpenses": 0,
        "sellingAndMarketingExpenses": 0,
        "sellingGeneralAndAdministrativeExpenses": 23285000,
        "otherExpenses": 0,
        "operatingExpenses": 23285000,
        "costAndExpenses": 150611000,
        "interestIncome": -2021000,
        "interestExpense": 41653000,
        "depreciationAndAmortization": 70543000,
        "ebitda": 78235000,
        "ebitdaratio": 0.3282330335,
        "operatingIncome": 87741000,
        "operatingIncomeRatio": 0.3681152245,
        "totalOtherIncomeExpensesNet": -126098000,
        "incomeBeforeTax": -38357000,
        "incomeBeforeTaxRatio": -0.1609258576,
        "incomeTaxExpense": 0,
        "netIncome": -34395000,
        "netIncomeRatio": -0.1443033832,
        "eps": -0.74,
        "epsdiluted": -0.59,
        "weightedAverageShsOut": 54570724,
        "weightedAverageShsOutDil": 68182000,
        "link": "https://www.sec.gov/Archives/edgar/data/1040971/000104097123000020/0001040971-23-000020-index.htm",
        "finalLink": "https://www.sec.gov/Archives/edgar/data/1040971/000104097123000020/slg-20230331.htm"
    },
    {
        "date": "2022-12-31",
        "symbol": "SLG",
        "reportedCurrency": "USD",
        "cik": "0001040971",
        "fillingDate": "2023-02-17",
        "acceptedDate": "2023-02-16 18:05:34",
        "calendarYear": "2022",
        "period": "Q4",
        "revenue": 290893000,
        "costOfRevenue": 184184000,
        "grossProfit": 106709000,
        "grossProfitRatio": 0.3668324779,
        "researchAndDevelopmentExpenses": 0,
        "generalAndAdministrativeExpenses": 0,
        "sellingAndMarketingExpenses": 0,
        "sellingGeneralAndAdministrativeExpenses": 24224000,
        "otherExpenses": 0,
        "operatingExpenses": 24224000,
        "costAndExpenses": 208408000,
        "interestIncome": -2553000,
        "interestExpense": 36975000,
        "depreciationAndAmortization": 79424000,
        "ebitda": 85454000,
        "ebitdaratio": 0.2937643738,
        "operatingIncome": 82485000,
        "operatingIncomeRatio": 0.2835578718,
        "totalOtherIncomeExpensesNet": -146535000,
        "incomeBeforeTax": -64050000,
        "incomeBeforeTaxRatio": -0.2201840539,
        "incomeTaxExpense": 0,
        "netIncome": -58940000,
        "netIncomeRatio": -0.2026174573,
        "eps": -1.18,
        "epsdiluted": -1.02,
        "weightedAverageShsOut": 55032114,
        "weightedAverageShsOutDil": 63919000,
        "link": "https://www.sec.gov/Archives/edgar/data/1040971/000104097123000009/0001040971-23-000009-index.htm",
        "finalLink": "https://www.sec.gov/Archives/edgar/data/1040971/000104097123000009/slg-20221231.htm"
    },
    {
        "date": "2022-09-30",
        "symbol": "SLG",
        "reportedCurrency": "USD",
        "cik": "0001040971",
        "fillingDate": "2022-11-04",
        "acceptedDate": "2022-11-04 17:08:35",
        "calendarYear": "2022",
        "period": "Q3",
        "revenue": 190459000,
        "costOfRevenue": 87510000,
        "grossProfit": 102949000,
        "grossProfitRatio": 0.5405310329,
        "researchAndDevelopmentExpenses": 0,
        "generalAndAdministrativeExpenses": 0,
        "sellingAndMarketingExpenses": 0,
        "sellingGeneralAndAdministrativeExpenses": 21276000,
        "otherExpenses": 0,
        "operatingExpenses": 21276000,
        "costAndExpenses": 108786000,
        "interestIncome": -1874000,
        "interestExpense": 21993000,
        "depreciationAndAmortization": 48278000,
        "ebitda": 81489000,
        "ebitdaratio": 0.427855864,
        "operatingIncome": 81673000,
        "operatingIncomeRatio": 0.4288219512,
        "totalOtherIncomeExpensesNet": -69462000,
        "incomeBeforeTax": 12211000,
        "incomeBeforeTaxRatio": 0.0641135362,
        "incomeTaxExpense": 0,
        "netIncome": 12713000,
        "netIncomeRatio": 0.0667492741,
        "eps": 0.13,
        "epsdiluted": 0.1075,
        "weightedAverageShsOut": 51578425,
        "weightedAverageShsOutDil": 63949000,
        "link": "https://www.sec.gov/Archives/edgar/data/1040971/000104097122000044/0001040971-22-000044-index.htm",
        "finalLink": "https://www.sec.gov/Archives/edgar/data/1040971/000104097122000044/slg-20220930.htm"
    },
    {
        "date": "2022-06-30",
        "symbol": "SLG",
        "reportedCurrency": "USD",
        "cik": "0001040971",
        "fillingDate": "2022-08-05",
        "acceptedDate": "2022-08-04 21:35:58",
        "calendarYear": "2022",
        "period": "Q2",
        "revenue": 196895000,
        "costOfRevenue": 76853000,
        "grossProfit": 120042000,
        "grossProfitRatio": 0.6096752076,
        "researchAndDevelopmentExpenses": 0,
        "generalAndAdministrativeExpenses": 0,
        "sellingAndMarketingExpenses": 0,
        "sellingGeneralAndAdministrativeExpenses": 23522000,
        "otherExpenses": 0,
        "operatingExpenses": 23522000,
        "costAndExpenses": 100375000,
        "interestIncome": -1551000,
        "interestExpense": 15326000,
        "depreciationAndAmortization": 47094000,
        "ebitda": 96700000,
        "ebitdaratio": 0.4911247111,
        "operatingIncome": 96520000,
        "operatingIncomeRatio": 0.4902105183,
        "totalOtherIncomeExpensesNet": -134469000,
        "incomeBeforeTax": -37949000,
        "incomeBeforeTaxRatio": -0.1927372457,
        "incomeTaxExpense": 0,
        "netIncome": -38540000,
        "netIncomeRatio": -0.1957388456,
        "eps": -0.81,
        "epsdiluted": -0.64,
        "weightedAverageShsOut": 55085708,
        "weightedAverageShsOutDil": 69020000,
        "link": "https://www.sec.gov/Archives/edgar/data/1040971/000104097122000035/0001040971-22-000035-index.htm",
        "finalLink": "https://www.sec.gov/Archives/edgar/data/1040971/000104097122000035/slg-20220630.htm"
    },
    {
        "date": "2022-03-31",
        "symbol": "SLG",
        "reportedCurrency": "USD",
        "cik": "0001040971",
        "fillingDate": "2022-05-09",
        "acceptedDate": "2022-05-09 16:07:28",
        "calendarYear": "2022",
        "period": "Q1",
        "revenue": 183249000,
        "costOfRevenue": 79894000,
        "grossProfit": 103355000,
        "grossProfitRatio": 0.5640139919,
        "researchAndDevelopmentExpenses": 0,
        "generalAndAdministrativeExpenses": 0,
        "sellingAndMarketingExpenses": 0,
        "sellingGeneralAndAdministrativeExpenses": 24776000,
        "otherExpenses": 0,
        "operatingExpenses": 24776000,
        "costAndExpenses": 104670000,
        "interestIncome": -1670000,
        "interestExpense": 15348000,
        "depreciationAndAmortization": 47088000,
        "ebitda": 78684000,
        "ebitdaratio": 0.4293829707,
        "operatingIncome": 78579000,
        "operatingIncomeRatio": 0.4288099799,
        "totalOtherIncomeExpensesNet": -65094000,
        "incomeBeforeTax": 13485000,
        "incomeBeforeTaxRatio": 0.0735883961,
        "incomeTaxExpense": 0,
        "netIncome": 13136000,
        "netIncomeRatio": 0.0716838837,
        "eps": 0.0624,
        "epsdiluted": 0.1112,
        "weightedAverageShsOut": 116230301,
        "weightedAverageShsOutDil": 70228000,
        "link": "https://www.sec.gov/Archives/edgar/data/1040971/000104097122000026/0001040971-22-000026-index.htm",
        "finalLink": "https://www.sec.gov/Archives/edgar/data/1040971/000104097122000026/slg-20220331.htm"
    },
    {
        "date": "2021-12-31",
        "symbol": "SLG",
        "reportedCurrency": "USD",
        "cik": "0001040971",
        "fillingDate": "2022-02-18",
        "acceptedDate": "2022-02-18 16:07:30",
        "calendarYear": "2021",
        "period": "Q4",
        "revenue": 147900000,
        "costOfRevenue": 81301000,
        "grossProfit": 66599000,
        "grossProfitRatio": 0.4502974983,
        "researchAndDevelopmentExpenses": 0,
        "generalAndAdministrativeExpenses": 0,
        "sellingAndMarketingExpenses": 0,
        "sellingGeneralAndAdministrativeExpenses": 26486000,
        "otherExpenses": 0,
        "operatingExpenses": 26486000,
        "costAndExpenses": 107787000,
        "interestIncome": -1618000,
        "interestExpense": 14037000,
        "depreciationAndAmortization": 39138000,
        "ebitda": 31916000,
        "ebitdaratio": 0.2157944557,
        "operatingIncome": 40113000,
        "operatingIncomeRatio": 0.2712170385,
        "totalOtherIncomeExpensesNet": -88294000,
        "incomeBeforeTax": -48181000,
        "incomeBeforeTaxRatio": -0.3257674104,
        "incomeTaxExpense": 0,
        "netIncome": -45719000,
        "netIncomeRatio": -0.3091210277,
        "eps": -0.95,
        "epsdiluted": -0.79,
        "weightedAverageShsOut": 53725306,
        "weightedAverageShsOutDil": 64232000,
        "link": "https://www.sec.gov/Archives/edgar/data/1040971/000104097122000014/0001040971-22-000014-index.htm",
        "finalLink": "https://www.sec.gov/Archives/edgar/data/1040971/000104097122000014/slg-20211231.htm"
    },
    {
        "date": "2021-09-30",
        "symbol": "SLG",
        "reportedCurrency": "USD",
        "cik": "0001040971",
        "fillingDate": "2021-11-09",
        "acceptedDate": "2021-11-08 18:01:14",
        "calendarYear": "2021",
        "period": "Q3",
        "revenue": 189714000,
        "costOfRevenue": 79380000,
        "grossProfit": 110334000,
        "grossProfitRatio": 0.5815806952,
        "researchAndDevelopmentExpenses": 0,
        "generalAndAdministrativeExpenses": 0,
        "sellingAndMarketingExpenses": 0,
        "sellingGeneralAndAdministrativeExpenses": 23477000,
        "otherExpenses": 0,
        "operatingExpenses": 23477000,
        "costAndExpenses": 102857000,
        "interestIncome": 335000,
        "interestExpense": 15142000,
        "depreciationAndAmortization": 49553000,
        "ebitda": 87133000,
        "ebitdaratio": 0.4592860833,
        "operatingIncome": 86857000,
        "operatingIncomeRatio": 0.4578312618,
        "totalOtherIncomeExpensesNet": 328677000,
        "incomeBeforeTax": 415534000,
        "incomeBeforeTaxRatio": 2.1903180577,
        "incomeTaxExpense": 0,
        "netIncome": 393766000,
        "netIncomeRatio": 2.075576921,
        "eps": 5.95,
        "epsdiluted": 5.9236,
        "weightedAverageShsOut": 66600060,
        "weightedAverageShsOutDil": 69364450,
        "link": "https://www.sec.gov/Archives/edgar/data/1040971/000104097121000034/0001040971-21-000034-index.htm",
        "finalLink": "https://www.sec.gov/Archives/edgar/data/1040971/000104097121000034/slg-20210930.htm"
    },
    {
        "date": "2021-06-30",
        "symbol": "SLG",
        "reportedCurrency": "USD",
        "cik": "0001040971",
        "fillingDate": "2021-08-06",
        "acceptedDate": "2021-08-06 14:28:12",
        "calendarYear": "2021",
        "period": "Q2",
        "revenue": 205137000,
        "costOfRevenue": 94358000,
        "grossProfit": 110779000,
        "grossProfitRatio": 0.5400244715,
        "researchAndDevelopmentExpenses": 0,
        "generalAndAdministrativeExpenses": 0,
        "sellingAndMarketingExpenses": 0,
        "sellingGeneralAndAdministrativeExpenses": 22064000,
        "otherExpenses": 0,
        "operatingExpenses": 22064000,
        "costAndExpenses": 116422000,
        "interestIncome": 364000,
        "interestExpense": 19324000,
        "depreciationAndAmortization": 59153000,
        "ebitda": 90607000,
        "ebitdaratio": 0.4416901875,
        "operatingIncome": 88715000,
        "operatingIncomeRatio": 0.432467083,
        "totalOtherIncomeExpensesNet": 28419000,
        "incomeBeforeTax": 117134000,
        "incomeBeforeTaxRatio": 0.5710037682,
        "incomeTaxExpense": 0,
        "netIncome": 110892000,
        "netIncomeRatio": 0.5405753228,
        "eps": 1.56,
        "epsdiluted": 1.5602,
        "weightedAverageShsOut": 66931887,
        "weightedAverageShsOutDil": 71537942,
        "link": "https://www.sec.gov/Archives/edgar/data/1040971/000104097121000025/0001040971-21-000025-index.htm",
        "finalLink": "https://www.sec.gov/Archives/edgar/data/1040971/000104097121000025/slg-20210630.htm"
    },
    {
        "date": "2021-03-31",
        "symbol": "SLG",
        "reportedCurrency": "USD",
        "cik": "0001040971",
        "fillingDate": "2021-05-10",
        "acceptedDate": "2021-05-10 10:42:13",
        "calendarYear": "2021",
        "period": "Q1",
        "revenue": 223238000,
        "costOfRevenue": 94434000,
        "grossProfit": 128804000,
        "grossProfitRatio": 0.5769806216,
        "researchAndDevelopmentExpenses": 0,
        "generalAndAdministrativeExpenses": 0,
        "sellingAndMarketingExpenses": 0,
        "sellingGeneralAndAdministrativeExpenses": 22885000,
        "otherExpenses": 0,
        "operatingExpenses": 22885000,
        "costAndExpenses": 117319000,
        "interestIncome": 389000,
        "interestExpense": 23777000,
        "depreciationAndAmortization": 64865000,
        "ebitda": 107788000,
        "ebitdaratio": 0.4828389432,
        "operatingIncome": 105919000,
        "operatingIncomeRatio": 0.4744667127,
        "totalOtherIncomeExpensesNet": -109774000,
        "incomeBeforeTax": -3855000,
        "incomeBeforeTaxRatio": -0.0172685654,
        "incomeTaxExpense": 0,
        "netIncome": -1880000,
        "netIncomeRatio": -0.0084215053,
        "eps": -0.1,
        "epsdiluted": -0.11,
        "weightedAverageShsOut": 73510593,
        "weightedAverageShsOutDil": 66965000,
        "link": "https://www.sec.gov/Archives/edgar/data/1040971/000104097121000017/0001040971-21-000017-index.htm",
        "finalLink": "https://www.sec.gov/Archives/edgar/data/1040971/000104097121000017/slg-20210331.htm"
    },
    {
        "date": "2020-12-31",
        "symbol": "SLG",
        "reportedCurrency": "USD",
        "cik": "0001040971",
        "fillingDate": "2021-02-26",
        "acceptedDate": "2021-02-26 17:00:54",
        "calendarYear": "2020",
        "period": "Q4",
        "revenue": 226348000,
        "costOfRevenue": 102189000,
        "grossProfit": 124159000,
        "grossProfitRatio": 0.5485314648,
        "researchAndDevelopmentExpenses": 0,
        "generalAndAdministrativeExpenses": 0,
        "sellingAndMarketingExpenses": 0,
        "sellingGeneralAndAdministrativeExpenses": 25144000,
        "otherExpenses": 0,
        "operatingExpenses": 25144000,
        "costAndExpenses": 127333000,
        "interestIncome": 452000,
        "interestExpense": 26031000,
        "depreciationAndAmortization": 55570000,
        "ebitda": 96553000,
        "ebitdaratio": 0.4265688232,
        "operatingIncome": 99015000,
        "operatingIncomeRatio": 0.4374458798,
        "totalOtherIncomeExpensesNet": 101325000,
        "incomeBeforeTax": 200340000,
        "incomeBeforeTaxRatio": 0.8850972838,
        "incomeTaxExpense": 0,
        "netIncome": 176602000,
        "netIncomeRatio": 0.7802233729,
        "eps": 2.57,
        "epsdiluted": 2.5534,
        "weightedAverageShsOut": 69163062,
        "weightedAverageShsOutDil": 70863505,
        "link": "https://www.sec.gov/Archives/edgar/data/1040971/000104097121000007/0001040971-21-000007-index.htm",
        "finalLink": "https://www.sec.gov/Archives/edgar/data/1040971/000104097121000007/slg-20201231.htm"
    },
    {
        "date": "2020-09-30",
        "symbol": "SLG",
        "reportedCurrency": "USD",
        "cik": "0001040971",
        "fillingDate": "2020-11-06",
        "acceptedDate": "2020-11-05 20:43:38",
        "calendarYear": "2020",
        "period": "Q3",
        "revenue": 229212000,
        "costOfRevenue": 105362000,
        "grossProfit": 123850000,
        "grossProfitRatio": 0.5403294766,
        "researchAndDevelopmentExpenses": 0,
        "generalAndAdministrativeExpenses": 0,
        "sellingAndMarketingExpenses": 0,
        "sellingGeneralAndAdministrativeExpenses": 23602000,
        "otherExpenses": 0,
        "operatingExpenses": 23602000,
        "costAndExpenses": 128964000,
        "interestIncome": 580000,
        "interestExpense": 24116000,
        "depreciationAndAmortization": 90846000,
        "ebitda": 133078000,
        "ebitdaratio": 0.5805891489,
        "operatingIncome": 100248000,
        "operatingIncomeRatio": 0.4373593006,
        "totalOtherIncomeExpensesNet": -79571000,
        "incomeBeforeTax": 20677000,
        "incomeBeforeTaxRatio": 0.0902090641,
        "incomeTaxExpense": 0,
        "netIncome": 19461000,
        "netIncomeRatio": 0.0849039317,
        "eps": 0.2,
        "epsdiluted": 0.2007,
        "weightedAverageShsOut": 68843090,
        "weightedAverageShsOutDil": 73058338,
        "link": "https://www.sec.gov/Archives/edgar/data/1040971/000104097120000030/0001040971-20-000030-index.htm",
        "finalLink": "https://www.sec.gov/Archives/edgar/data/1040971/000104097120000030/slg-20200930.htm"
    },
    {
        "date": "2020-06-30",
        "symbol": "SLG",
        "reportedCurrency": "USD",
        "cik": "0001040971",
        "fillingDate": "2020-08-10",
        "acceptedDate": "2020-08-10 15:00:01",
        "calendarYear": "2020",
        "period": "Q2",
        "revenue": 258800000,
        "costOfRevenue": 97202000,
        "grossProfit": 161598000,
        "grossProfitRatio": 0.6244126739,
        "researchAndDevelopmentExpenses": 0,
        "generalAndAdministrativeExpenses": 0,
        "sellingAndMarketingExpenses": 0,
        "sellingGeneralAndAdministrativeExpenses": 23510000,
        "otherExpenses": 0,
        "operatingExpenses": 23510000,
        "costAndExpenses": 120712000,
        "interestIncome": 648000,
        "interestExpense": 30718000,
        "depreciationAndAmortization": 94311000,
        "ebitda": 163358000,
        "ebitdaratio": 0.6312132921,
        "operatingIncome": 138088000,
        "operatingIncomeRatio": 0.5335703246,
        "totalOtherIncomeExpensesNet": -71461000,
        "incomeBeforeTax": 66626999,
        "incomeBeforeTaxRatio": 0.2574459003,
        "incomeTaxExpense": 0,
        "netIncome": 62534000,
        "netIncomeRatio": 0.2416306028,
        "eps": 0.79,
        "epsdiluted": 0.7869,
        "weightedAverageShsOut": 71360360,
        "weightedAverageShsOutDil": 75630291,
        "link": "https://www.sec.gov/Archives/edgar/data/1040971/000104097120000022/0001040971-20-000022-index.htm",
        "finalLink": "https://www.sec.gov/Archives/edgar/data/1040971/000104097120000022/a20q2slg10qdoc.htm"
    },
    {
        "date": "2020-03-31",
        "symbol": "SLG",
        "reportedCurrency": "USD",
        "cik": "0001040971",
        "fillingDate": "2020-05-11",
        "acceptedDate": "2020-05-11 16:47:07",
        "calendarYear": "2020",
        "period": "Q1",
        "revenue": 244789000,
        "costOfRevenue": 119103000,
        "grossProfit": 125686000,
        "grossProfitRatio": 0.5134462741,
        "researchAndDevelopmentExpenses": 0,
        "generalAndAdministrativeExpenses": 0,
        "sellingAndMarketingExpenses": 0,
        "sellingGeneralAndAdministrativeExpenses": 19570000,
        "otherExpenses": 0,
        "operatingExpenses": 19570000,
        "costAndExpenses": 138673000,
        "interestIncome": 499000,
        "interestExpense": 37993000,
        "depreciationAndAmortization": 67040000,
        "ebitda": 163077000,
        "ebitdaratio": 0.6661941509,
        "operatingIncome": 106116000,
        "operatingIncomeRatio": 0.4334998713,
        "totalOtherIncomeExpensesNet": 20998000,
        "incomeBeforeTax": 127114000,
        "incomeBeforeTaxRatio": 0.5192798696,
        "incomeTaxExpense": 0,
        "netIncome": 121205000,
        "netIncomeRatio": 0.495140713,
        "eps": 1.56,
        "epsdiluted": 1.5544,
        "weightedAverageShsOut": 73410000,
        "weightedAverageShsOutDil": 77843980,
        "link": "https://www.sec.gov/Archives/edgar/data/1040971/000104097120000016/0001040971-20-000016-index.htm",
        "finalLink": "https://www.sec.gov/Archives/edgar/data/1040971/000104097120000016/a20q1slg10qdoc.htm"
    },
    {
        "date": "2019-12-31",
        "symbol": "SLG",
        "reportedCurrency": "USD",
        "cik": "0001040971",
        "fillingDate": "2020-02-28",
        "acceptedDate": "2020-02-28 17:11:36",
        "calendarYear": "2019",
        "period": "Q4",
        "revenue": 296208000,
        "costOfRevenue": 114867000,
        "grossProfit": 181341000,
        "grossProfitRatio": 0.6122083131,
        "researchAndDevelopmentExpenses": 0,
        "generalAndAdministrativeExpenses": 0,
        "sellingAndMarketingExpenses": 0,
        "sellingGeneralAndAdministrativeExpenses": 25575000,
        "otherExpenses": 0,
        "operatingExpenses": 25575000,
        "costAndExpenses": 140442000,
        "interestIncome": 561000,
        "interestExpense": 45285000,
        "depreciationAndAmortization": 63175000,
        "ebitda": 154851000,
        "ebitdaratio": 0.5227779128,
        "operatingIncome": 155766000,
        "operatingIncomeRatio": 0.5258669584,
        "totalOtherIncomeExpensesNet": -131511000,
        "incomeBeforeTax": 24255000,
        "incomeBeforeTaxRatio": 0.0818850267,
        "incomeTaxExpense": 0,
        "netIncome": 23895000,
        "netIncomeRatio": 0.0806696646,
        "eps": 0.21,
        "epsdiluted": 0.21,
        "weightedAverageShsOut": 111293274,
        "weightedAverageShsOutDil": 74968446,
        "link": "https://www.sec.gov/Archives/edgar/data/1040971/000104097120000006/0001040971-20-000006-index.htm",
        "finalLink": "https://www.sec.gov/Archives/edgar/data/1040971/000104097120000006/a19q4slg10kdoc.htm"
    },
    {
        "date": "2019-09-30",
        "symbol": "SLG",
        "reportedCurrency": "USD",
        "cik": "0001040971",
        "fillingDate": "2019-11-06",
        "acceptedDate": "2019-11-05 21:50:53",
        "calendarYear": "2019",
        "period": "Q3",
        "revenue": 303770000,
        "costOfRevenue": 117768000,
        "grossProfit": 186002000,
        "grossProfitRatio": 0.6123119465,
        "researchAndDevelopmentExpenses": 0,
        "generalAndAdministrativeExpenses": 0,
        "sellingAndMarketingExpenses": 0,
        "sellingGeneralAndAdministrativeExpenses": 23841000,
        "otherExpenses": 0,
        "operatingExpenses": 23841000,
        "costAndExpenses": 141609000,
        "interestIncome": 608000,
        "interestExpense": 48720000,
        "depreciationAndAmortization": 69299000,
        "ebitda": 160996000,
        "ebitdaratio": 0.5299930869,
        "operatingIncome": 162161000,
        "operatingIncomeRatio": 0.5338282253,
        "totalOtherIncomeExpensesNet": -121439000,
        "incomeBeforeTax": 40722000,
        "incomeBeforeTaxRatio": 0.1340553708,
        "incomeTaxExpense": 0,
        "netIncome": 39627000,
        "netIncomeRatio": 0.1304506699,
        "eps": 0.43,
        "epsdiluted": 0.43,
        "weightedAverageShsOut": 93027022,
        "weightedAverageShsOutDil": 81753762,
        "link": "https://www.sec.gov/Archives/edgar/data/1040971/000104097119000031/0001040971-19-000031-index.htm",
        "finalLink": "https://www.sec.gov/Archives/edgar/data/1040971/000104097119000031/a19q3slg10qdoc.htm"
    },
    {
        "date": "2019-06-30",
        "symbol": "SLG",
        "reportedCurrency": "USD",
        "cik": "0001040971",
        "fillingDate": "2019-08-08",
        "acceptedDate": "2019-08-07 20:45:09",
        "calendarYear": "2019",
        "period": "Q2",
        "revenue": 305478000,
        "costOfRevenue": 113309000,
        "grossProfit": 192169000,
        "grossProfitRatio": 0.6290763983,
        "researchAndDevelopmentExpenses": 0,
        "generalAndAdministrativeExpenses": 0,
        "sellingAndMarketingExpenses": 0,
        "sellingGeneralAndAdministrativeExpenses": 25480000,
        "otherExpenses": 0,
        "operatingExpenses": 25480000,
        "costAndExpenses": 138789000,
        "interestIncome": 2374000,
        "interestExpense": 49534000,
        "depreciationAndAmortization": 68276000,
        "ebitda": 165504000,
        "ebitdaratio": 0.5417869699,
        "operatingIncome": 166689000,
        "operatingIncomeRatio": 0.5456661364,
        "totalOtherIncomeExpensesNet": 7052000,
        "incomeBeforeTax": 173741000,
        "incomeBeforeTaxRatio": 0.5687512685,
        "incomeTaxExpense": 0,
        "netIncome": 167569000,
        "netIncomeRatio": 0.5485468675,
        "eps": 2.06,
        "epsdiluted": 2.06,
        "weightedAverageShsOut": 81512264,
        "weightedAverageShsOutDil": 82398635,
        "link": "https://www.sec.gov/Archives/edgar/data/1040971/000104097119000021/0001040971-19-000021-index.htm",
        "finalLink": "https://www.sec.gov/Archives/edgar/data/1040971/000104097119000021/a19q2slg10qdoc.htm"
    },
    {
        "date": "2019-03-31",
        "symbol": "SLG",
        "reportedCurrency": "USD",
        "cik": "0001040971",
        "fillingDate": "2019-05-09",
        "acceptedDate": "2019-05-09 16:55:05",
        "calendarYear": "2019",
        "period": "Q1",
        "revenue": 299021000,
        "costOfRevenue": 112684000,
        "grossProfit": 186337000,
        "grossProfitRatio": 0.623156902,
        "researchAndDevelopmentExpenses": 0,
        "generalAndAdministrativeExpenses": 0,
        "sellingAndMarketingExpenses": 0,
        "sellingGeneralAndAdministrativeExpenses": 25979000,
        "otherExpenses": 0,
        "operatingExpenses": 25979000,
        "costAndExpenses": 138663000,
        "interestIncome": 580000,
        "interestExpense": 51105000,
        "depreciationAndAmortization": 67134000,
        "ebitda": 159149000,
        "ebitdaratio": 0.5322335221,
        "operatingIncome": 160358000,
        "operatingIncomeRatio": 0.5362767164,
        "totalOtherIncomeExpensesNet": -107589000,
        "incomeBeforeTax": 52769000,
        "incomeBeforeTaxRatio": 0.1764725554,
        "incomeTaxExpense": 0,
        "netIncome": 50254000,
        "netIncomeRatio": 0.1680617749,
        "eps": 0.56,
        "epsdiluted": 0.56,
        "weightedAverageShsOut": 90311798,
        "weightedAverageShsOutDil": 82790839,
        "link": "https://www.sec.gov/Archives/edgar/data/1040971/000104097119000014/0001040971-19-000014-index.htm",
        "finalLink": "https://www.sec.gov/Archives/edgar/data/1040971/000104097119000014/a19q1slg10qdoc.htm"
    },
    {
        "date": "2018-12-31",
        "symbol": "SLG",
        "reportedCurrency": "USD",
        "cik": "0001040971",
        "fillingDate": "2019-02-27",
        "acceptedDate": "2019-02-26 20:45:25",
        "calendarYear": "2018",
        "period": "Q4",
        "revenue": 311438000,
        "costOfRevenue": 109343000,
        "grossProfit": 202095000,
        "grossProfitRatio": 0.6489092532,
        "researchAndDevelopmentExpenses": 0,
        "generalAndAdministrativeExpenses": 0,
        "sellingAndMarketingExpenses": 0,
        "sellingGeneralAndAdministrativeExpenses": 26030000,
        "otherExpenses": 0,
        "operatingExpenses": 26030000,
        "costAndExpenses": 135373000,
        "interestIncome": 887000,
        "interestExpense": 52861000,
        "depreciationAndAmortization": 68110000,
        "ebitda": 175917000,
        "ebitdaratio": 0.5648539998,
        "operatingIncome": 176065000,
        "operatingIncomeRatio": 0.5653292148,
        "totalOtherIncomeExpensesNet": -234385000,
        "incomeBeforeTax": -58320000,
        "incomeBeforeTaxRatio": -0.1872603857,
        "incomeTaxExpense": 0,
        "netIncome": -54640000,
        "netIncomeRatio": -0.1754442297,
        "eps": -0.87,
        "epsdiluted": -0.74,
        "weightedAverageShsOut": 70410102,
        "weightedAverageShsOutDil": 83320691,
        "link": "https://www.sec.gov/Archives/edgar/data/1040971/000104097119000007/0001040971-19-000007-index.htm",
        "finalLink": "https://www.sec.gov/Archives/edgar/data/1040971/000104097119000007/a18q4slg10kdoc.htm"
    },
    {
        "date": "2018-09-30",
        "symbol": "SLG",
        "reportedCurrency": "USD",
        "cik": "0001040971",
        "fillingDate": "2018-10-31",
        "acceptedDate": "2018-10-31 17:32:36",
        "calendarYear": "2018",
        "period": "Q3",
        "revenue": 308516000,
        "costOfRevenue": 115164000,
        "grossProfit": 193352000,
        "grossProfitRatio": 0.6267162805,
        "researchAndDevelopmentExpenses": 0,
        "generalAndAdministrativeExpenses": 0,
        "sellingAndMarketingExpenses": 0,
        "sellingGeneralAndAdministrativeExpenses": 20594000,
        "otherExpenses": 0,
        "operatingExpenses": 20594000,
        "costAndExpenses": 135758000,
        "interestIncome": 406000,
        "interestExpense": 55574000,
        "depreciationAndAmortization": 69427000,
        "ebitda": 171438000,
        "ebitdaratio": 0.5556859288,
        "operatingIncome": 172758000,
        "operatingIncomeRatio": 0.5599644751,
        "totalOtherIncomeExpensesNet": -73304000,
        "incomeBeforeTax": 99454000,
        "incomeBeforeTaxRatio": 0.3223625355,
        "incomeTaxExpense": 0,
        "netIncome": 94793000,
        "netIncomeRatio": 0.3072547291,
        "eps": 1.09,
        "epsdiluted": 1.09,
        "weightedAverageShsOut": 86893431,
        "weightedAverageShsOutDil": 85255312,
        "link": "https://www.sec.gov/Archives/edgar/data/1040971/000104097118000024/0001040971-18-000024-index.htm",
        "finalLink": "https://www.sec.gov/Archives/edgar/data/1040971/000104097118000024/a18q3slg10qdoc.htm"
    },
    {
        "date": "2018-06-30",
        "symbol": "SLG",
        "reportedCurrency": "USD",
        "cik": "0001040971",
        "fillingDate": "2018-08-08",
        "acceptedDate": "2018-08-08 17:26:22",
        "calendarYear": "2018",
        "period": "Q2",
        "revenue": 305818000,
        "costOfRevenue": 110405000,
        "grossProfit": 195413000,
        "grossProfitRatio": 0.6389846248,
        "researchAndDevelopmentExpenses": 0,
        "generalAndAdministrativeExpenses": 0,
        "sellingAndMarketingExpenses": 0,
        "sellingGeneralAndAdministrativeExpenses": 22479000,
        "otherExpenses": 0,
        "operatingExpenses": 22479000,
        "costAndExpenses": 132884000,
        "interestIncome": 348000,
        "interestExpense": 53959000,
        "depreciationAndAmortization": 66110000,
        "ebitda": 171130000,
        "ebitdaratio": 0.5595811888,
        "operatingIncome": 172934000,
        "operatingIncomeRatio": 0.5654801222,
        "totalOtherIncomeExpensesNet": -57035000,
        "incomeBeforeTax": 115899000,
        "incomeBeforeTaxRatio": 0.3789803085,
        "incomeTaxExpense": 0,
        "netIncome": 110140000,
        "netIncomeRatio": 0.3601488467,
        "eps": 1.26,
        "epsdiluted": 1.26,
        "weightedAverageShsOut": 87609541,
        "weightedAverageShsOutDil": 86815643,
        "link": "https://www.sec.gov/Archives/edgar/data/1040971/000104097118000020/0001040971-18-000020-index.htm",
        "finalLink": "https://www.sec.gov/Archives/edgar/data/1040971/000104097118000020/a18q2slg10qdoc.htm"
    },
    {
        "date": "2018-03-31",
        "symbol": "SLG",
        "reportedCurrency": "USD",
        "cik": "0001040971",
        "fillingDate": "2018-05-10",
        "acceptedDate": "2018-05-10 09:06:03",
        "calendarYear": "2018",
        "period": "Q1",
        "revenue": 305731000,
        "costOfRevenue": 113751000,
        "grossProfit": 191980000,
        "grossProfitRatio": 0.6279376314,
        "researchAndDevelopmentExpenses": 0,
        "generalAndAdministrativeExpenses": 0,
        "sellingAndMarketingExpenses": 0,
        "sellingGeneralAndAdministrativeExpenses": 23528000,
        "otherExpenses": 0,
        "operatingExpenses": 23528000,
        "costAndExpenses": 137279000,
        "interestIncome": 316000,
        "interestExpense": 48232000,
        "depreciationAndAmortization": 67026000,
        "ebitda": 166090000,
        "ebitdaratio": 0.5432553454,
        "operatingIncome": 168452000,
        "operatingIncomeRatio": 0.5509810912,
        "totalOtherIncomeExpensesNet": -54629000,
        "incomeBeforeTax": 113823000,
        "incomeBeforeTaxRatio": 0.3722978697,
        "incomeTaxExpense": 0,
        "netIncome": 108353000,
        "netIncomeRatio": 0.3544063245,
        "eps": 1.19,
        "epsdiluted": 1.19,
        "weightedAverageShsOut": 90905734,
        "weightedAverageShsOutDil": 89802425,
        "link": "https://www.sec.gov/Archives/edgar/data/1040971/000104097118000013/0001040971-18-000013-index.htm",
        "finalLink": "https://www.sec.gov/Archives/edgar/data/1040971/000104097118000013/a18q1slg10qdoc.htm"
    },
    {
        "date": "2017-12-31",
        "symbol": "SLG",
        "reportedCurrency": "USD",
        "cik": "0001040971",
        "fillingDate": "2018-02-23",
        "acceptedDate": "2018-02-23 17:24:53",
        "calendarYear": "2017",
        "period": "Q4",
        "revenue": 380430000,
        "costOfRevenue": 138537000,
        "grossProfit": 241893000,
        "grossProfitRatio": 0.635841022,
        "researchAndDevelopmentExpenses": 0,
        "generalAndAdministrativeExpenses": 0,
        "sellingAndMarketingExpenses": 0,
        "sellingGeneralAndAdministrativeExpenses": 28136000,
        "otherExpenses": 0,
        "operatingExpenses": 28136000,
        "costAndExpenses": 166673000,
        "interestIncome": 315000,
        "interestExpense": 61248000,
        "depreciationAndAmortization": 79904000,
        "ebitda": 209257000,
        "ebitdaratio": 0.5500538864,
        "operatingIncome": 213757000,
        "operatingIncomeRatio": 0.5618826065,
        "totalOtherIncomeExpensesNet": -175422000,
        "incomeBeforeTax": 38335000,
        "incomeBeforeTaxRatio": 0.1007675525,
        "incomeTaxExpense": 0,
        "netIncome": 34569000,
        "netIncomeRatio": 0.0908682281,
        "eps": 0.31,
        "epsdiluted": 0.31,
        "weightedAverageShsOut": 112401966,
        "weightedAverageShsOutDil": 95014212,
        "link": "https://www.sec.gov/Archives/edgar/data/1040971/000104097118000006/0001040971-18-000006-index.htm",
        "finalLink": "https://www.sec.gov/Archives/edgar/data/1040971/000104097118000006/a17q4slg10kdoc.htm"
    },
    {
        "date": "2017-09-30",
        "symbol": "SLG",
        "reportedCurrency": "USD",
        "cik": "0001040971",
        "fillingDate": "2017-11-09",
        "acceptedDate": "2017-11-08 18:11:22",
        "calendarYear": "2017",
        "period": "Q3",
        "revenue": 378678000,
        "costOfRevenue": 148394000,
        "grossProfit": 230284000,
        "grossProfitRatio": 0.6081261652,
        "researchAndDevelopmentExpenses": 0,
        "generalAndAdministrativeExpenses": 0,
        "sellingAndMarketingExpenses": 0,
        "sellingGeneralAndAdministrativeExpenses": 23963000,
        "otherExpenses": 0,
        "operatingExpenses": 23963000,
        "costAndExpenses": 172357000,
        "interestIncome": 356000,
        "interestExpense": 65990000,
        "depreciationAndAmortization": 87628000,
        "ebitda": 202221000,
        "ebitdaratio": 0.534018348,
        "operatingIncome": 206321000,
        "operatingIncomeRatio": 0.5448454888,
        "totalOtherIncomeExpensesNet": -160526000,
        "incomeBeforeTax": 45795000,
        "incomeBeforeTaxRatio": 0.1209338805,
        "incomeTaxExpense": 0,
        "netIncome": 45457000,
        "netIncomeRatio": 0.1200413016,
        "eps": 0.42,
        "epsdiluted": 0.42,
        "weightedAverageShsOut": 108118457,
        "weightedAverageShsOutDil": 96702762,
        "link": "https://www.sec.gov/Archives/edgar/data/1040971/000104097117000040/0001040971-17-000040-index.htm",
        "finalLink": "https://www.sec.gov/Archives/edgar/data/1040971/000104097117000040/a17q3slg10qdoc.htm"
    },
    {
        "date": "2017-06-30",
        "symbol": "SLG",
        "reportedCurrency": "USD",
        "cik": "0001040971",
        "fillingDate": "2017-08-09",
        "acceptedDate": "2017-08-08 19:08:28",
        "calendarYear": "2017",
        "period": "Q2",
        "revenue": 391262000,
        "costOfRevenue": 140105000,
        "grossProfit": 251157000,
        "grossProfitRatio": 0.6419151361,
        "researchAndDevelopmentExpenses": 0,
        "generalAndAdministrativeExpenses": 0,
        "sellingAndMarketingExpenses": 0,
        "sellingGeneralAndAdministrativeExpenses": 24256000,
        "otherExpenses": 0,
        "operatingExpenses": 24256000,
        "costAndExpenses": 164361000,
        "interestIncome": 393000,
        "interestExpense": 65249000,
        "depreciationAndAmortization": 126054000,
        "ebitda": 219901000,
        "ebitdaratio": 0.5620300464,
        "operatingIncome": 226901000,
        "operatingIncomeRatio": 0.5799208714,
        "totalOtherIncomeExpensesNet": -210886000,
        "incomeBeforeTax": 16015000,
        "incomeBeforeTaxRatio": 0.0409316519,
        "incomeTaxExpense": 0,
        "netIncome": 14810000,
        "netIncomeRatio": 0.0378518742,
        "eps": 0.077,
        "epsdiluted": 0.0873,
        "weightedAverageShsOut": 106737620,
        "weightedAverageShsOutDil": 98741091,
        "link": "https://www.sec.gov/Archives/edgar/data/1040971/000104097117000029/0001040971-17-000029-index.htm",
        "finalLink": "https://www.sec.gov/Archives/edgar/data/1040971/000104097117000029/a17q2slg10qdoc.htm"
    },
    {
        "date": "2017-03-31",
        "symbol": "SLG",
        "reportedCurrency": "USD",
        "cik": "0001040971",
        "fillingDate": "2017-05-05",
        "acceptedDate": "2017-05-05 17:17:00",
        "calendarYear": "2017",
        "period": "Q1",
        "revenue": 383995000,
        "costOfRevenue": 143882000,
        "grossProfit": 240113000,
        "grossProfitRatio": 0.6253024128,
        "researchAndDevelopmentExpenses": 0,
        "generalAndAdministrativeExpenses": 0,
        "sellingAndMarketingExpenses": 0,
        "sellingGeneralAndAdministrativeExpenses": 24143000,
        "otherExpenses": 0,
        "operatingExpenses": 24143000,
        "costAndExpenses": 168025000,
        "interestIncome": 521000,
        "interestExpense": 66143000,
        "depreciationAndAmortization": 88634000,
        "ebitda": 210470000,
        "ebitdaratio": 0.5481060951,
        "operatingIncome": 215970000,
        "operatingIncomeRatio": 0.5624291983,
        "totalOtherIncomeExpensesNet": -215046000,
        "incomeBeforeTax": 924000,
        "incomeBeforeTaxRatio": 0.0024062813,
        "incomeTaxExpense": 0,
        "netIncome": 17939000,
        "netIncomeRatio": 0.0467167541,
        "eps": 0.11,
        "epsdiluted": 0.12,
        "weightedAverageShsOut": 106737620,
        "weightedAverageShsOutDil": 99516071,
        "link": "https://www.sec.gov/Archives/edgar/data/1040971/000104097117000013/0001040971-17-000013-index.htm",
        "finalLink": "https://www.sec.gov/Archives/edgar/data/1040971/000104097117000013/a17q1slg10qdoc.htm"
    },
    {
        "date": "2016-12-31",
        "symbol": "SLG",
        "reportedCurrency": "USD",
        "cik": "0001040971",
        "fillingDate": "2017-02-21",
        "acceptedDate": "2017-02-21 17:32:21",
        "calendarYear": "2016",
        "period": "Q4",
        "revenue": 280147000,
        "costOfRevenue": 147355000,
        "grossProfit": 132792000,
        "grossProfitRatio": 0.4740082885,
        "researchAndDevelopmentExpenses": 0,
        "generalAndAdministrativeExpenses": 0,
        "sellingAndMarketingExpenses": 0,
        "sellingGeneralAndAdministrativeExpenses": 25785000,
        "otherExpenses": 0,
        "operatingExpenses": 25785000,
        "costAndExpenses": 173140000,
        "interestIncome": 820000,
        "interestExpense": 65693000,
        "depreciationAndAmortization": 94426000,
        "ebitda": 521107000,
        "ebitdaratio": 1.8601198656,
        "operatingIncome": 107007000,
        "operatingIncomeRatio": 0.3819673243,
        "totalOtherIncomeExpensesNet": -53037000,
        "incomeBeforeTax": 53970000,
        "incomeBeforeTaxRatio": 0.1926488593,
        "incomeTaxExpense": 0,
        "netIncome": 50606000,
        "netIncomeRatio": 0.1806408778,
        "eps": 0.47,
        "epsdiluted": 0.46,
        "weightedAverageShsOut": 109125567,
        "weightedAverageShsOutDil": 99152151,
        "link": "https://www.sec.gov/Archives/edgar/data/1040971/000104097117000005/0001040971-17-000005-index.htm",
        "finalLink": "https://www.sec.gov/Archives/edgar/data/1040971/000104097117000005/a16q4slg10kdoc.htm"
    },
    {
        "date": "2016-09-30",
        "symbol": "SLG",
        "reportedCurrency": "USD",
        "cik": "0001040971",
        "fillingDate": "2016-11-09",
        "acceptedDate": "2016-11-09 08:33:03",
        "calendarYear": "2016",
        "period": "Q3",
        "revenue": 412713000,
        "costOfRevenue": 151896000,
        "grossProfit": 260817000,
        "grossProfitRatio": 0.6319573166,
        "researchAndDevelopmentExpenses": 0,
        "generalAndAdministrativeExpenses": 0,
        "sellingAndMarketingExpenses": 0,
        "sellingGeneralAndAdministrativeExpenses": 25458000,
        "otherExpenses": 0,
        "operatingExpenses": 25458000,
        "costAndExpenses": 177354000,
        "interestIncome": 66000,
        "interestExpense": 72631000,
        "depreciationAndAmortization": 112165000,
        "ebitda": 234859000,
        "ebitdaratio": 0.5690613089,
        "operatingIncome": 235359000,
        "operatingIncomeRatio": 0.5702728046,
        "totalOtherIncomeExpensesNet": -192016000,
        "incomeBeforeTax": 43343000,
        "incomeBeforeTaxRatio": 0.105019711,
        "incomeTaxExpense": 0,
        "netIncome": 40844000,
        "netIncomeRatio": 0.0989646558,
        "eps": 0.36,
        "epsdiluted": 0.36,
        "weightedAverageShsOut": 112733124,
        "weightedAverageShsOutDil": 99128581,
        "link": "https://www.sec.gov/Archives/edgar/data/1040971/000104097116000037/0001040971-16-000037-index.htm",
        "finalLink": "https://www.sec.gov/Archives/edgar/data/1040971/000104097116000037/a16q3slg10qdoc.htm"
    },
    {
        "date": "2016-06-30",
        "symbol": "SLG",
        "reportedCurrency": "USD",
        "cik": "0001040971",
        "fillingDate": "2016-08-04",
        "acceptedDate": "2016-08-04 12:13:35",
        "calendarYear": "2016",
        "period": "Q2",
        "revenue": 623455000,
        "costOfRevenue": 145755000,
        "grossProfit": 477700000,
        "grossProfitRatio": 0.7662140812,
        "researchAndDevelopmentExpenses": 0,
        "generalAndAdministrativeExpenses": 0,
        "sellingAndMarketingExpenses": 0,
        "sellingGeneralAndAdministrativeExpenses": 24484000,
        "otherExpenses": 0,
        "operatingExpenses": 24484000,
        "costAndExpenses": 170239000,
        "interestIncome": -6387000,
        "interestExpense": 90135000,
        "depreciationAndAmortization": 267542000,
        "ebitda": 295716000,
        "ebitdaratio": 0.4743181144,
        "operatingIncome": 453216000,
        "operatingIncomeRatio": 0.7269426021,
        "totalOtherIncomeExpensesNet": -304121000,
        "incomeBeforeTax": 149095000,
        "incomeBeforeTaxRatio": 0.2391431619,
        "incomeTaxExpense": 0,
        "netIncome": 140074000,
        "netIncomeRatio": 0.2246737936,
        "eps": 1.41,
        "epsdiluted": 1.41,
        "weightedAverageShsOut": 99530252,
        "weightedAverageShsOutDil": 98797659,
        "link": "https://www.sec.gov/Archives/edgar/data/1040971/000104097116000030/0001040971-16-000030-index.htm",
        "finalLink": "https://www.sec.gov/Archives/edgar/data/1040971/000104097116000030/a16q2-slg10qdoc.htm"
    },
    {
        "date": "2016-03-31",
        "symbol": "SLG",
        "reportedCurrency": "USD",
        "cik": "0001040971",
        "fillingDate": "2016-05-09",
        "acceptedDate": "2016-05-09 13:53:37",
        "calendarYear": "2016",
        "period": "Q1",
        "revenue": 465540000,
        "costOfRevenue": 149502000,
        "grossProfit": 316038000,
        "grossProfitRatio": 0.6788632556,
        "researchAndDevelopmentExpenses": 0,
        "generalAndAdministrativeExpenses": 0,
        "sellingAndMarketingExpenses": 0,
        "sellingGeneralAndAdministrativeExpenses": 24032000,
        "otherExpenses": 0,
        "operatingExpenses": 24032000,
        "costAndExpenses": 173534000,
        "interestIncome": -7067000,
        "interestExpense": 95537000,
        "depreciationAndAmortization": 143908000,
        "ebitda": 256606000,
        "ebitdaratio": 0.5512007561,
        "operatingIncome": 292006000,
        "operatingIncomeRatio": 0.627241483,
        "totalOtherIncomeExpensesNet": -259503000,
        "incomeBeforeTax": 32503000,
        "incomeBeforeTaxRatio": 0.0698178459,
        "incomeTaxExpense": 0,
        "netIncome": 29607000,
        "netIncomeRatio": 0.063597113,
        "eps": 0.25,
        "epsdiluted": 0.25,
        "weightedAverageShsOut": 120541330,
        "weightedAverageShsOutDil": 98295148,
        "link": "https://www.sec.gov/Archives/edgar/data/1040971/000104097116000023/0001040971-16-000023-index.htm",
        "finalLink": "https://www.sec.gov/Archives/edgar/data/1040971/000104097116000023/slg-2016331x10q.htm"
    },
    {
        "date": "2015-12-31",
        "symbol": "SLG",
        "reportedCurrency": "USD",
        "cik": "0001040971",
        "fillingDate": "2016-02-29",
        "acceptedDate": "2016-02-26 18:37:52",
        "calendarYear": "2015",
        "period": "Q4",
        "revenue": 404860000,
        "costOfRevenue": 144077000,
        "grossProfit": 260783000,
        "grossProfitRatio": 0.6441313046,
        "researchAndDevelopmentExpenses": 0,
        "generalAndAdministrativeExpenses": 0,
        "sellingAndMarketingExpenses": 0,
        "sellingGeneralAndAdministrativeExpenses": 22734000,
        "otherExpenses": 0,
        "operatingExpenses": 22734000,
        "costAndExpenses": 166811000,
        "interestIncome": -6826000,
        "interestExpense": 88971000,
        "depreciationAndAmortization": 96997000,
        "ebitda": 241153000,
        "ebitdaratio": 0.5956454083,
        "operatingIncome": 238049000,
        "operatingIncomeRatio": 0.5879785605,
        "totalOtherIncomeExpensesNet": -124939000,
        "incomeBeforeTax": 113110000,
        "incomeBeforeTaxRatio": 0.2793805266,
        "incomeTaxExpense": 0,
        "netIncome": 107692000,
        "netIncomeRatio": 0.2659981228,
        "eps": 1.06,
        "epsdiluted": 1.06,
        "weightedAverageShsOut": 101120293,
        "weightedAverageShsOutDil": 94492844,
        "link": "https://www.sec.gov/Archives/edgar/data/1040971/000104097116000016/0001040971-16-000016-index.htm",
        "finalLink": "https://www.sec.gov/Archives/edgar/data/1040971/000104097116000016/slg-20151231x10k.htm"
    },
    {
        "date": "2015-09-30",
        "symbol": "SLG",
        "reportedCurrency": "USD",
        "cik": "0001040971",
        "fillingDate": "2015-11-09",
        "acceptedDate": "2015-11-09 17:25:00",
        "calendarYear": "2015",
        "period": "Q3",
        "revenue": 420574000,
        "costOfRevenue": 147909000,
        "grossProfit": 272665000,
        "grossProfitRatio": 0.6483163486,
        "researchAndDevelopmentExpenses": 0,
        "generalAndAdministrativeExpenses": 0,
        "sellingAndMarketingExpenses": 0,
        "sellingGeneralAndAdministrativeExpenses": 23475000,
        "otherExpenses": 0,
        "operatingExpenses": 23475000,
        "costAndExpenses": 171384000,
        "interestIncome": -6384000,
        "interestExpense": 84917000,
        "depreciationAndAmortization": 92096575,
        "ebitda": 254720575,
        "ebitdaratio": 0.6056498381,
        "operatingIncome": 249190000,
        "operatingIncomeRatio": 0.5924997741,
        "totalOtherIncomeExpensesNet": -72437000,
        "incomeBeforeTax": 176753000,
        "incomeBeforeTaxRatio": 0.4202661125,
        "incomeTaxExpense": 0,
        "netIncome": 169621000,
        "netIncomeRatio": 0.4033083358,
        "eps": 1.74,
        "epsdiluted": 1.74,
        "weightedAverageShsOut": 97693767,
        "weightedAverageShsOutDil": 97984024,
        "link": "https://www.sec.gov/Archives/edgar/data/1040971/000104097115000010/0001040971-15-000010-index.htm",
        "finalLink": "https://www.sec.gov/Archives/edgar/data/1040971/000104097115000010/slg-20150930x10q.htm"
    },
    {
        "date": "2015-06-30",
        "symbol": "SLG",
        "reportedCurrency": "USD",
        "cik": "0001040971",
        "fillingDate": "2015-08-07",
        "acceptedDate": "2015-08-06 21:48:23",
        "calendarYear": "2015",
        "period": "Q2",
        "revenue": 406618000,
        "costOfRevenue": 134486000,
        "grossProfit": 272132000,
        "grossProfitRatio": 0.6692571406,
        "researchAndDevelopmentExpenses": 0,
        "generalAndAdministrativeExpenses": 0,
        "sellingAndMarketingExpenses": 0,
        "sellingGeneralAndAdministrativeExpenses": 23200000,
        "otherExpenses": 0,
        "operatingExpenses": 23200000,
        "costAndExpenses": 157686000,
        "interestIncome": -5226000,
        "interestExpense": 76472000,
        "depreciationAndAmortization": 190665000,
        "ebitda": 344882000,
        "ebitdaratio": 0.8481719944,
        "operatingIncome": 248932000,
        "operatingIncomeRatio": 0.6122011323,
        "totalOtherIncomeExpensesNet": -278111000,
        "incomeBeforeTax": -29179000,
        "incomeBeforeTaxRatio": -0.071760227,
        "incomeTaxExpense": 0,
        "netIncome": -34228000,
        "netIncomeRatio": -0.0841772868,
        "eps": -0.5,
        "epsdiluted": -0.42,
        "weightedAverageShsOut": 78988846,
        "weightedAverageShsOutDil": 93882854,
        "link": "https://www.sec.gov/Archives/edgar/data/1040971/000104097115000008/0001040971-15-000008-index.htm",
        "finalLink": "https://www.sec.gov/Archives/edgar/data/1040971/000104097115000008/slg-20150630x10q.htm"
    },
    {
        "date": "2015-03-31",
        "symbol": "SLG",
        "reportedCurrency": "USD",
        "cik": "0001040971",
        "fillingDate": "2015-05-08",
        "acceptedDate": "2015-05-08 17:23:45",
        "calendarYear": "2015",
        "period": "Q1",
        "revenue": 390397000,
        "costOfRevenue": 140688000,
        "grossProfit": 249709000,
        "grossProfitRatio": 0.6396283783,
        "researchAndDevelopmentExpenses": 0,
        "generalAndAdministrativeExpenses": 0,
        "sellingAndMarketingExpenses": 0,
        "sellingGeneralAndAdministrativeExpenses": 25464000,
        "otherExpenses": 0,
        "operatingExpenses": 25464000,
        "costAndExpenses": 166152000,
        "interestIncome": -5963000,
        "interestExpense": 76459000,
        "depreciationAndAmortization": 93437000,
        "ebitda": 219277000,
        "ebitdaratio": 0.5616769596,
        "operatingIncome": 224245000,
        "operatingIncomeRatio": 0.5744024672,
        "totalOtherIncomeExpensesNet": -182019000,
        "incomeBeforeTax": 42226000,
        "incomeBeforeTaxRatio": 0.1081616918,
        "incomeTaxExpense": 0,
        "netIncome": 47966000,
        "netIncomeRatio": 0.1228646737,
        "eps": 0.26,
        "epsdiluted": 0.32,
        "weightedAverageShsOut": 112751198,
        "weightedAverageShsOutDil": 97126078,
        "link": "https://www.sec.gov/Archives/edgar/data/1040971/000104097115000006/0001040971-15-000006-index.htm",
        "finalLink": "https://www.sec.gov/Archives/edgar/data/1040971/000104097115000006/slg-20150331x10q.htm"
    },
    {
        "date": "2014-12-31",
        "symbol": "SLG",
        "reportedCurrency": "USD",
        "cik": "0001040971",
        "fillingDate": "2015-02-24",
        "acceptedDate": "2015-02-23 20:24:12",
        "calendarYear": "2014",
        "period": "Q4",
        "revenue": 410383000,
        "costOfRevenue": 137452000,
        "grossProfit": 272931000,
        "grossProfitRatio": 0.6650640987,
        "researchAndDevelopmentExpenses": 0,
        "generalAndAdministrativeExpenses": 0,
        "sellingAndMarketingExpenses": 0,
        "sellingGeneralAndAdministrativeExpenses": 22710000,
        "otherExpenses": 0,
        "operatingExpenses": 22710000,
        "costAndExpenses": 160162000,
        "interestIncome": -6003000,
        "interestExpense": 81613000,
        "depreciationAndAmortization": 79673000,
        "ebitda": 218021000,
        "ebitdaratio": 0.5312622599,
        "operatingIncome": 250221000,
        "operatingIncomeRatio": 0.6097255491,
        "totalOtherIncomeExpensesNet": -207339000,
        "incomeBeforeTax": 42882000,
        "incomeBeforeTaxRatio": 0.1044926325,
        "incomeTaxExpense": 0,
        "netIncome": 61323000,
        "netIncomeRatio": 0.1494287044,
        "eps": 0.3,
        "epsdiluted": 0.38,
        "weightedAverageShsOut": 112751198,
        "weightedAverageShsOutDil": 91680479,
        "link": "https://www.sec.gov/Archives/edgar/data/1040971/000104097115000003/0001040971-15-000003-index.htm",
        "finalLink": "https://www.sec.gov/Archives/edgar/data/1040971/000104097115000003/slg-20141231x10k.htm"
    },
    {
        "date": "2014-09-30",
        "symbol": "SLG",
        "reportedCurrency": "USD",
        "cik": "0001040971",
        "fillingDate": "2014-11-10",
        "acceptedDate": "2014-11-10 17:17:14",
        "calendarYear": "2014",
        "period": "Q3",
        "revenue": 396308000,
        "costOfRevenue": 135747000,
        "grossProfit": 260560999,
        "grossProfitRatio": 0.6574709544,
        "researchAndDevelopmentExpenses": 0,
        "generalAndAdministrativeExpenses": 0,
        "sellingAndMarketingExpenses": 0,
        "sellingGeneralAndAdministrativeExpenses": 22649000,
        "otherExpenses": 0,
        "operatingExpenses": 22649000,
        "costAndExpenses": 158396000,
        "interestIncome": -5897000,
        "interestExpense": 83158000,
        "depreciationAndAmortization": 95643000,
        "ebitda": 239112000,
        "ebitdaratio": 0.6033489104,
        "operatingIncome": 237912000,
        "operatingIncomeRatio": 0.6003209625,
        "totalOtherIncomeExpensesNet": -197860000,
        "incomeBeforeTax": 40052000,
        "incomeBeforeTaxRatio": 0.1010628097,
        "incomeTaxExpense": 0,
        "netIncome": 69246000,
        "netIncomeRatio": 0.174727737,
        "eps": 0.16,
        "epsdiluted": 0.35,
        "weightedAverageShsOut": 200667675,
        "weightedAverageShsOutDil": 90257797,
        "link": "https://www.sec.gov/Archives/edgar/data/1040971/000104097114000015/0001040971-14-000015-index.htm",
        "finalLink": "https://www.sec.gov/Archives/edgar/data/1040971/000104097114000015/slg-20140930x10q.htm"
    },
    {
        "date": "2014-06-30",
        "symbol": "SLG",
        "reportedCurrency": "USD",
        "cik": "0001040971",
        "fillingDate": "2014-08-11",
        "acceptedDate": "2014-08-11 16:47:11",
        "calendarYear": "2014",
        "period": "Q2",
        "revenue": 365551000,
        "costOfRevenue": 128942000,
        "grossProfit": 236609000,
        "grossProfitRatio": 0.6472667289,
        "researchAndDevelopmentExpenses": 0,
        "generalAndAdministrativeExpenses": 0,
        "sellingAndMarketingExpenses": 0,
        "sellingGeneralAndAdministrativeExpenses": 23872000,
        "otherExpenses": 0,
        "operatingExpenses": 23872000,
        "costAndExpenses": 152814000,
        "interestIncome": -4660000,
        "interestExpense": 78611000,
        "depreciationAndAmortization": 85679000,
        "ebitda": 223037000,
        "ebitdaratio": 0.6101392145,
        "operatingIncome": 212737000,
        "operatingIncomeRatio": 0.5819625716,
        "totalOtherIncomeExpensesNet": -82785000,
        "incomeBeforeTax": 129952000,
        "incomeBeforeTaxRatio": 0.3554962235,
        "incomeTaxExpense": 0,
        "netIncome": 239844000,
        "netIncomeRatio": 0.6561163832,
        "eps": 0.59,
        "epsdiluted": 1.22,
        "weightedAverageShsOut": 196509523,
        "weightedAverageShsOutDil": 90479355,
        "link": "https://www.sec.gov/Archives/edgar/data/1040971/000104097114000012/0001040971-14-000012-index.htm",
        "finalLink": "https://www.sec.gov/Archives/edgar/data/1040971/000104097114000012/slg-20140630x10q.htm"
    },
    {
        "date": "2014-03-31",
        "symbol": "SLG",
        "reportedCurrency": "USD",
        "cik": "0001040971",
        "fillingDate": "2014-05-12",
        "acceptedDate": "2014-05-12 16:35:23",
        "calendarYear": "2014",
        "period": "Q1",
        "revenue": 368573000,
        "costOfRevenue": 130292000,
        "grossProfit": 238281000,
        "grossProfitRatio": 0.6464960808,
        "researchAndDevelopmentExpenses": 0,
        "generalAndAdministrativeExpenses": 0,
        "sellingAndMarketingExpenses": 0,
        "sellingGeneralAndAdministrativeExpenses": 23257000,
        "otherExpenses": 0,
        "operatingExpenses": 23257000,
        "costAndExpenses": 153549000,
        "interestIncome": 877000,
        "interestExpense": 80712000,
        "depreciationAndAmortization": 78915000,
        "ebitda": 207424000,
        "ebitdaratio": 0.5627758951,
        "operatingIncome": 215024000,
        "operatingIncomeRatio": 0.5833959623,
        "totalOtherIncomeExpensesNet": -64181000,
        "incomeBeforeTax": 150843000,
        "incomeBeforeTaxRatio": 0.4092622086,
        "incomeTaxExpense": 0,
        "netIncome": 150393000,
        "netIncomeRatio": 0.4080412835,
        "eps": 1.56,
        "epsdiluted": 1.56,
        "weightedAverageShsOut": 96497503,
        "weightedAverageShsOutDil": 93069220,
        "link": "https://www.sec.gov/Archives/edgar/data/1040971/000104097114000009/0001040971-14-000009-index.htm",
        "finalLink": "https://www.sec.gov/Archives/edgar/data/1040971/000104097114000009/slg-20140331x10q.htm"
    },
    {
        "date": "2013-12-31",
        "symbol": "SLG",
        "reportedCurrency": "USD",
        "cik": "0001040971",
        "fillingDate": "2014-02-25",
        "acceptedDate": "2014-02-25 11:48:56",
        "calendarYear": "2013",
        "period": "Q4",
        "revenue": 356121000,
        "costOfRevenue": 131850000,
        "grossProfit": 224271000,
        "grossProfitRatio": 0.6297606712,
        "researchAndDevelopmentExpenses": 0,
        "generalAndAdministrativeExpenses": 0,
        "sellingAndMarketingExpenses": 0,
        "sellingGeneralAndAdministrativeExpenses": 22742000,
        "otherExpenses": 0,
        "operatingExpenses": 22742000,
        "costAndExpenses": 154592000,
        "interestIncome": -3085000,
        "interestExpense": 83371000,
        "depreciationAndAmortization": 78195000,
        "ebitda": 193929000,
        "ebitdaratio": 0.544559293,
        "operatingIncome": 201529000,
        "operatingIncomeRatio": 0.5659003541,
        "totalOtherIncomeExpensesNet": -163003000,
        "incomeBeforeTax": 38526000,
        "incomeBeforeTaxRatio": 0.1081823313,
        "incomeTaxExpense": 0,
        "netIncome": 41425000,
        "netIncomeRatio": 0.1163228229,
        "eps": 0.35,
        "epsdiluted": 0.35,
        "weightedAverageShsOut": 117354931,
        "weightedAverageShsOutDil": 88925624,
        "link": "https://www.sec.gov/Archives/edgar/data/1040971/000104097114000005/0001040971-14-000005-index.htm",
        "finalLink": "https://www.sec.gov/Archives/edgar/data/1040971/000104097114000005/slg-20131231x10k.htm"
    },
    {
        "date": "2013-09-30",
        "symbol": "SLG",
        "reportedCurrency": "USD",
        "cik": "0001040971",
        "fillingDate": "2013-11-08",
        "acceptedDate": "2013-11-07 17:51:20",
        "calendarYear": "2013",
        "period": "Q3",
        "revenue": 341721000,
        "costOfRevenue": 132243000,
        "grossProfit": 209478000,
        "grossProfitRatio": 0.6130088581,
        "researchAndDevelopmentExpenses": 0,
        "generalAndAdministrativeExpenses": 0,
        "sellingAndMarketingExpenses": 0,
        "sellingGeneralAndAdministrativeExpenses": 20869000,
        "otherExpenses": 0,
        "operatingExpenses": 20869000,
        "costAndExpenses": 153112000,
        "interestIncome": 626000,
        "interestExpense": 82973000,
        "depreciationAndAmortization": 74766000,
        "ebitda": 179213000,
        "ebitdaratio": 0.5244424545,
        "operatingIncome": 188609000,
        "operatingIncomeRatio": 0.5519385698,
        "totalOtherIncomeExpensesNet": -164495000,
        "incomeBeforeTax": 24114000,
        "incomeBeforeTaxRatio": 0.0705663392,
        "incomeTaxExpense": 0,
        "netIncome": 41325000,
        "netIncomeRatio": 0.1209319884,
        "eps": 0.0693,
        "epsdiluted": 0.18,
        "weightedAverageShsOut": 228190105,
        "weightedAverageShsOutDil": 87261371,
        "link": "https://www.sec.gov/Archives/edgar/data/1040971/000104097113000006/0001040971-13-000006-index.htm",
        "finalLink": "https://www.sec.gov/Archives/edgar/data/1040971/000104097113000006/slg-2013930x10q.htm"
    },
    {
        "date": "2013-06-30",
        "symbol": "SLG",
        "reportedCurrency": "USD",
        "cik": "0001040971",
        "fillingDate": "2013-08-09",
        "acceptedDate": "2013-08-09 12:10:38",
        "calendarYear": "2013",
        "period": "Q2",
        "revenue": 324449000,
        "costOfRevenue": 115772000,
        "grossProfit": 208677000,
        "grossProfitRatio": 0.6431735034,
        "researchAndDevelopmentExpenses": 0,
        "generalAndAdministrativeExpenses": 0,
        "sellingAndMarketingExpenses": 0,
        "sellingGeneralAndAdministrativeExpenses": 21514000,
        "otherExpenses": 0,
        "operatingExpenses": 105005999,
        "costAndExpenses": 220777999,
        "interestIncome": 458000,
        "interestExpense": 83276000,
        "depreciationAndAmortization": 69084000,
        "ebitda": 180367000,
        "ebitdaratio": 0.5559178792,
        "operatingIncome": 111283000,
        "operatingIncomeRatio": 0.342990732,
        "totalOtherIncomeExpensesNet": -87770000,
        "incomeBeforeTax": 23513000,
        "incomeBeforeTaxRatio": 0.0724705578,
        "incomeTaxExpense": 0,
        "netIncome": 541000,
        "netIncomeRatio": 0.0016674423,
        "eps": 0,
        "epsdiluted": 0,
        "weightedAverageShsOut": 3360248447,
        "weightedAverageShsOutDil": 86628026,
        "link": "https://www.sec.gov/Archives/edgar/data/1040971/000110465913062160/0001104659-13-062160-index.htm",
        "finalLink": "https://www.sec.gov/Archives/edgar/data/1040971/000110465913062160/a13-13727_110q.htm"
    },
    {
        "date": "2013-03-31",
        "symbol": "SLG",
        "reportedCurrency": "USD",
        "cik": "0001040971",
        "fillingDate": "2013-05-10",
        "acceptedDate": "2013-05-10 16:17:37",
        "calendarYear": "2013",
        "period": "Q1",
        "revenue": 358695000,
        "costOfRevenue": 131751000,
        "grossProfit": 226944000,
        "grossProfitRatio": 0.632693514,
        "researchAndDevelopmentExpenses": 0,
        "generalAndAdministrativeExpenses": 0,
        "sellingAndMarketingExpenses": 0,
        "sellingGeneralAndAdministrativeExpenses": 21067000,
        "otherExpenses": 0,
        "operatingExpenses": 119639999,
        "costAndExpenses": 251390999,
        "interestIncome": -3902000,
        "interestExpense": 81336000,
        "depreciationAndAmortization": 78616000,
        "ebitda": 205869000,
        "ebitdaratio": 0.5739388617,
        "operatingIncome": 127253000,
        "operatingIncomeRatio": 0.3547665844,
        "totalOtherIncomeExpensesNet": -102710000,
        "incomeBeforeTax": 24543000,
        "incomeBeforeTaxRatio": 0.0684230335,
        "incomeTaxExpense": 0,
        "netIncome": 13115000,
        "netIncomeRatio": 0.0365630968,
        "eps": 0,
        "epsdiluted": 0,
        "weightedAverageShsOut": 86171778,
        "weightedAverageShsOutDil": 88969935,
        "link": "https://www.sec.gov/Archives/edgar/data/1040971/000110465913040293/0001104659-13-040293-index.htm",
        "finalLink": "https://www.sec.gov/Archives/edgar/data/1040971/000110465913040293/a13-8396_110q.htm"
    },
    {
        "date": "2012-12-31",
        "symbol": "SLG",
        "reportedCurrency": "USD",
        "cik": "0001040971",
        "fillingDate": "2013-02-27",
        "acceptedDate": "2013-02-27 17:03:31",
        "calendarYear": "2012",
        "period": "Q4",
        "revenue": 340729000,
        "costOfRevenue": 134609000,
        "grossProfit": 206120000,
        "grossProfitRatio": 0.6049382354,
        "researchAndDevelopmentExpenses": 0,
        "generalAndAdministrativeExpenses": 0,
        "sellingAndMarketingExpenses": 0,
        "sellingGeneralAndAdministrativeExpenses": -5199000,
        "otherExpenses": 0,
        "operatingExpenses": 98467000,
        "costAndExpenses": 233076000,
        "interestIncome": 422000,
        "interestExpense": 82699000,
        "depreciationAndAmortization": 92150000,
        "ebitda": 185228000,
        "ebitdaratio": 0.5436226444,
        "operatingIncome": 93078000,
        "operatingIncomeRatio": 0.2731731082,
        "totalOtherIncomeExpensesNet": -75357000,
        "incomeBeforeTax": 17721000,
        "incomeBeforeTaxRatio": 0.0520090747,
        "incomeTaxExpense": 0,
        "netIncome": 10220000,
        "netIncomeRatio": 0.0299945118,
        "eps": 0,
        "epsdiluted": 0,
        "weightedAverageShsOut": 85305287,
        "weightedAverageShsOutDil": 85554179,
        "link": "https://www.sec.gov/Archives/edgar/data/1040971/000104746913001830/0001047469-13-001830-index.htm",
        "finalLink": "https://www.sec.gov/Archives/edgar/data/1040971/000104746913001830/a2213005z10-k.htm"
    },
    {
        "date": "2012-09-30",
        "symbol": "SLG",
        "reportedCurrency": "USD",
        "cik": "0001040971",
        "fillingDate": "2012-11-07",
        "acceptedDate": "2012-11-07 17:00:44",
        "calendarYear": "2012",
        "period": "Q3",
        "revenue": 357011000,
        "costOfRevenue": 144518000,
        "grossProfit": 212493000,
        "grossProfitRatio": 0.5952001479,
        "researchAndDevelopmentExpenses": 0,
        "generalAndAdministrativeExpenses": 29425000,
        "sellingAndMarketingExpenses": 54967000,
        "sellingGeneralAndAdministrativeExpenses": 84392000,
        "otherExpenses": 108782000,
        "operatingExpenses": 193174000,
        "costAndExpenses": 337692000,
        "interestIncome": -4107000,
        "interestExpense": 86045000,
        "depreciationAndAmortization": 87922000,
        "ebitda": 201646000,
        "ebitdaratio": 0.5648173306,
        "operatingIncome": 19319000,
        "operatingIncomeRatio": 0.0541131786,
        "totalOtherIncomeExpensesNet": 9088000,
        "incomeBeforeTax": 28407000,
        "incomeBeforeTaxRatio": 0.0795689769,
        "incomeTaxExpense": 728000,
        "netIncome": 0,
        "netIncomeRatio": 0,
        "eps": 0.0926,
        "epsdiluted": 0.0926,
        "weightedAverageShsOut": 87682396,
        "weightedAverageShsOutDil": 90908264,
        "link": "https://www.sec.gov/Archives/edgar/data/1040971/000110465912075409/0001104659-12-075409-index.htm",
        "finalLink": "https://www.sec.gov/Archives/edgar/data/1040971/000110465912075409/a12-19850_110q.htm"
    },
    {
        "date": "2012-06-30",
        "symbol": "SLG",
        "reportedCurrency": "USD",
        "cik": "0001040971",
        "fillingDate": "2012-08-09",
        "acceptedDate": "2012-08-09 10:41:28",
        "calendarYear": "2012",
        "period": "Q2",
        "revenue": 349005000,
        "costOfRevenue": 128580000,
        "grossProfit": 220425000,
        "grossProfitRatio": 0.6315812094,
        "researchAndDevelopmentExpenses": 0,
        "generalAndAdministrativeExpenses": 0,
        "sellingAndMarketingExpenses": 0,
        "sellingGeneralAndAdministrativeExpenses": 20721000,
        "otherExpenses": 162990000,
        "operatingExpenses": 183711000,
        "costAndExpenses": 234434000,
        "interestIncome": -3152000,
        "interestExpense": 82560000,
        "depreciationAndAmortization": 81365000,
        "ebitda": 281483000,
        "ebitdaratio": 0.8065299924,
        "operatingIncome": 32244000,
        "operatingIncomeRatio": 0.0923883612,
        "totalOtherIncomeExpensesNet": 85314000,
        "incomeBeforeTax": 117558000,
        "incomeBeforeTaxRatio": 0.3368375811,
        "incomeTaxExpense": 0,
        "netIncome": 103040000,
        "netIncomeRatio": 0.2952393232,
        "eps": 1.18,
        "epsdiluted": 1.17,
        "weightedAverageShsOut": 89789000,
        "weightedAverageShsOutDil": 90704219,
        "link": "https://www.sec.gov/Archives/edgar/data/1040971/000110465912056313/0001104659-12-056313-index.htm",
        "finalLink": "https://www.sec.gov/Archives/edgar/data/1040971/000110465912056313/a12-12695_110q.htm"
    },
    {
        "date": "2012-03-31",
        "symbol": "SLG",
        "reportedCurrency": "USD",
        "cik": "0001040971",
        "fillingDate": "2012-05-10",
        "acceptedDate": "2012-05-10 16:16:44",
        "calendarYear": "2012",
        "period": "Q1",
        "revenue": 339133000,
        "costOfRevenue": 133540000,
        "grossProfit": 205593000,
        "grossProfitRatio": 0.6062311836,
        "researchAndDevelopmentExpenses": 0,
        "generalAndAdministrativeExpenses": 0,
        "sellingAndMarketingExpenses": 0,
        "sellingGeneralAndAdministrativeExpenses": 30153000,
        "otherExpenses": 162489000,
        "operatingExpenses": 182685000,
        "costAndExpenses": 155484000,
        "interestIncome": -3170000,
        "interestExpense": 80547000,
        "depreciationAndAmortization": 80663000,
        "ebitda": 189901000,
        "ebitdaratio": 0.5599602516,
        "operatingIncome": 182148000,
        "operatingIncomeRatio": 0.5370990143,
        "totalOtherIncomeExpensesNet": -153457000,
        "incomeBeforeTax": 28691000,
        "incomeBeforeTaxRatio": 0.0846010267,
        "incomeTaxExpense": 0,
        "netIncome": 25256000,
        "netIncomeRatio": 0.0744722572,
        "eps": 0.3,
        "epsdiluted": 0.3,
        "weightedAverageShsOut": 86744000,
        "weightedAverageShsOutDil": 87616324,
        "link": "https://www.sec.gov/Archives/edgar/data/1040971/000110465912035934/0001104659-12-035934-index.htm",
        "finalLink": "https://www.sec.gov/Archives/edgar/data/1040971/000110465912035934/a12-8516_110q.htm"
    },
    {
        "date": "2011-12-31",
        "symbol": "SLG",
        "reportedCurrency": "USD",
        "cik": "0001040971",
        "fillingDate": "2012-02-28",
        "acceptedDate": "2012-02-28 17:10:27",
        "calendarYear": "2011",
        "period": "Q4",
        "revenue": 323027000,
        "costOfRevenue": 125991000,
        "grossProfit": 197036000,
        "grossProfitRatio": 0.6099675878,
        "researchAndDevelopmentExpenses": 0,
        "generalAndAdministrativeExpenses": 33098000,
        "sellingAndMarketingExpenses": 0,
        "sellingGeneralAndAdministrativeExpenses": 33098000,
        "otherExpenses": 152187000,
        "operatingExpenses": 112679000,
        "costAndExpenses": 311276000,
        "interestIncome": 469000,
        "interestExpense": 76895000,
        "depreciationAndAmortization": 79753000,
        "ebitda": 169721000,
        "ebitdaratio": 0.5254080928,
        "operatingIncome": 11751000,
        "operatingIncomeRatio": 0.0363777641,
        "totalOtherIncomeExpensesNet": 1322000,
        "incomeBeforeTax": 13073000,
        "incomeBeforeTaxRatio": 0.0404703012,
        "incomeTaxExpense": 0,
        "netIncome": 10353000,
        "netIncomeRatio": 0.0320499525,
        "eps": 0.0337,
        "epsdiluted": 0.0337,
        "weightedAverageShsOut": 83266261,
        "weightedAverageShsOutDil": 83266261,
        "link": "https://www.sec.gov/Archives/edgar/data/1040971/000104746912001784/0001047469-12-001784-index.htm",
        "finalLink": "https://www.sec.gov/Archives/edgar/data/1040971/000104746912001784/a2207424z10-k.htm"
    },
    {
        "date": "2011-09-30",
        "symbol": "SLG",
        "reportedCurrency": "USD",
        "cik": "0001040971",
        "fillingDate": "2011-11-09",
        "acceptedDate": "2011-11-09 08:01:01",
        "calendarYear": "2011",
        "period": "Q3",
        "revenue": 306623000,
        "costOfRevenue": 114012000,
        "grossProfit": 192611000,
        "grossProfitRatio": 0.6281687936,
        "researchAndDevelopmentExpenses": 0,
        "generalAndAdministrativeExpenses": 27363000,
        "sellingAndMarketingExpenses": 169000,
        "sellingGeneralAndAdministrativeExpenses": 27532000,
        "otherExpenses": 196031000,
        "operatingExpenses": 223394000,
        "costAndExpenses": 144339000,
        "interestIncome": 511000,
        "interestExpense": 75114000,
        "depreciationAndAmortization": 76203000,
        "ebitda": 166689000,
        "ebitdaratio": 0.5436284949,
        "operatingIncome": 164235000,
        "operatingIncomeRatio": 0.5356251814,
        "totalOtherIncomeExpensesNet": -147747000,
        "incomeBeforeTax": 16488000,
        "incomeBeforeTaxRatio": 0.0537728742,
        "incomeTaxExpense": 1116000,
        "netIncome": 0,
        "netIncomeRatio": 0,
        "eps": 0.0823,
        "epsdiluted": 0.0823,
        "weightedAverageShsOut": 83266261,
        "weightedAverageShsOutDil": 83725850,
        "link": "https://www.sec.gov/Archives/edgar/data/1040971/000110465911062396/0001104659-11-062396-index.htm",
        "finalLink": "https://www.sec.gov/Archives/edgar/data/1040971/000110465911062396/a11-25820_110q.htm"
    },
    {
        "date": "2011-06-30",
        "symbol": "SLG",
        "reportedCurrency": "USD",
        "cik": "0001040971",
        "fillingDate": "2011-08-09",
        "acceptedDate": "2011-08-09 10:03:33",
        "calendarYear": "2011",
        "period": "Q2",
        "revenue": 298705000,
        "costOfRevenue": 107661000,
        "grossProfit": 191044000,
        "grossProfitRatio": 0.6395741618,
        "researchAndDevelopmentExpenses": 0,
        "generalAndAdministrativeExpenses": 30267000,
        "sellingAndMarketingExpenses": 1217000,
        "sellingGeneralAndAdministrativeExpenses": 31484000,
        "otherExpenses": 138893000,
        "operatingExpenses": 169160000,
        "costAndExpenses": 139145000,
        "interestIncome": 538000,
        "interestExpense": 68711000,
        "depreciationAndAmortization": 68376000,
        "ebitda": 568081000,
        "ebitdaratio": 1.9018128254,
        "operatingIncome": 164665000,
        "operatingIncomeRatio": 0.5512629517,
        "totalOtherIncomeExpensesNet": 336761000,
        "incomeBeforeTax": 501426000,
        "incomeBeforeTaxRatio": 1.6786662426,
        "incomeTaxExpense": 0,
        "netIncome": 534003000,
        "netIncomeRatio": 1.7877270216,
        "eps": 6.48,
        "epsdiluted": 6.44,
        "weightedAverageShsOut": 81208312,
        "weightedAverageShsOutDil": 81713569,
        "link": "https://www.sec.gov/Archives/edgar/data/1040971/000110465911045184/0001104659-11-045184-index.htm",
        "finalLink": "https://www.sec.gov/Archives/edgar/data/1040971/000110465911045184/a11-14063_110q.htm"
    },
    {
        "date": "2011-03-31",
        "symbol": "SLG",
        "reportedCurrency": "USD",
        "cik": "0001040971",
        "fillingDate": "2011-05-10",
        "acceptedDate": "2011-05-10 16:38:02",
        "calendarYear": "2011",
        "period": "Q1",
        "revenue": 329221000,
        "costOfRevenue": 100367000,
        "grossProfit": 228854000,
        "grossProfitRatio": 0.6951379165,
        "researchAndDevelopmentExpenses": 0,
        "generalAndAdministrativeExpenses": 27855000,
        "sellingAndMarketingExpenses": 2434000,
        "sellingGeneralAndAdministrativeExpenses": 30289000,
        "otherExpenses": 130847000,
        "operatingExpenses": 97592000,
        "costAndExpenses": 197959000,
        "interestIncome": 485000,
        "interestExpense": 64751000,
        "depreciationAndAmortization": 67979000,
        "ebitda": 156654000,
        "ebitdaratio": 0.4758323436,
        "operatingIncome": 70154000,
        "operatingIncomeRatio": 0.2130909025,
        "totalOtherIncomeExpensesNet": 21867000,
        "incomeBeforeTax": 92021000,
        "incomeBeforeTaxRatio": 0.2795113313,
        "incomeTaxExpense": 0,
        "netIncome": 88432000,
        "netIncomeRatio": 0.2686098396,
        "eps": 1.05,
        "epsdiluted": 1.04,
        "weightedAverageShsOut": 77149743,
        "weightedAverageShsOutDil": 77574353,
        "link": "https://www.sec.gov/Archives/edgar/data/1040971/000110465911027845/0001104659-11-027845-index.htm",
        "finalLink": "https://www.sec.gov/Archives/edgar/data/1040971/000110465911027845/a11-9474_110q.htm"
    },
    {
        "date": "2010-12-31",
        "symbol": "SLG",
        "reportedCurrency": "USD",
        "cik": "0001040971",
        "fillingDate": "2011-02-28",
        "acceptedDate": "2011-02-28 15:39:17",
        "calendarYear": "2010",
        "period": "Q4",
        "revenue": 267245000,
        "costOfRevenue": 115377000,
        "grossProfit": 151868000,
        "grossProfitRatio": 0.5682725589,
        "researchAndDevelopmentExpenses": 0,
        "generalAndAdministrativeExpenses": 31985000,
        "sellingAndMarketingExpenses": 0,
        "sellingGeneralAndAdministrativeExpenses": 31985000,
        "otherExpenses": 111014000,
        "operatingExpenses": 142999000,
        "costAndExpenses": 258376000,
        "interestIncome": 795000,
        "interestExpense": 62089000,
        "depreciationAndAmortization": 62041000,
        "ebitda": 301469000,
        "ebitdaratio": 1.128062265,
        "operatingIncome": 8869000,
        "operatingIncomeRatio": 0.0331867762,
        "totalOtherIncomeExpensesNet": -8865550,
        "incomeBeforeTax": 3450,
        "incomeBeforeTaxRatio": 1.29095e-05,
        "incomeTaxExpense": -17955550,
        "netIncome": 14753000,
        "netIncomeRatio": 0.0552040263,
        "eps": 0.0923,
        "epsdiluted": 0.0904,
        "weightedAverageShsOut": 78101000,
        "weightedAverageShsOutDil": 79761000,
        "link": "https://www.sec.gov/Archives/edgar/data/1040971/000104746911001531/0001047469-11-001531-index.htm",
        "finalLink": "https://www.sec.gov/Archives/edgar/data/1040971/000104746911001531/a2202105z10-k.htm"
    },
    {
        "date": "2010-09-30",
        "symbol": "SLG",
        "reportedCurrency": "USD",
        "cik": "0001040971",
        "fillingDate": "2010-11-09",
        "acceptedDate": "2010-11-09 13:25:58",
        "calendarYear": "2010",
        "period": "Q3",
        "revenue": 323280000,
        "costOfRevenue": 95212000,
        "grossProfit": 228068000,
        "grossProfitRatio": 0.7054813165,
        "researchAndDevelopmentExpenses": 0,
        "generalAndAdministrativeExpenses": 26334000,
        "sellingAndMarketingExpenses": 3254000,
        "sellingGeneralAndAdministrativeExpenses": 29588000,
        "otherExpenses": 118288000,
        "operatingExpenses": 144622000,
        "costAndExpenses": 186514000,
        "interestIncome": 479000,
        "interestExpense": 56920000,
        "depreciationAndAmortization": 60139000,
        "ebitda": 144026000,
        "ebitdaratio": 0.4455147241,
        "operatingIncome": 79317000,
        "operatingIncomeRatio": 0.2453507795,
        "totalOtherIncomeExpensesNet": 7553000,
        "incomeBeforeTax": 86870000,
        "incomeBeforeTaxRatio": 0.2687144271,
        "incomeTaxExpense": 0,
        "netIncome": 119045000,
        "netIncomeRatio": 0.3682411532,
        "eps": 1.47,
        "epsdiluted": 1.46,
        "weightedAverageShsOut": 76009029,
        "weightedAverageShsOutDil": 77518969,
        "link": "https://www.sec.gov/Archives/edgar/data/1040971/000110465910057215/0001104659-10-057215-index.htm",
        "finalLink": "https://www.sec.gov/Archives/edgar/data/1040971/000110465910057215/a10-17556_110q.htm"
    },
    {
        "date": "2010-06-30",
        "symbol": "SLG",
        "reportedCurrency": "USD",
        "cik": "0001040971",
        "fillingDate": "2010-08-09",
        "acceptedDate": "2010-08-09 14:51:08",
        "calendarYear": "2010",
        "period": "Q2",
        "revenue": 251572000,
        "costOfRevenue": 89942000,
        "grossProfit": 161630000,
        "grossProfitRatio": 0.6424800852,
        "researchAndDevelopmentExpenses": 0,
        "generalAndAdministrativeExpenses": 26058000,
        "sellingAndMarketingExpenses": 4104000,
        "sellingGeneralAndAdministrativeExpenses": 30162000,
        "otherExpenses": 122974000,
        "operatingExpenses": 149032000,
        "costAndExpenses": 238974000,
        "interestIncome": 504000,
        "interestExpense": 57445000,
        "depreciationAndAmortization": 58697000,
        "ebitda": 264238000,
        "ebitdaratio": 1.0503474155,
        "operatingIncome": 15001000,
        "operatingIncomeRatio": 0.0596290525,
        "totalOtherIncomeExpensesNet": 133095000,
        "incomeBeforeTax": 148096000,
        "incomeBeforeTaxRatio": 0.5886823653,
        "incomeTaxExpense": 0,
        "netIncome": 144583000,
        "netIncomeRatio": 0.5747181721,
        "eps": 1.81,
        "epsdiluted": 1.8,
        "weightedAverageShsOut": 75833161,
        "weightedAverageShsOutDil": 76241253,
        "link": "https://www.sec.gov/Archives/edgar/data/1040971/000110465910043119/0001104659-10-043119-index.htm",
        "finalLink": "https://www.sec.gov/Archives/edgar/data/1040971/000110465910043119/a10-12916_110q.htm"
    },
    {
        "date": "2010-03-31",
        "symbol": "SLG",
        "reportedCurrency": "USD",
        "cik": "0001040971",
        "fillingDate": "2010-05-10",
        "acceptedDate": "2010-05-10 16:44:57",
        "calendarYear": "2010",
        "period": "Q1",
        "revenue": 250881000,
        "costOfRevenue": 93758000,
        "grossProfit": 157123000,
        "grossProfitRatio": 0.6262849718,
        "researchAndDevelopmentExpenses": 0,
        "generalAndAdministrativeExpenses": 26219000,
        "sellingAndMarketingExpenses": 1058000,
        "sellingGeneralAndAdministrativeExpenses": 27277000,
        "otherExpenses": 121665000,
        "operatingExpenses": 147884000,
        "costAndExpenses": 189998000,
        "interestIncome": 368000,
        "interestExpense": 57155000,
        "depreciationAndAmortization": 59568000,
        "ebitda": 83186000,
        "ebitdaratio": 0.3315755278,
        "operatingIncome": 11156000,
        "operatingIncomeRatio": 0.0444672972,
        "totalOtherIncomeExpensesNet": -11155810,
        "incomeBeforeTax": 190,
        "incomeBeforeTaxRatio": 7.573e-07,
        "incomeTaxExpense": -24216810,
        "netIncome": 22195000,
        "netIncomeRatio": 0.0884682379,
        "eps": 0.2,
        "epsdiluted": 0.2,
        "weightedAverageShsOut": 75616484,
        "weightedAverageShsOutDil": 76039150,
        "link": "https://www.sec.gov/Archives/edgar/data/1040971/000110465910027303/0001104659-10-027303-index.htm",
        "finalLink": "https://www.sec.gov/Archives/edgar/data/1040971/000110465910027303/a10-6113_110q.htm"
    },
    {
        "date": "2009-12-31",
        "symbol": "SLG",
        "reportedCurrency": "USD",
        "cik": "0001040971",
        "fillingDate": "2010-02-16",
        "acceptedDate": "2010-02-16 17:29:53",
        "calendarYear": "2009",
        "period": "Q4",
        "revenue": 246615000,
        "costOfRevenue": 88832000,
        "grossProfit": 157783000,
        "grossProfitRatio": 0.6397948219,
        "researchAndDevelopmentExpenses": 0,
        "generalAndAdministrativeExpenses": 27078000,
        "sellingAndMarketingExpenses": 0,
        "sellingGeneralAndAdministrativeExpenses": 27078000,
        "otherExpenses": 142603000,
        "operatingExpenses": 115486000,
        "costAndExpenses": 258513000,
        "interestIncome": -4087000,
        "interestExpense": 50108000,
        "depreciationAndAmortization": 62204000,
        "ebitda": 103657540,
        "ebitdaratio": 0.4203213105,
        "operatingIncome": -11898000,
        "operatingIncomeRatio": -0.0482452406,
        "totalOtherIncomeExpensesNet": 11898540,
        "incomeBeforeTax": 540,
        "incomeBeforeTaxRatio": 2.1896e-06,
        "incomeTaxExpense": -4545460,
        "netIncome": -153000,
        "netIncomeRatio": -0.0006204002,
        "eps": -0.0734,
        "epsdiluted": -0.0711,
        "weightedAverageShsOut": 69735000,
        "weightedAverageShsOutDil": 72044000,
        "link": "https://www.sec.gov/Archives/edgar/data/1040971/000104746910000912/0001047469-10-000912-index.htm",
        "finalLink": "https://www.sec.gov/Archives/edgar/data/1040971/000104746910000912/a2196347z10-k.htm"
    },
    {
        "date": "2009-09-30",
        "symbol": "SLG",
        "reportedCurrency": "USD",
        "cik": "0001040971",
        "fillingDate": "2009-11-09",
        "acceptedDate": "2009-11-09 16:30:24",
        "calendarYear": "2009",
        "period": "Q3",
        "revenue": 249603000,
        "costOfRevenue": 88535000,
        "grossProfit": 161068000,
        "grossProfitRatio": 0.6452967312,
        "researchAndDevelopmentExpenses": 0,
        "generalAndAdministrativeExpenses": 26781000,
        "sellingAndMarketingExpenses": 0,
        "sellingGeneralAndAdministrativeExpenses": 26781000,
        "otherExpenses": 140899000,
        "operatingExpenses": 167680000,
        "costAndExpenses": 256215000,
        "interestIncome": 870000,
        "interestExpense": 66236000,
        "depreciationAndAmortization": 60100000,
        "ebitda": 73317000,
        "ebitdaratio": 0.2937344503,
        "operatingIncome": -10446000,
        "operatingIncomeRatio": -0.0418504585,
        "totalOtherIncomeExpensesNet": 10445970,
        "incomeBeforeTax": 0,
        "incomeBeforeTaxRatio": 0,
        "incomeTaxExpense": -14559030,
        "netIncome": 2449000,
        "netIncomeRatio": 0.0098115808,
        "eps": -0.0328,
        "epsdiluted": -0.0318,
        "weightedAverageShsOut": 76832000,
        "weightedAverageShsOutDil": 79168000,
        "link": "https://www.sec.gov/Archives/edgar/data/1040971/000110465909063697/0001104659-09-063697-index.htm",
        "finalLink": "https://www.sec.gov/Archives/edgar/data/1040971/000110465909063697/a09-31187_110q.htm"
    },
    {
        "date": "2009-06-30",
        "symbol": "SLG",
        "reportedCurrency": "USD",
        "cik": "0001040971",
        "fillingDate": "2009-08-10",
        "acceptedDate": "2009-08-10 16:20:30",
        "calendarYear": "2009",
        "period": "Q2",
        "revenue": 252005000,
        "costOfRevenue": 88629000,
        "grossProfit": 163376000,
        "grossProfitRatio": 0.6483045971,
        "researchAndDevelopmentExpenses": 0,
        "generalAndAdministrativeExpenses": 25992000,
        "sellingAndMarketingExpenses": 0,
        "sellingGeneralAndAdministrativeExpenses": 25992000,
        "otherExpenses": 158684000,
        "operatingExpenses": 180672000,
        "costAndExpenses": 217423000,
        "interestIncome": 1104000,
        "interestExpense": 57838000,
        "depreciationAndAmortization": 55186000,
        "ebitda": 91413000,
        "ebitdaratio": 0.3627428027,
        "operatingIncome": 22115000,
        "operatingIncomeRatio": 0.0877561953,
        "totalOtherIncomeExpensesNet": -22114820,
        "incomeBeforeTax": 180,
        "incomeBeforeTaxRatio": 7.143e-07,
        "incomeTaxExpense": -22281820,
        "netIncome": 17512000,
        "netIncomeRatio": 0.0694906847,
        "eps": 0.2,
        "epsdiluted": 0.19,
        "weightedAverageShsOut": 65453056,
        "weightedAverageShsOutDil": 65494837,
        "link": "https://www.sec.gov/Archives/edgar/data/1040971/000110465909048646/0001104659-09-048646-index.htm",
        "finalLink": "https://www.sec.gov/Archives/edgar/data/1040971/000110465909048646/a09-18867_110q.htm"
    },
    {
        "date": "2009-03-31",
        "symbol": "SLG",
        "reportedCurrency": "USD",
        "cik": "0001040971",
        "fillingDate": "2009-05-11",
        "acceptedDate": "2009-05-11 16:40:56",
        "calendarYear": "2009",
        "period": "Q1",
        "revenue": 262437000,
        "costOfRevenue": 92430000,
        "grossProfit": 170007000,
        "grossProfitRatio": 0.6478011866,
        "researchAndDevelopmentExpenses": 0,
        "generalAndAdministrativeExpenses": 25968000,
        "sellingAndMarketingExpenses": 0,
        "sellingGeneralAndAdministrativeExpenses": 25968000,
        "otherExpenses": 177898000,
        "operatingExpenses": 145009000,
        "costAndExpenses": 237439000,
        "interestIncome": 1575000,
        "interestExpense": 61572000,
        "depreciationAndAmortization": 56917000,
        "ebitda": 90826000,
        "ebitdaratio": 0.3460868704,
        "operatingIncome": -33271000,
        "operatingIncomeRatio": -0.1267770932,
        "totalOtherIncomeExpensesNet": 33271570,
        "incomeBeforeTax": 570,
        "incomeBeforeTaxRatio": 2.1719e-06,
        "incomeTaxExpense": -36247430,
        "netIncome": 37737000,
        "netIncomeRatio": 0.1437945107,
        "eps": 0.59,
        "epsdiluted": 0.59,
        "weightedAverageShsOut": 55556832,
        "weightedAverageShsOutDil": 57866437,
        "link": "https://www.sec.gov/Archives/edgar/data/1040971/000110465909031556/0001104659-09-031556-index.htm",
        "finalLink": "https://www.sec.gov/Archives/edgar/data/1040971/000110465909031556/a09-11592_110qa.htm"
    },
    {
        "date": "2008-12-31",
        "symbol": "SLG",
        "reportedCurrency": "USD",
        "cik": "0001040971",
        "fillingDate": "2009-04-28",
        "acceptedDate": "2009-04-28 16:59:37",
        "calendarYear": "2008",
        "period": "Q4",
        "revenue": 284624000,
        "costOfRevenue": 60159000,
        "grossProfit": 224465000,
        "grossProfitRatio": 0.7886369386,
        "researchAndDevelopmentExpenses": 0,
        "generalAndAdministrativeExpenses": 41604000,
        "sellingAndMarketingExpenses": 0,
        "sellingGeneralAndAdministrativeExpenses": 41604000,
        "otherExpenses": 268528000,
        "operatingExpenses": 127047000,
        "costAndExpenses": 370291000,
        "interestIncome": 0,
        "interestExpense": 67203000,
        "depreciationAndAmortization": 57319000,
        "ebitda": 154737000,
        "ebitdaratio": 0.543654084,
        "operatingIncome": -85667000,
        "operatingIncomeRatio": -0.3009830513,
        "totalOtherIncomeExpensesNet": 85673180,
        "incomeBeforeTax": 6180,
        "incomeBeforeTaxRatio": 2.17129e-05,
        "incomeTaxExpense": 313240000,
        "netIncome": 96519000,
        "netIncomeRatio": 0.3391105458,
        "eps": 1.64,
        "epsdiluted": 1.64,
        "weightedAverageShsOut": 58738976,
        "weightedAverageShsOutDil": 60598000,
        "link": "https://www.sec.gov/Archives/edgar/data/1040971/000110465909026762/0001104659-09-026762-index.htm",
        "finalLink": "https://www.sec.gov/Archives/edgar/data/1040971/000110465909026762/a09-11640_110ka.htm"
    },
    {
        "date": "2008-09-30",
        "symbol": "SLG",
        "reportedCurrency": "USD",
        "cik": "0001040971",
        "fillingDate": "2008-11-10",
        "acceptedDate": "2008-11-10 17:14:03",
        "calendarYear": "2008",
        "period": "Q3",
        "revenue": 268313000,
        "costOfRevenue": 92103000,
        "grossProfit": 176210000,
        "grossProfitRatio": 0.6567329947,
        "researchAndDevelopmentExpenses": 0,
        "generalAndAdministrativeExpenses": 28629000,
        "sellingAndMarketingExpenses": 0,
        "sellingGeneralAndAdministrativeExpenses": 28629000,
        "otherExpenses": 135930000,
        "operatingExpenses": 164559000,
        "costAndExpenses": 256662000,
        "interestIncome": 737000,
        "interestExpense": 72383000,
        "depreciationAndAmortization": 56992000,
        "ebitda": 140289000,
        "ebitdaratio": 0.5228557692,
        "operatingIncome": 141681000,
        "operatingIncomeRatio": 0.52804374,
        "totalOtherIncomeExpensesNet": -103140000,
        "incomeBeforeTax": 38541000,
        "incomeBeforeTaxRatio": 0.1436419406,
        "incomeTaxExpense": 5065000,
        "netIncome": 33796000,
        "netIncomeRatio": 0.1259573707,
        "eps": 0.6,
        "epsdiluted": 0.6,
        "weightedAverageShsOut": 56465322,
        "weightedAverageShsOutDil": 58994519,
        "link": "https://www.sec.gov/Archives/edgar/data/1040971/000110465908069815/0001104659-08-069815-index.htm",
        "finalLink": "https://www.sec.gov/Archives/edgar/data/1040971/000110465908069815/a08-25376_110q.htm"
    },
    {
        "date": "2008-06-30",
        "symbol": "SLG",
        "reportedCurrency": "USD",
        "cik": "0001040971",
        "fillingDate": "2008-08-08",
        "acceptedDate": "2008-08-08 15:30:21",
        "calendarYear": "2008",
        "period": "Q2",
        "revenue": 290722000,
        "costOfRevenue": 129667000,
        "grossProfit": 161055000,
        "grossProfitRatio": 0.5539828427,
        "researchAndDevelopmentExpenses": 0,
        "generalAndAdministrativeExpenses": 33260000,
        "sellingAndMarketingExpenses": 0,
        "sellingGeneralAndAdministrativeExpenses": 33260000,
        "otherExpenses": 134827000,
        "operatingExpenses": 168087000,
        "costAndExpenses": 255591000,
        "interestIncome": 229000,
        "interestExpense": 73833000,
        "depreciationAndAmortization": 57705000,
        "ebitda": 166440000,
        "ebitdaratio": 0.5725056927,
        "operatingIncome": 143839000,
        "operatingIncomeRatio": 0.4947647581,
        "totalOtherIncomeExpensesNet": 0,
        "incomeBeforeTax": 143839000,
        "incomeBeforeTaxRatio": 0.4947647581,
        "incomeTaxExpense": -2595000,
        "netIncome": 139160000,
        "netIncomeRatio": 0.4786703449,
        "eps": 2.37,
        "epsdiluted": 2.36,
        "weightedAverageShsOut": 56675197,
        "weightedAverageShsOutDil": 59284070,
        "link": "https://www.sec.gov/Archives/edgar/data/1040971/000110465908051322/0001104659-08-051322-index.htm",
        "finalLink": "https://www.sec.gov/Archives/edgar/data/1040971/000110465908051322/a08-18676_110q.htm"
    },
    {
        "date": "2008-03-31",
        "symbol": "SLG",
        "reportedCurrency": "USD",
        "cik": "0001040971",
        "fillingDate": "2008-05-12",
        "acceptedDate": "2008-05-12 13:25:27",
        "calendarYear": "2008",
        "period": "Q1",
        "revenue": 254702000,
        "costOfRevenue": 86196000,
        "grossProfit": 168506000,
        "grossProfitRatio": 0.6615809848,
        "researchAndDevelopmentExpenses": 0,
        "generalAndAdministrativeExpenses": 32709000,
        "sellingAndMarketingExpenses": 0,
        "sellingGeneralAndAdministrativeExpenses": 32709000,
        "otherExpenses": 123651000,
        "operatingExpenses": 156360000,
        "costAndExpenses": 242556000,
        "interestIncome": 2034000,
        "interestExpense": 78080000,
        "depreciationAndAmortization": 57494000,
        "ebitda": 80246000,
        "ebitdaratio": 0.315058382,
        "operatingIncome": 12146000,
        "operatingIncomeRatio": 0.047687101,
        "totalOtherIncomeExpensesNet": 118714000,
        "incomeBeforeTax": 130860000,
        "incomeBeforeTaxRatio": 0.5137768844,
        "incomeTaxExpense": 65866000,
        "netIncome": 126063000,
        "netIncomeRatio": 0.49494311,
        "eps": 2.13,
        "epsdiluted": 2.12,
        "weightedAverageShsOut": 56823859,
        "weightedAverageShsOutDil": 59485200,
        "link": "https://www.sec.gov/Archives/edgar/data/1040971/000110465908032291/0001104659-08-032291-index.htm",
        "finalLink": "https://www.sec.gov/Archives/edgar/data/1040971/000110465908032291/a08-11285_110q.htm"
    },
    {
        "date": "2007-12-31",
        "symbol": "SLG",
        "reportedCurrency": "USD",
        "cik": "0001040971",
        "fillingDate": "2008-02-27",
        "acceptedDate": "2008-02-27 17:30:57",
        "calendarYear": "2007",
        "period": "Q4",
        "revenue": 246061000,
        "costOfRevenue": 8684000,
        "grossProfit": 237377000,
        "grossProfitRatio": 0.9647079383,
        "researchAndDevelopmentExpenses": 0,
        "generalAndAdministrativeExpenses": 0,
        "sellingAndMarketingExpenses": 0,
        "sellingGeneralAndAdministrativeExpenses": 24442000,
        "otherExpenses": 134779000,
        "operatingExpenses": 159221000,
        "costAndExpenses": 167905000,
        "interestIncome": 0,
        "interestExpense": 0,
        "depreciationAndAmortization": 60350000,
        "ebitda": 138506000,
        "ebitdaratio": 0.5628929412,
        "operatingIncome": 78156000,
        "operatingIncomeRatio": 0.3176285555,
        "totalOtherIncomeExpensesNet": 582254000,
        "incomeBeforeTax": 660410000,
        "incomeBeforeTaxRatio": 2.6839279691,
        "incomeTaxExpense": 649105000,
        "netIncome": 133627000,
        "netIncomeRatio": 0.5430645247,
        "eps": 2.31,
        "epsdiluted": 2.31,
        "weightedAverageShsOut": 58742000,
        "weightedAverageShsOutDil": 61885000,
        "link": "https://www.sec.gov/Archives/edgar/data/1040971/000110465908013434/0001104659-08-013434-index.htm",
        "finalLink": "https://www.sec.gov/Archives/edgar/data/1040971/000110465908013434/a08-2549_110k.htm"
    },
    {
        "date": "2007-09-30",
        "symbol": "SLG",
        "reportedCurrency": "USD",
        "cik": "0001040971",
        "fillingDate": "2007-11-09",
        "acceptedDate": "2007-11-09 14:28:49",
        "calendarYear": "2007",
        "period": "Q3",
        "revenue": 259206000,
        "costOfRevenue": 8674000,
        "grossProfit": 250532000,
        "grossProfitRatio": 0.9665362685,
        "researchAndDevelopmentExpenses": 0,
        "generalAndAdministrativeExpenses": 30898000,
        "sellingAndMarketingExpenses": 0,
        "sellingGeneralAndAdministrativeExpenses": 30898000,
        "otherExpenses": 134102000,
        "operatingExpenses": 165000000,
        "costAndExpenses": 173674000,
        "interestIncome": 0,
        "interestExpense": 66165000,
        "depreciationAndAmortization": 49957000,
        "ebitda": 129589000,
        "ebitdaratio": 0.4999459889,
        "operatingIncome": 85532000,
        "operatingIncomeRatio": 0.3299769295,
        "totalOtherIncomeExpensesNet": 18005000,
        "incomeBeforeTax": 103537000,
        "incomeBeforeTaxRatio": 0.3994390562,
        "incomeTaxExpense": 64471000,
        "netIncome": 103537000,
        "netIncomeRatio": 0.3994390562,
        "eps": 1.71,
        "epsdiluted": 1.69,
        "weightedAverageShsOut": 57746924,
        "weightedAverageShsOutDil": 60641460,
        "link": "https://www.sec.gov/Archives/edgar/data/1040971/000110465907081692/0001104659-07-081692-index.htm",
        "finalLink": "https://www.sec.gov/Archives/edgar/data/1040971/000110465907081692/a07-25525_110q.htm"
    },
    {
        "date": "2007-06-30",
        "symbol": "SLG",
        "reportedCurrency": "USD",
        "cik": "0001040971",
        "fillingDate": "2007-08-09",
        "acceptedDate": "2007-08-09 16:45:44",
        "calendarYear": "2007",
        "period": "Q2",
        "revenue": 257706000,
        "costOfRevenue": 7766000,
        "grossProfit": 249940000,
        "grossProfitRatio": 0.9698648848,
        "researchAndDevelopmentExpenses": 0,
        "generalAndAdministrativeExpenses": 0,
        "sellingAndMarketingExpenses": 0,
        "sellingGeneralAndAdministrativeExpenses": 24131000,
        "otherExpenses": 143098000,
        "operatingExpenses": 167229000,
        "costAndExpenses": 174995000,
        "interestIncome": 0,
        "interestExpense": 62595000,
        "depreciationAndAmortization": 54015000,
        "ebitda": 134639000,
        "ebitdaratio": 0.5224519414,
        "operatingIncome": 82711000,
        "operatingIncomeRatio": 0.3209510062,
        "totalOtherIncomeExpensesNet": -18029000,
        "incomeBeforeTax": 64682000,
        "incomeBeforeTaxRatio": 0.2509914399,
        "incomeTaxExpense": 40246000,
        "netIncome": 270850000,
        "netIncomeRatio": 1.0510038571,
        "eps": 4.6,
        "epsdiluted": 4.51,
        "weightedAverageShsOut": 57825627,
        "weightedAverageShsOutDil": 61480963,
        "link": "https://www.sec.gov/Archives/edgar/data/1040971/000110465907060975/0001104659-07-060975-index.htm",
        "finalLink": "https://www.sec.gov/Archives/edgar/data/1040971/000110465907060975/a07-18831_110q.htm"
    },
    {
        "date": "2007-03-31",
        "symbol": "SLG",
        "reportedCurrency": "USD",
        "cik": "0001040971",
        "fillingDate": "2007-05-10",
        "acceptedDate": "2007-05-10 15:35:56",
        "calendarYear": "2007",
        "period": "Q1",
        "revenue": 295771000,
        "costOfRevenue": 7265000,
        "grossProfit": 288506000,
        "grossProfitRatio": 0.975437078,
        "researchAndDevelopmentExpenses": 0,
        "generalAndAdministrativeExpenses": 0,
        "sellingAndMarketingExpenses": 0,
        "sellingGeneralAndAdministrativeExpenses": 34247000,
        "otherExpenses": 122093000,
        "operatingExpenses": 156340000,
        "costAndExpenses": 163605000,
        "interestIncome": 0,
        "interestExpense": 57591000,
        "depreciationAndAmortization": 42011000,
        "ebitda": 170979000,
        "ebitdaratio": 0.5780789868,
        "operatingIncome": 132166000,
        "operatingIncomeRatio": 0.4468524636,
        "totalOtherIncomeExpensesNet": 20230000,
        "incomeBeforeTax": 152396000,
        "incomeBeforeTaxRatio": 0.5152499738,
        "incomeTaxExpense": 3581000,
        "netIncome": 152396000,
        "netIncomeRatio": 0.5152499738,
        "eps": 2.68,
        "epsdiluted": 2.6,
        "weightedAverageShsOut": 55042830,
        "weightedAverageShsOutDil": 59202451,
        "link": "https://www.sec.gov/Archives/edgar/data/1040971/000110465907038239/0001104659-07-038239-index.htm",
        "finalLink": "https://www.sec.gov/Archives/edgar/data/1040971/000110465907038239/a07-10784_110q.htm"
    },
    {
        "date": "2006-12-31",
        "symbol": "SLG",
        "reportedCurrency": "USD",
        "cik": "0001040971",
        "fillingDate": "2007-02-28",
        "acceptedDate": "2007-02-28 17:05:50",
        "calendarYear": "2006",
        "period": "Q4",
        "revenue": 159811000,
        "costOfRevenue": 5463000,
        "grossProfit": 154348000,
        "grossProfitRatio": 0.96581587,
        "researchAndDevelopmentExpenses": 0,
        "generalAndAdministrativeExpenses": 25669000,
        "sellingAndMarketingExpenses": 0,
        "sellingGeneralAndAdministrativeExpenses": 25669000,
        "otherExpenses": 73762000,
        "operatingExpenses": 99431000,
        "costAndExpenses": 104894000,
        "interestIncome": 0,
        "interestExpense": 0,
        "depreciationAndAmortization": 22921000,
        "ebitda": 77838000,
        "ebitdaratio": 0.487062843,
        "operatingIncome": 54917000,
        "operatingIncomeRatio": 0.3436371714,
        "totalOtherIncomeExpensesNet": 165802000,
        "incomeBeforeTax": 220719000,
        "incomeBeforeTaxRatio": 1.3811252041,
        "incomeTaxExpense": 186388000,
        "netIncome": 34332000,
        "netIncomeRatio": 0.2148287665,
        "eps": 0.78,
        "epsdiluted": 0.78,
        "weightedAverageShsOut": 44593000,
        "weightedAverageShsOutDil": 48495000,
        "link": "https://www.sec.gov/Archives/edgar/data/1040971/000110465907015007/0001104659-07-015007-index.htm",
        "finalLink": "https://www.sec.gov/Archives/edgar/data/1040971/000110465907015007/a07-5521_110k.htm"
    },
    {
        "date": "2006-09-30",
        "symbol": "SLG",
        "reportedCurrency": "USD",
        "cik": "0001040971",
        "fillingDate": "2006-11-09",
        "acceptedDate": "2006-11-09 16:56:32",
        "calendarYear": "2006",
        "period": "Q3",
        "revenue": 138355000,
        "costOfRevenue": 4846000,
        "grossProfit": 133509000,
        "grossProfitRatio": 0.9649741607,
        "researchAndDevelopmentExpenses": 0,
        "generalAndAdministrativeExpenses": 13829000,
        "sellingAndMarketingExpenses": 0,
        "sellingGeneralAndAdministrativeExpenses": 13829000,
        "otherExpenses": 68679000,
        "operatingExpenses": 82508000,
        "costAndExpenses": 93125000,
        "interestIncome": 0,
        "interestExpense": 0,
        "depreciationAndAmortization": 21116000,
        "ebitda": 63350000,
        "ebitdaratio": 0.4578800911,
        "operatingIncome": 45230000,
        "operatingIncomeRatio": 0.3269126522,
        "totalOtherIncomeExpensesNet": -42234000,
        "incomeBeforeTax": 2996000,
        "incomeBeforeTaxRatio": 0.0216544397,
        "incomeTaxExpense": -22893000,
        "netIncome": 123658000,
        "netIncomeRatio": 0.8937732644,
        "eps": 2.7,
        "epsdiluted": 2.6,
        "weightedAverageShsOut": 43993261,
        "weightedAverageShsOutDil": 47819607,
        "link": "https://www.sec.gov/Archives/edgar/data/1040971/000110465906073690/0001104659-06-073690-index.htm",
        "finalLink": "https://www.sec.gov/Archives/edgar/data/1040971/000110465906073690/a06-21640_110q.htm"
    },
    {
        "date": "2006-06-30",
        "symbol": "SLG",
        "reportedCurrency": "USD",
        "cik": "0001040971",
        "fillingDate": "2006-08-10",
        "acceptedDate": "2006-08-09 17:31:37",
        "calendarYear": "2006",
        "period": "Q2",
        "revenue": 132784000,
        "costOfRevenue": 4921000,
        "grossProfit": 127863000,
        "grossProfitRatio": 0.962939812,
        "researchAndDevelopmentExpenses": 0,
        "generalAndAdministrativeExpenses": 13257000,
        "sellingAndMarketingExpenses": 0,
        "sellingGeneralAndAdministrativeExpenses": 13257000,
        "otherExpenses": 61895000,
        "operatingExpenses": 75152000,
        "costAndExpenses": 85706000,
        "interestIncome": 0,
        "interestExpense": 0,
        "depreciationAndAmortization": 17938000,
        "ebitda": 61529000,
        "ebitdaratio": 0.4633766116,
        "operatingIncome": 43567000,
        "operatingIncomeRatio": 0.3281042897,
        "totalOtherIncomeExpensesNet": -9538000,
        "incomeBeforeTax": 34029000,
        "incomeBeforeTaxRatio": 0.2562733462,
        "incomeTaxExpense": 3818000,
        "netIncome": 34029000,
        "netIncomeRatio": 0.2562733462,
        "eps": 0.69,
        "epsdiluted": 0.67,
        "weightedAverageShsOut": 41966405,
        "weightedAverageShsOutDil": 45571215,
        "link": "https://www.sec.gov/Archives/edgar/data/1040971/000110465906053281/0001104659-06-053281-index.htm",
        "finalLink": "https://www.sec.gov/Archives/edgar/data/1040971/000110465906053281/a06-15294_110q.htm"
    },
    {
        "date": "2006-03-31",
        "symbol": "SLG",
        "reportedCurrency": "USD",
        "cik": "0001040971",
        "fillingDate": "2006-05-10",
        "acceptedDate": "2006-05-10 16:41:21",
        "calendarYear": "2006",
        "period": "Q1",
        "revenue": 125219000,
        "costOfRevenue": 5008000,
        "grossProfit": 120211000,
        "grossProfitRatio": 0.9600060694,
        "researchAndDevelopmentExpenses": 0,
        "generalAndAdministrativeExpenses": 12986000,
        "sellingAndMarketingExpenses": 0,
        "sellingGeneralAndAdministrativeExpenses": 12986000,
        "otherExpenses": 61853000,
        "operatingExpenses": 74839000,
        "costAndExpenses": 85506000,
        "interestIncome": 0,
        "interestExpense": 0,
        "depreciationAndAmortization": 16784000,
        "ebitda": 45485000,
        "ebitdaratio": 0.3632435972,
        "operatingIncome": 39713000,
        "operatingIncomeRatio": 0.3171483561,
        "totalOtherIncomeExpensesNet": -11012000,
        "incomeBeforeTax": 28701000,
        "incomeBeforeTaxRatio": 0.2292064303,
        "incomeTaxExpense": 714000,
        "netIncome": 28701000,
        "netIncomeRatio": 0.2292064303,
        "eps": 0.57,
        "epsdiluted": 0.56,
        "weightedAverageShsOut": 41642847,
        "weightedAverageShsOutDil": 45286523,
        "link": "https://www.sec.gov/Archives/edgar/data/1040971/000110465906033364/0001104659-06-033364-index.htm",
        "finalLink": "https://www.sec.gov/Archives/edgar/data/1040971/000110465906033364/a06-9373_110q.htm"
    },
    {
        "date": "2005-12-31",
        "symbol": "SLG",
        "reportedCurrency": "USD",
        "cik": "0001040971",
        "fillingDate": "2006-03-16",
        "acceptedDate": "2006-03-15 17:37:00",
        "calendarYear": "2005",
        "period": "Q4",
        "revenue": 112945000,
        "costOfRevenue": 5248000,
        "grossProfit": 107697000,
        "grossProfitRatio": 0.9535349064,
        "researchAndDevelopmentExpenses": 0,
        "generalAndAdministrativeExpenses": 11965000,
        "sellingAndMarketingExpenses": 0,
        "sellingGeneralAndAdministrativeExpenses": 11965000,
        "otherExpenses": 58797000,
        "operatingExpenses": 70762000,
        "costAndExpenses": 76010000,
        "interestIncome": 0,
        "interestExpense": 0,
        "depreciationAndAmortization": 17253000,
        "ebitda": 54188000,
        "ebitdaratio": 0.479773341,
        "operatingIncome": 36935000,
        "operatingIncomeRatio": 0.3270175749,
        "totalOtherIncomeExpensesNet": 120484000,
        "incomeBeforeTax": 157419000,
        "incomeBeforeTaxRatio": 1.3937668777,
        "incomeTaxExpense": 131617000,
        "netIncome": 25805000,
        "netIncomeRatio": 0.228474036,
        "eps": 0.63,
        "epsdiluted": 0.63,
        "weightedAverageShsOut": 41793000,
        "weightedAverageShsOutDil": 45504000,
        "link": "https://www.sec.gov/Archives/edgar/data/1040971/000110465906016962/0001104659-06-016962-index.htm",
        "finalLink": "https://www.sec.gov/Archives/edgar/data/1040971/000110465906016962/a06-1960_110k.htm"
    },
    {
        "date": "2005-09-30",
        "symbol": "SLG",
        "reportedCurrency": "USD",
        "cik": "0001040971",
        "fillingDate": "2005-10-09",
        "acceptedDate": "2005-11-09 18:07:22",
        "calendarYear": "2005",
        "period": "Q3",
        "revenue": 120291000,
        "costOfRevenue": 4922000,
        "grossProfit": 115369000,
        "grossProfitRatio": 0.9590825581,
        "researchAndDevelopmentExpenses": 0,
        "generalAndAdministrativeExpenses": 13418000,
        "sellingAndMarketingExpenses": 0,
        "sellingGeneralAndAdministrativeExpenses": 13418000,
        "otherExpenses": 61607000,
        "operatingExpenses": 71919000,
        "costAndExpenses": 79947000,
        "interestIncome": 0,
        "interestExpense": 0,
        "depreciationAndAmortization": 16649000,
        "ebitda": 55494000,
        "ebitdaratio": 0.4613312717,
        "operatingIncome": 38844000,
        "operatingIncomeRatio": 0.3229169265,
        "totalOtherIncomeExpensesNet": 3455000,
        "incomeBeforeTax": 42299000,
        "incomeBeforeTaxRatio": 0.3516389422,
        "incomeTaxExpense": 1415000,
        "netIncome": 42299000,
        "netIncomeRatio": 0.3516389422,
        "eps": 0.92,
        "epsdiluted": 0.9,
        "weightedAverageShsOut": 40734357,
        "weightedAverageShsOutDil": 44379005,
        "link": "https://www.sec.gov/Archives/edgar/data/1040971/000110465905054222/0001104659-05-054222-index.htm",
        "finalLink": "https://www.sec.gov/Archives/edgar/data/1040971/000110465905054222/a05-18078_110q.htm"
    },
    {
        "date": "2005-06-30",
        "symbol": "SLG",
        "reportedCurrency": "USD",
        "cik": "0001040971",
        "fillingDate": "2005-08-09",
        "acceptedDate": "2005-08-09 17:28:49",
        "calendarYear": "2005",
        "period": "Q2",
        "revenue": 106092000,
        "costOfRevenue": 4912000,
        "grossProfit": 101180000,
        "grossProfitRatio": 0.9537005618,
        "researchAndDevelopmentExpenses": 0,
        "generalAndAdministrativeExpenses": 10594000,
        "sellingAndMarketingExpenses": 0,
        "sellingGeneralAndAdministrativeExpenses": 10594000,
        "otherExpenses": 55571000,
        "operatingExpenses": 63771000,
        "costAndExpenses": 71077000,
        "interestIncome": 0,
        "interestExpense": 0,
        "depreciationAndAmortization": 14882000,
        "ebitda": 43296000,
        "ebitdaratio": 0.4080986314,
        "operatingIncome": 33460000,
        "operatingIncomeRatio": 0.3153866456,
        "totalOtherIncomeExpensesNet": 27979000,
        "incomeBeforeTax": 61439000,
        "incomeBeforeTaxRatio": 0.5791105833,
        "incomeTaxExpense": 35425000,
        "netIncome": 61439000,
        "netIncomeRatio": 0.5791105833,
        "eps": 1.39,
        "epsdiluted": 1.35,
        "weightedAverageShsOut": 40605128,
        "weightedAverageShsOutDil": 44214796,
        "link": "https://www.sec.gov/Archives/edgar/data/1040971/000110465905037994/0001104659-05-037994-index.htm",
        "finalLink": "https://www.sec.gov/Archives/edgar/data/1040971/000110465905037994/a05-12719_110q.htm"
    },
    {
        "date": "2005-03-31",
        "symbol": "SLG",
        "reportedCurrency": "USD",
        "cik": "0001040971",
        "fillingDate": "2005-05-10",
        "acceptedDate": "2005-05-10 14:35:17",
        "calendarYear": "2005",
        "period": "Q1",
        "revenue": 100855000,
        "costOfRevenue": 4516000,
        "grossProfit": 96339000,
        "grossProfitRatio": 0.9552228447,
        "researchAndDevelopmentExpenses": 0,
        "generalAndAdministrativeExpenses": 0,
        "sellingAndMarketingExpenses": 0,
        "sellingGeneralAndAdministrativeExpenses": 8238000,
        "otherExpenses": 53147000,
        "operatingExpenses": 61385000,
        "costAndExpenses": 65901000,
        "interestIncome": 0,
        "interestExpense": 0,
        "depreciationAndAmortization": 14834000,
        "ebitda": 49045000,
        "ebitdaratio": 0.4862922017,
        "operatingIncome": 34211000,
        "operatingIncomeRatio": 0.3392097566,
        "totalOtherIncomeExpensesNet": -6332000,
        "incomeBeforeTax": 27879000,
        "incomeBeforeTaxRatio": 0.276426553,
        "incomeTaxExpense": 379000,
        "netIncome": 27879000,
        "netIncomeRatio": 0.276426553,
        "eps": 0.58,
        "epsdiluted": 0.56,
        "weightedAverageShsOut": 40130964,
        "weightedAverageShsOutDil": 43879578,
        "link": "https://www.sec.gov/Archives/edgar/data/1040971/000110465905022064/0001104659-05-022064-index.htm",
        "finalLink": "https://www.sec.gov/Archives/edgar/data/1040971/000110465905022064/a05-8069_110q.htm"
    },
    {
        "date": "2004-12-31",
        "symbol": "SLG",
        "reportedCurrency": "USD",
        "cik": "0001040971",
        "fillingDate": "2005-03-15",
        "acceptedDate": "2005-03-15 16:03:41",
        "calendarYear": "2004",
        "period": "Q4",
        "revenue": 95491000,
        "costOfRevenue": 4689000,
        "grossProfit": 90802000,
        "grossProfitRatio": 0.9508958959,
        "researchAndDevelopmentExpenses": 0,
        "generalAndAdministrativeExpenses": 9335000,
        "sellingAndMarketingExpenses": 0,
        "sellingGeneralAndAdministrativeExpenses": 9335000,
        "otherExpenses": 50246000,
        "operatingExpenses": 59581000,
        "costAndExpenses": 64270000,
        "interestIncome": 0,
        "interestExpense": 0,
        "depreciationAndAmortization": 16195000,
        "ebitda": 47416000,
        "ebitdaratio": 0.496549413,
        "operatingIncome": 31221000,
        "operatingIncomeRatio": 0.3269522782,
        "totalOtherIncomeExpensesNet": 178209000,
        "incomeBeforeTax": 209430000,
        "incomeBeforeTaxRatio": 2.1931909813,
        "incomeTaxExpense": 92936000,
        "netIncome": 116494000,
        "netIncomeRatio": 1.2199474296,
        "eps": 3.04,
        "epsdiluted": 3.04,
        "weightedAverageShsOut": 39171000,
        "weightedAverageShsOutDil": 43078000,
        "link": "https://www.sec.gov/Archives/edgar/data/1040971/000110465905011116/0001104659-05-011116-index.htm",
        "finalLink": "https://www.sec.gov/Archives/edgar/data/1040971/000110465905011116/a05-4733_110k.htm"
    },
    {
        "date": "2004-09-30",
        "symbol": "SLG",
        "reportedCurrency": "USD",
        "cik": "0001040971",
        "fillingDate": "2004-11-09",
        "acceptedDate": "2004-11-09 16:40:00",
        "calendarYear": "2004",
        "period": "Q3",
        "revenue": 87268000,
        "costOfRevenue": 3759000,
        "grossProfit": 83509000,
        "grossProfitRatio": 0.9569257918,
        "researchAndDevelopmentExpenses": 0,
        "generalAndAdministrativeExpenses": 5574000,
        "sellingAndMarketingExpenses": 0,
        "sellingGeneralAndAdministrativeExpenses": 5574000,
        "otherExpenses": 47445000,
        "operatingExpenses": 53019000,
        "costAndExpenses": 56777000,
        "interestIncome": 0,
        "interestExpense": 0,
        "depreciationAndAmortization": 13024000,
        "ebitda": 42116000,
        "ebitdaratio": 0.4826053078,
        "operatingIncome": 29091000,
        "operatingIncomeRatio": 0.3333524316,
        "totalOtherIncomeExpensesNet": -3941000,
        "incomeBeforeTax": 25150000,
        "incomeBeforeTaxRatio": 0.2881926938,
        "incomeTaxExpense": 8471000,
        "netIncome": 25150000,
        "netIncomeRatio": 0.2881926938,
        "eps": 0.54,
        "epsdiluted": 0.5,
        "weightedAverageShsOut": 38269288,
        "weightedAverageShsOutDil": 42088833,
        "link": "https://www.sec.gov/Archives/edgar/data/1040971/000110465904034759/0001104659-04-034759-index.htm",
        "finalLink": "https://www.sec.gov/Archives/edgar/data/1040971/000110465904034759/a04-12868_110q.htm"
    },
    {
        "date": "2004-06-30",
        "symbol": "SLG",
        "reportedCurrency": "USD",
        "cik": "0001040971",
        "fillingDate": "2004-08-09",
        "acceptedDate": "2004-08-09 16:36:52",
        "calendarYear": "2004",
        "period": "Q2",
        "revenue": 89445000,
        "costOfRevenue": 3866000,
        "grossProfit": 85579000,
        "grossProfitRatio": 0.9567779082,
        "researchAndDevelopmentExpenses": 0,
        "generalAndAdministrativeExpenses": 4467000,
        "sellingAndMarketingExpenses": 0,
        "sellingGeneralAndAdministrativeExpenses": 4467000,
        "otherExpenses": 43126000,
        "operatingExpenses": 47593000,
        "costAndExpenses": 56239000,
        "interestIncome": 0,
        "interestExpense": 0,
        "depreciationAndAmortization": 11851000,
        "ebitda": 43103000,
        "ebitdaratio": 0.4818939013,
        "operatingIncome": 33206000,
        "operatingIncomeRatio": 0.3712448991,
        "totalOtherIncomeExpensesNet": 15625000,
        "incomeBeforeTax": 48831000,
        "incomeBeforeTaxRatio": 0.5459332551,
        "incomeTaxExpense": 1594000,
        "netIncome": 48831000,
        "netIncomeRatio": 0.5459332551,
        "eps": 1.21,
        "epsdiluted": 1.16,
        "weightedAverageShsOut": 37542496,
        "weightedAverageShsOutDil": 41252245,
        "link": "https://www.sec.gov/Archives/edgar/data/1040971/000110465904023402/0001104659-04-023402-index.htm",
        "finalLink": "https://www.sec.gov/Archives/edgar/data/1040971/000110465904023402/a04-8873_110q.htm"
    },
    {
        "date": "2004-03-31",
        "symbol": "SLG",
        "reportedCurrency": "USD",
        "cik": "0001040971",
        "fillingDate": "2004-05-10",
        "acceptedDate": "2004-05-10 17:27:45",
        "calendarYear": "2004",
        "period": "Q1",
        "revenue": 87690000,
        "costOfRevenue": 3866000,
        "grossProfit": 83824000,
        "grossProfitRatio": 0.9559128749,
        "researchAndDevelopmentExpenses": 0,
        "generalAndAdministrativeExpenses": 10903000,
        "sellingAndMarketingExpenses": 0,
        "sellingGeneralAndAdministrativeExpenses": 10903000,
        "otherExpenses": 43952000,
        "operatingExpenses": 54855000,
        "costAndExpenses": 63513000,
        "interestIncome": 0,
        "interestExpense": 0,
        "depreciationAndAmortization": 11686000,
        "ebitda": 33991000,
        "ebitdaratio": 0.3876268674,
        "operatingIncome": 24177000,
        "operatingIncomeRatio": 0.2757098871,
        "totalOtherIncomeExpensesNet": -5222000,
        "incomeBeforeTax": 18955000,
        "incomeBeforeTaxRatio": 0.2161591972,
        "incomeTaxExpense": 1512000,
        "netIncome": 18955000,
        "netIncomeRatio": 0.2161591972,
        "eps": 0.43,
        "epsdiluted": 0.41,
        "weightedAverageShsOut": 36901209,
        "weightedAverageShsOutDil": 40818890,
        "link": "https://www.sec.gov/Archives/edgar/data/1040971/000110465904013615/0001104659-04-013615-index.htm",
        "finalLink": "https://www.sec.gov/Archives/edgar/data/1040971/000110465904013615/a04-5478_110q.htm"
    },
    {
        "date": "2003-12-31",
        "symbol": "SLG",
        "reportedCurrency": "USD",
        "cik": "0001040971",
        "fillingDate": "2004-03-15",
        "acceptedDate": "2004-03-15 17:16:43",
        "calendarYear": "2003",
        "period": "Q4",
        "revenue": 86606000,
        "costOfRevenue": 3766000,
        "grossProfit": 82840000,
        "grossProfitRatio": 0.9565157148,
        "researchAndDevelopmentExpenses": 0,
        "generalAndAdministrativeExpenses": 8147000,
        "sellingAndMarketingExpenses": 0,
        "sellingGeneralAndAdministrativeExpenses": 8147000,
        "otherExpenses": 45493000,
        "operatingExpenses": 53640000,
        "costAndExpenses": 57406000,
        "interestIncome": 0,
        "interestExpense": 0,
        "depreciationAndAmortization": 10591000,
        "ebitda": 41638000,
        "ebitdaratio": 0.480775004,
        "operatingIncome": 29200000,
        "operatingIncomeRatio": 0.3371590883,
        "totalOtherIncomeExpensesNet": 68959000,
        "incomeBeforeTax": 98159000,
        "incomeBeforeTaxRatio": 1.1333972242,
        "incomeTaxExpense": 75961000,
        "netIncome": 22198000,
        "netIncomeRatio": 0.2563101864,
        "eps": 0.73,
        "epsdiluted": 0.73,
        "weightedAverageShsOut": 32265000,
        "weightedAverageShsOutDil": 38970000,
        "link": "https://www.sec.gov/Archives/edgar/data/1040971/000110465904007465/0001104659-04-007465-index.htm",
        "finalLink": "https://www.sec.gov/Archives/edgar/data/1040971/000110465904007465/a04-3127_110k.htm"
    },
    {
        "date": "2003-09-30",
        "symbol": "SLG",
        "reportedCurrency": "USD",
        "cik": "0001040971",
        "fillingDate": "2003-12-03",
        "acceptedDate": "2003-12-03 09:53:09",
        "calendarYear": "2003",
        "period": "Q3",
        "revenue": 81324000,
        "costOfRevenue": 3366000,
        "grossProfit": 77958000,
        "grossProfitRatio": 0.9586100044,
        "researchAndDevelopmentExpenses": 0,
        "generalAndAdministrativeExpenses": 2994000,
        "sellingAndMarketingExpenses": 0,
        "sellingGeneralAndAdministrativeExpenses": 2994000,
        "otherExpenses": 43874000,
        "operatingExpenses": 46868000,
        "costAndExpenses": 54390000,
        "interestIncome": 0,
        "interestExpense": 0,
        "depreciationAndAmortization": 12682000,
        "ebitda": 30096000,
        "ebitdaratio": 0.3700752545,
        "operatingIncome": 26934000,
        "operatingIncomeRatio": 0.3311937435,
        "totalOtherIncomeExpensesNet": -5293000,
        "incomeBeforeTax": 21641000,
        "incomeBeforeTaxRatio": 0.2661084059,
        "incomeTaxExpense": 5390000,
        "netIncome": 21641000,
        "netIncomeRatio": 0.2661084059,
        "eps": 0.64,
        "epsdiluted": 0.61,
        "weightedAverageShsOut": 30382430,
        "weightedAverageShsOutDil": 38074959,
        "link": "https://www.sec.gov/Archives/edgar/data/1040971/000110465903027669/0001104659-03-027669-index.htm",
        "finalLink": "https://www.sec.gov/Archives/edgar/data/1040971/000110465903027669/a03-5982_110qa.htm"
    },
    {
        "date": "2003-06-30",
        "symbol": "SLG",
        "reportedCurrency": "USD",
        "cik": "0001040971",
        "fillingDate": "2003-08-12",
        "acceptedDate": "2003-08-12 12:19:01",
        "calendarYear": "2003",
        "period": "Q2",
        "revenue": 74351000,
        "costOfRevenue": 3266000,
        "grossProfit": 71085000,
        "grossProfitRatio": 0.9560732203,
        "researchAndDevelopmentExpenses": 0,
        "generalAndAdministrativeExpenses": 2804000,
        "sellingAndMarketingExpenses": 0,
        "sellingGeneralAndAdministrativeExpenses": 2804000,
        "otherExpenses": 41841000,
        "operatingExpenses": 44645000,
        "costAndExpenses": 47911000,
        "interestIncome": 0,
        "interestExpense": 0,
        "depreciationAndAmortization": 12189000,
        "ebitda": 38336000,
        "ebitdaratio": 0.515608398,
        "operatingIncome": 26440000,
        "operatingIncomeRatio": 0.35561055,
        "totalOtherIncomeExpensesNet": -8467000,
        "incomeBeforeTax": 17973000,
        "incomeBeforeTaxRatio": 0.2417317857,
        "incomeTaxExpense": 658000,
        "netIncome": 17973000,
        "netIncomeRatio": 0.2417317857,
        "eps": 0.51,
        "epsdiluted": 0.5,
        "weightedAverageShsOut": 30200732,
        "weightedAverageShsOutDil": 37718364,
        "link": "https://www.sec.gov/Archives/edgar/data/1040971/000110465903017661/0001104659-03-017661-index.htm",
        "finalLink": "https://www.sec.gov/Archives/edgar/data/1040971/000110465903017661/a03-1870_110q.htm"
    },
    {
        "date": "2003-03-31",
        "symbol": "SLG",
        "reportedCurrency": "USD",
        "cik": "0001040971",
        "fillingDate": "2003-05-07",
        "acceptedDate": "2003-05-06 21:47:18",
        "calendarYear": "2003",
        "period": "Q1",
        "revenue": 66678000,
        "costOfRevenue": 3164000,
        "grossProfit": 63514000,
        "grossProfitRatio": 0.9525480668,
        "researchAndDevelopmentExpenses": 0,
        "generalAndAdministrativeExpenses": 3186000,
        "sellingAndMarketingExpenses": 0,
        "sellingGeneralAndAdministrativeExpenses": 3186000,
        "otherExpenses": 36904000,
        "operatingExpenses": 40090000,
        "costAndExpenses": 44325000,
        "interestIncome": 0,
        "interestExpense": 0,
        "depreciationAndAmortization": 11206000,
        "ebitda": 34630000,
        "ebitdaratio": 0.5193617085,
        "operatingIncome": 23424000,
        "operatingIncomeRatio": 0.351300279,
        "totalOtherIncomeExpensesNet": 12923000,
        "incomeBeforeTax": 36347000,
        "incomeBeforeTaxRatio": 0.5451123309,
        "incomeTaxExpense": 5573000,
        "netIncome": 36347000,
        "netIncomeRatio": 0.5451123309,
        "eps": 1.14,
        "epsdiluted": 1.04,
        "weightedAverageShsOut": 29835392,
        "weightedAverageShsOutDil": 37099425,
        "link": "https://www.sec.gov/Archives/edgar/data/1040971/000110465903008307/0001104659-03-008307-index.htm",
        "finalLink": "https://www.sec.gov/Archives/edgar/data/1040971/000110465903008307/j0204_10q.htm"
    },
    {
        "date": "2002-12-31",
        "symbol": "SLG",
        "reportedCurrency": "USD",
        "cik": "0001040971",
        "fillingDate": "2003-03-26",
        "acceptedDate": "2003-03-26 16:31:34",
        "calendarYear": "2002",
        "period": "Q4",
        "revenue": 62951000,
        "costOfRevenue": 3159000,
        "grossProfit": 59792000,
        "grossProfitRatio": 0.9498181125,
        "researchAndDevelopmentExpenses": 0,
        "generalAndAdministrativeExpenses": 3563000,
        "sellingAndMarketingExpenses": 0,
        "sellingGeneralAndAdministrativeExpenses": 3563000,
        "otherExpenses": 36701000,
        "operatingExpenses": 36160000,
        "costAndExpenses": 43423000,
        "interestIncome": 0,
        "interestExpense": 0,
        "depreciationAndAmortization": 10415000,
        "ebitda": 81908000,
        "ebitdaratio": 1.3011389811,
        "operatingIncome": 19528000,
        "operatingIncomeRatio": 0.310209528,
        "totalOtherIncomeExpensesNet": 51965000,
        "incomeBeforeTax": 71493000,
        "incomeBeforeTaxRatio": 1.1356928405,
        "incomeTaxExpense": 55170000,
        "netIncome": 19167000,
        "netIncomeRatio": 0.3044749091,
        "eps": 0.63,
        "epsdiluted": 0.63,
        "weightedAverageShsOut": 30236000,
        "weightedAverageShsOutDil": 37786000,
        "link": "https://www.sec.gov/Archives/edgar/data/1040971/000110465903005012/0001104659-03-005012-index.htm",
        "finalLink": "https://www.sec.gov/Archives/edgar/data/1040971/000110465903005012/j8597_10k.htm"
    },
    {
        "date": "2002-09-30",
        "symbol": "SLG",
        "reportedCurrency": "USD",
        "cik": "0001040971",
        "fillingDate": "2002-11-12",
        "acceptedDate": "2002-11-12 17:16:11",
        "calendarYear": "2002",
        "period": "Q3",
        "revenue": 63186000,
        "costOfRevenue": 3159000,
        "grossProfit": 60027000,
        "grossProfitRatio": 0.9500047479,
        "researchAndDevelopmentExpenses": 0,
        "generalAndAdministrativeExpenses": 3160000,
        "sellingAndMarketingExpenses": 0,
        "sellingGeneralAndAdministrativeExpenses": 3160000,
        "otherExpenses": 33480000,
        "operatingExpenses": 36640000,
        "costAndExpenses": 46794000,
        "interestIncome": 0,
        "interestExpense": 0,
        "depreciationAndAmortization": 10389000,
        "ebitda": 112554000,
        "ebitdaratio": 1.781312316,
        "operatingIncome": 19814000,
        "operatingIncomeRatio": 0.3135821226,
        "totalOtherIncomeExpensesNet": -378000,
        "incomeBeforeTax": 19436000,
        "incomeBeforeTaxRatio": 0.3075997848,
        "incomeTaxExpense": 1715000,
        "netIncome": 19436000,
        "netIncomeRatio": 0.3075997848,
        "eps": 0.58,
        "epsdiluted": 0.56,
        "weightedAverageShsOut": 29496287,
        "weightedAverageShsOutDil": 36738944,
        "link": "https://www.sec.gov/Archives/edgar/data/1040971/000110465902005691/0001104659-02-005691-index.htm",
        "finalLink": "https://www.sec.gov/Archives/edgar/data/1040971/000110465902005691/j5853_10q.htm"
    },
    {
        "date": "2002-06-30",
        "symbol": "SLG",
        "reportedCurrency": "USD",
        "cik": "0001040971",
        "fillingDate": "2002-07-31",
        "acceptedDate": "2002-07-31 16:08:53",
        "calendarYear": "2002",
        "period": "Q2",
        "revenue": 62277000,
        "costOfRevenue": 3159000,
        "grossProfit": 59118000,
        "grossProfitRatio": 0.9492750132,
        "researchAndDevelopmentExpenses": 0,
        "generalAndAdministrativeExpenses": 3357000,
        "sellingAndMarketingExpenses": 0,
        "sellingGeneralAndAdministrativeExpenses": 3357000,
        "otherExpenses": 31296000,
        "operatingExpenses": 34653000,
        "costAndExpenses": 42973000,
        "interestIncome": 0,
        "interestExpense": 0,
        "depreciationAndAmortization": 10221000,
        "ebitda": 104985000,
        "ebitdaratio": 1.6857748446,
        "operatingIncome": 19251000,
        "operatingIncomeRatio": 0.3091189364,
        "totalOtherIncomeExpensesNet": -1153000,
        "incomeBeforeTax": 18098000,
        "incomeBeforeTaxRatio": 0.2906048782,
        "incomeTaxExpense": 1625000,
        "netIncome": 18098000,
        "netIncomeRatio": 0.2906048782,
        "eps": 0.54,
        "epsdiluted": 0.52,
        "weightedAverageShsOut": 29343739,
        "weightedAverageShsOutDil": 32242162,
        "link": "https://www.sec.gov/Archives/edgar/data/1040971/000091205702029427/0000912057-02-029427-index.htm",
        "finalLink": "https://www.sec.gov/Archives/edgar/data/1040971/000091205702029427/a2085564z10-q.htm"
    },
    {
        "date": "2002-03-31",
        "symbol": "SLG",
        "reportedCurrency": "USD",
        "cik": "0001040971",
        "fillingDate": "2002-04-30",
        "acceptedDate": "2002-04-30 16:30:18",
        "calendarYear": "2002",
        "period": "Q1",
        "revenue": 62621000,
        "costOfRevenue": 3159000,
        "grossProfit": 59462000,
        "grossProfitRatio": 0.9495536641,
        "researchAndDevelopmentExpenses": 0,
        "generalAndAdministrativeExpenses": 3202000,
        "sellingAndMarketingExpenses": 0,
        "sellingGeneralAndAdministrativeExpenses": 3202000,
        "otherExpenses": 37472000,
        "operatingExpenses": 33873000,
        "costAndExpenses": 43833000,
        "interestIncome": 0,
        "interestExpense": 0,
        "depreciationAndAmortization": 9597000,
        "ebitda": 104751000,
        "ebitdaratio": 1.6727775028,
        "operatingIncome": 18788000,
        "operatingIncomeRatio": 0.3000271474,
        "totalOtherIncomeExpensesNet": 0,
        "incomeBeforeTax": 24098000,
        "incomeBeforeTaxRatio": 0.3848229827,
        "incomeTaxExpense": 7015000,
        "netIncome": 17636000,
        "netIncomeRatio": 0.2816307628,
        "eps": 0.52,
        "epsdiluted": 0.51,
        "weightedAverageShsOut": 29141636,
        "weightedAverageShsOutDil": 31972044,
        "link": "https://www.sec.gov/Archives/edgar/data/1040971/000091205702017472/0000912057-02-017472-index.htm",
        "finalLink": "https://www.sec.gov/Archives/edgar/data/1040971/000091205702017472/a2078216z10-q.txt"
    },
    {
        "date": "2001-12-31",
        "symbol": "SLG",
        "reportedCurrency": "USD",
        "cik": "0001040971",
        "fillingDate": "2002-03-15",
        "acceptedDate": "2002-03-15 00:00:00",
        "calendarYear": "2001",
        "period": "Q4",
        "revenue": 62291000,
        "costOfRevenue": 3160000,
        "grossProfit": 59131000,
        "grossProfitRatio": 0.9492703601,
        "researchAndDevelopmentExpenses": 0,
        "generalAndAdministrativeExpenses": 4043000,
        "sellingAndMarketingExpenses": 0,
        "sellingGeneralAndAdministrativeExpenses": 4043000,
        "otherExpenses": 69596000,
        "operatingExpenses": 34954000,
        "costAndExpenses": 38114000,
        "interestIncome": 0,
        "interestExpense": 0,
        "depreciationAndAmortization": 10380000,
        "ebitda": 34557000,
        "ebitdaratio": 0.5547671413,
        "operatingIncome": -14508000,
        "operatingIncomeRatio": -0.2329068405,
        "totalOtherIncomeExpensesNet": 77509000,
        "incomeBeforeTax": 63001000,
        "incomeBeforeTaxRatio": 1.0113981153,
        "incomeTaxExpense": 47004000,
        "netIncome": 15997000,
        "netIncomeRatio": 0.2568107752,
        "eps": 0.53,
        "epsdiluted": 0.53,
        "weightedAverageShsOut": 29157182,
        "weightedAverageShsOutDil": 29992000,
        "link": "https://www.sec.gov/Archives/edgar/data/1040971/000091205702009989/0000912057-02-009989-index.htm",
        "finalLink": "https://www.sec.gov/Archives/edgar/data/1040971/000091205702009989/a2073319z10-k.htm"
    },
    {
        "date": "2001-09-30",
        "symbol": "SLG",
        "reportedCurrency": "USD",
        "cik": "0001040971",
        "fillingDate": "2001-11-14",
        "acceptedDate": "2001-11-14 00:00:00",
        "calendarYear": "2001",
        "period": "Q3",
        "revenue": 61924000,
        "costOfRevenue": 3101000,
        "grossProfit": 58823000,
        "grossProfitRatio": 0.9499224856,
        "researchAndDevelopmentExpenses": 0,
        "generalAndAdministrativeExpenses": 4116000,
        "sellingAndMarketingExpenses": 0,
        "sellingGeneralAndAdministrativeExpenses": 4116000,
        "otherExpenses": 31575000,
        "operatingExpenses": 35691000,
        "costAndExpenses": 38792000,
        "interestIncome": 0,
        "interestExpense": 0,
        "depreciationAndAmortization": 8349000,
        "ebitda": 103450000,
        "ebitdaratio": 1.6705962147,
        "operatingIncome": 23132000,
        "operatingIncomeRatio": 0.3735546799,
        "totalOtherIncomeExpensesNet": 647000,
        "incomeBeforeTax": 23779000,
        "incomeBeforeTaxRatio": 0.3840029714,
        "incomeTaxExpense": 8483000,
        "netIncome": 15347000,
        "netIncomeRatio": 0.2478360571,
        "eps": 0.46,
        "epsdiluted": 0.45,
        "weightedAverageShsOut": 27702627,
        "weightedAverageShsOutDil": 30483481,
        "link": "https://www.sec.gov/Archives/edgar/data/1040971/000091205701539683/0000912057-01-539683-index.htm",
        "finalLink": "https://www.sec.gov/Archives/edgar/data/1040971/000091205701539683/a2063603z10-q.txt"
    },
    {
        "date": "2001-06-30",
        "symbol": "SLG",
        "reportedCurrency": "USD",
        "cik": "0001040971",
        "fillingDate": "2001-08-02",
        "acceptedDate": "2001-08-02 00:00:00",
        "calendarYear": "2001",
        "period": "Q2",
        "revenue": 66476000,
        "costOfRevenue": 3159000,
        "grossProfit": 63317000,
        "grossProfitRatio": 0.9524790902,
        "researchAndDevelopmentExpenses": 0,
        "generalAndAdministrativeExpenses": 3668000,
        "sellingAndMarketingExpenses": 0,
        "sellingGeneralAndAdministrativeExpenses": 3668000,
        "otherExpenses": 31228000,
        "operatingExpenses": 34896000,
        "costAndExpenses": 38055000,
        "interestIncome": 0,
        "interestExpense": 0,
        "depreciationAndAmortization": 9887000,
        "ebitda": 38308000,
        "ebitdaratio": 0.5762681268,
        "operatingIncome": 28421000,
        "operatingIncomeRatio": 0.427537758,
        "totalOtherIncomeExpensesNet": 0,
        "incomeBeforeTax": 28421000,
        "incomeBeforeTaxRatio": 0.427537758,
        "incomeTaxExpense": 10476000,
        "netIncome": 17945000,
        "netIncomeRatio": 0.2699470486,
        "eps": 0.65,
        "epsdiluted": 0.62,
        "weightedAverageShsOut": 24005510,
        "weightedAverageShsOutDil": 31270515,
        "link": "https://www.sec.gov/Archives/edgar/data/1040971/000091205701526249/0000912057-01-526249-index.htm",
        "finalLink": "https://www.sec.gov/Archives/edgar/data/1040971/000091205701526249/a2055659z10-q.txt"
    },
    {
        "date": "2001-03-31",
        "symbol": "SLG",
        "reportedCurrency": "USD",
        "cik": "0001040971",
        "fillingDate": "2001-05-04",
        "acceptedDate": "2001-05-04 00:00:00",
        "calendarYear": "2001",
        "period": "Q1",
        "revenue": 66994000,
        "costOfRevenue": 3159000,
        "grossProfit": 63835000,
        "grossProfitRatio": 0.9528465236,
        "researchAndDevelopmentExpenses": 0,
        "generalAndAdministrativeExpenses": 3547000,
        "sellingAndMarketingExpenses": 0,
        "sellingGeneralAndAdministrativeExpenses": 3547000,
        "otherExpenses": 33726000,
        "operatingExpenses": 37273000,
        "costAndExpenses": 40432000,
        "interestIncome": 0,
        "interestExpense": 0,
        "depreciationAndAmortization": 9720000,
        "ebitda": 36282000,
        "ebitdaratio": 0.5415708869,
        "operatingIncome": 26562000,
        "operatingIncomeRatio": 0.3964832672,
        "totalOtherIncomeExpensesNet": 1514000,
        "incomeBeforeTax": 28076000,
        "incomeBeforeTaxRatio": 0.4190823059,
        "incomeTaxExpense": 16246000,
        "netIncome": 13712000,
        "netIncomeRatio": 0.2046750455,
        "eps": 0.47,
        "epsdiluted": 0.46,
        "weightedAverageShsOut": 23940410,
        "weightedAverageShsOutDil": 26626042,
        "link": "https://www.sec.gov/Archives/edgar/data/1040971/000091205701512937/0000912057-01-512937-index.htm",
        "finalLink": "https://www.sec.gov/Archives/edgar/data/1040971/000091205701512937/a2047386z10-q.txt"
    },
    {
        "date": "2000-12-31",
        "symbol": "SLG",
        "reportedCurrency": "USD",
        "cik": "0001040971",
        "fillingDate": "2001-03-19",
        "acceptedDate": "2001-03-19 00:00:00",
        "calendarYear": "2000",
        "period": "Q4",
        "revenue": 58195000,
        "costOfRevenue": 3155000,
        "grossProfit": 55040000,
        "grossProfitRatio": 0.9457857204,
        "researchAndDevelopmentExpenses": 0,
        "generalAndAdministrativeExpenses": 3044000,
        "sellingAndMarketingExpenses": 0,
        "sellingGeneralAndAdministrativeExpenses": 3044000,
        "otherExpenses": 27905000,
        "operatingExpenses": 30949000,
        "costAndExpenses": 34104000,
        "interestIncome": 0,
        "interestExpense": 0,
        "depreciationAndAmortization": 7992000,
        "ebitda": 32083000,
        "ebitdaratio": 0.5513016582,
        "operatingIncome": 24091000,
        "operatingIncomeRatio": 0.4139702724,
        "totalOtherIncomeExpensesNet": 0,
        "incomeBeforeTax": 22176000,
        "incomeBeforeTaxRatio": 0.3810636653,
        "incomeTaxExpense": -4293000,
        "netIncome": 28384000,
        "netIncomeRatio": 0.4877394965,
        "eps": 1.15,
        "epsdiluted": 1.15,
        "weightedAverageShsOut": 23810211,
        "weightedAverageShsOutDil": 24639000,
        "link": "https://www.sec.gov/Archives/edgar/data/1040971/000091205701007714/0000912057-01-007714-index.htm",
        "finalLink": "https://www.sec.gov/Archives/edgar/data/1040971/000091205701007714/a2041396z10-k405.txt"
    },
    {
        "date": "2000-09-30",
        "symbol": "SLG",
        "reportedCurrency": "USD",
        "cik": "0001040971",
        "fillingDate": "2000-11-13",
        "acceptedDate": "2000-11-13 00:00:00",
        "calendarYear": "2000",
        "period": "Q3",
        "revenue": 60874000,
        "costOfRevenue": 3164000,
        "grossProfit": 57710000,
        "grossProfitRatio": 0.9480237868,
        "researchAndDevelopmentExpenses": 0,
        "generalAndAdministrativeExpenses": 2540000,
        "sellingAndMarketingExpenses": 0,
        "sellingGeneralAndAdministrativeExpenses": 2540000,
        "otherExpenses": 30859000,
        "operatingExpenses": 33399000,
        "costAndExpenses": 36563000,
        "interestIncome": 0,
        "interestExpense": 0,
        "depreciationAndAmortization": 8300000,
        "ebitda": 32611000,
        "ebitdaratio": 0.5357131123,
        "operatingIncome": 24311000,
        "operatingIncomeRatio": 0.3993659033,
        "totalOtherIncomeExpensesNet": 0,
        "incomeBeforeTax": 21904000,
        "incomeBeforeTaxRatio": 0.3598252127,
        "incomeTaxExpense": 5913000,
        "netIncome": 18398000,
        "netIncomeRatio": 0.3022308375,
        "eps": 0.67,
        "epsdiluted": 0.66,
        "weightedAverageShsOut": 23764542,
        "weightedAverageShsOutDil": 26525963,
        "link": "https://www.sec.gov/Archives/edgar/data/1040971/000091205700049178/0000912057-00-049178-index.htm",
        "finalLink": "https://www.sec.gov/Archives/edgar/data/1040971/000091205700049178/a2028588z10-q.txt"
    },
    {
        "date": "2000-06-30",
        "symbol": "SLG",
        "reportedCurrency": "USD",
        "cik": "0001040971",
        "fillingDate": "2000-07-27",
        "acceptedDate": "2000-07-27 00:00:00",
        "calendarYear": "2000",
        "period": "Q2",
        "revenue": 56494000,
        "costOfRevenue": 3159000,
        "grossProfit": 53335000,
        "grossProfitRatio": 0.9440825574,
        "researchAndDevelopmentExpenses": 0,
        "generalAndAdministrativeExpenses": 3190000,
        "sellingAndMarketingExpenses": 0,
        "sellingGeneralAndAdministrativeExpenses": 3190000,
        "otherExpenses": 28899000,
        "operatingExpenses": 32089000,
        "costAndExpenses": 35248000,
        "interestIncome": 0,
        "interestExpense": 0,
        "depreciationAndAmortization": 8403000,
        "ebitda": 29649000,
        "ebitdaratio": 0.5248167947,
        "operatingIncome": 21246000,
        "operatingIncomeRatio": 0.3760753354,
        "totalOtherIncomeExpensesNet": 0,
        "incomeBeforeTax": 19269000,
        "incomeBeforeTaxRatio": 0.3410804687,
        "incomeTaxExpense": 5851000,
        "netIncome": 15395000,
        "netIncomeRatio": 0.2725068149,
        "eps": 0.55,
        "epsdiluted": 0.55,
        "weightedAverageShsOut": 23619766,
        "weightedAverageShsOutDil": 26278193,
        "link": "https://www.sec.gov/Archives/edgar/data/1040971/000091205700033375/0000912057-00-033375-index.htm",
        "finalLink": "https://www.sec.gov/Archives/edgar/data/1040971/000091205700033375/a10-q.txt"
    },
    {
        "date": "2000-03-31",
        "symbol": "SLG",
        "reportedCurrency": "USD",
        "cik": "0001040971",
        "fillingDate": "2000-04-28",
        "acceptedDate": "2000-04-28 00:00:00",
        "calendarYear": "2000",
        "period": "Q1",
        "revenue": 54759000,
        "costOfRevenue": 3183000,
        "grossProfit": 51576000,
        "grossProfitRatio": 0.9418725689,
        "researchAndDevelopmentExpenses": 0,
        "generalAndAdministrativeExpenses": 2788000,
        "sellingAndMarketingExpenses": 0,
        "sellingGeneralAndAdministrativeExpenses": 2788000,
        "otherExpenses": 28341000,
        "operatingExpenses": 31129000,
        "costAndExpenses": 34312000,
        "interestIncome": 0,
        "interestExpense": 0,
        "depreciationAndAmortization": 7816000,
        "ebitda": 28263000,
        "ebitdaratio": 0.5161343341,
        "operatingIncome": 20447000,
        "operatingIncomeRatio": 0.3733998064,
        "totalOtherIncomeExpensesNet": 0,
        "incomeBeforeTax": 18040000,
        "incomeBeforeTaxRatio": 0.3294435618,
        "incomeTaxExpense": -3593000,
        "netIncome": 24040000,
        "netIncomeRatio": 0.4390145912,
        "eps": 0.92,
        "epsdiluted": 0.83,
        "weightedAverageShsOut": 23533290,
        "weightedAverageShsOutDil": 26071232,
        "link": "https://www.sec.gov/Archives/edgar/data/1040971/000091205700020362/0000912057-00-020362-index.html",
        "finalLink": "https://www.sec.gov/Archives/edgar/data/1040971/000091205700020362/"
    },
    {
        "date": "1999-12-31",
        "symbol": "SLG",
        "reportedCurrency": "USD",
        "cik": "0001040971",
        "fillingDate": "2000-03-16",
        "acceptedDate": "2000-03-16 00:00:00",
        "calendarYear": "1999",
        "period": "Q4",
        "revenue": 53117000,
        "costOfRevenue": 0,
        "grossProfit": 53117000,
        "grossProfitRatio": 1,
        "researchAndDevelopmentExpenses": 0,
        "generalAndAdministrativeExpenses": -8378000,
        "sellingAndMarketingExpenses": 10900000,
        "sellingGeneralAndAdministrativeExpenses": 2522000,
        "otherExpenses": 215026000,
        "operatingExpenses": 217548000,
        "costAndExpenses": 217548000,
        "interestIncome": 0,
        "interestExpense": 0,
        "depreciationAndAmortization": 7560000,
        "ebitda": -156871000,
        "ebitdaratio": -2.9533106162,
        "operatingIncome": -164431000,
        "operatingIncomeRatio": -3.0956379314,
        "totalOtherIncomeExpensesNet": 164431000,
        "incomeBeforeTax": 0,
        "incomeBeforeTaxRatio": 0,
        "incomeTaxExpense": -1747000,
        "netIncome": 10956000,
        "netIncomeRatio": 0.2062616488,
        "eps": 0.45,
        "epsdiluted": 0.45,
        "weightedAverageShsOut": 24220000,
        "weightedAverageShsOutDil": 24220000,
        "link": "https://www.sec.gov/Archives/edgar/data/1040971/000091205700011919/0000912057-00-011919-index.html",
        "finalLink": "https://www.sec.gov/Archives/edgar/data/1040971/000091205700011919/"
    },
    {
        "date": "1999-09-30",
        "symbol": "SLG",
        "reportedCurrency": "USD",
        "cik": "0001040971",
        "fillingDate": "1999-11-15",
        "acceptedDate": "1999-11-15 00:00:00",
        "calendarYear": "1999",
        "period": "Q3",
        "revenue": 55100000,
        "costOfRevenue": 0,
        "grossProfit": 55100000,
        "grossProfitRatio": 1,
        "researchAndDevelopmentExpenses": 0,
        "generalAndAdministrativeExpenses": 3000000,
        "sellingAndMarketingExpenses": 0,
        "sellingGeneralAndAdministrativeExpenses": 3000000,
        "otherExpenses": -35700000,
        "operatingExpenses": -32700000,
        "costAndExpenses": -32700000,
        "interestIncome": 0,
        "interestExpense": 0,
        "depreciationAndAmortization": 7100000,
        "ebitda": 94900000,
        "ebitdaratio": 1.722323049,
        "operatingIncome": 87800000,
        "operatingIncomeRatio": 1.5934664247,
        "totalOtherIncomeExpensesNet": -87800000,
        "incomeBeforeTax": 87800000,
        "incomeBeforeTaxRatio": 1.5934664247,
        "incomeTaxExpense": 77300000,
        "netIncome": 10500000,
        "netIncomeRatio": 0.1905626134,
        "eps": 0.34,
        "epsdiluted": 0.34,
        "weightedAverageShsOut": 24143956,
        "weightedAverageShsOutDil": 24143956,
        "link": "https://www.sec.gov/Archives/edgar/data/1040971/000091205799006077/0000912057-99-006077-index.html",
        "finalLink": "https://www.sec.gov/Archives/edgar/data/1040971/000091205799006077/"
    },
    {
        "date": "1999-06-30",
        "symbol": "SLG",
        "reportedCurrency": "USD",
        "cik": "0001040971",
        "fillingDate": "1999-08-16",
        "acceptedDate": "1999-08-16 00:00:00",
        "calendarYear": "1999",
        "period": "Q2",
        "revenue": 50900000,
        "costOfRevenue": 0,
        "grossProfit": 50900000,
        "grossProfitRatio": 1,
        "researchAndDevelopmentExpenses": 0,
        "generalAndAdministrativeExpenses": 2800000,
        "sellingAndMarketingExpenses": 0,
        "sellingGeneralAndAdministrativeExpenses": 2800000,
        "otherExpenses": -31100000,
        "operatingExpenses": -28300000,
        "costAndExpenses": -28300000,
        "interestIncome": 0,
        "interestExpense": 0,
        "depreciationAndAmortization": 6800000,
        "ebitda": 86000000,
        "ebitdaratio": 1.6895874263,
        "operatingIncome": 79200000,
        "operatingIncomeRatio": 1.5559921415,
        "totalOtherIncomeExpensesNet": -79200000,
        "incomeBeforeTax": 0,
        "incomeBeforeTaxRatio": 0,
        "incomeTaxExpense": -11400000,
        "netIncome": 10800000,
        "netIncomeRatio": 0.2121807466,
        "eps": 0.36,
        "epsdiluted": 0.36,
        "weightedAverageShsOut": 23597141,
        "weightedAverageShsOutDil": 23597141,
        "link": "https://www.sec.gov/Archives/edgar/data/1040971/000104746999032544/0001047469-99-032544-index.html",
        "finalLink": "https://www.sec.gov/Archives/edgar/data/1040971/000104746999032544/"
    },
    {
        "date": "1999-03-31",
        "symbol": "SLG",
        "reportedCurrency": "USD",
        "cik": "0001040971",
        "fillingDate": "1999-05-14",
        "acceptedDate": "1999-05-14 00:00:00",
        "calendarYear": "1999",
        "period": "Q1",
        "revenue": 47500000,
        "costOfRevenue": 0,
        "grossProfit": 47500000,
        "grossProfitRatio": 1,
        "researchAndDevelopmentExpenses": 0,
        "generalAndAdministrativeExpenses": 2600000,
        "sellingAndMarketingExpenses": 0,
        "sellingGeneralAndAdministrativeExpenses": 2600000,
        "otherExpenses": -30400000,
        "operatingExpenses": -27800000,
        "costAndExpenses": -27800000,
        "interestIncome": 0,
        "interestExpense": 0,
        "depreciationAndAmortization": 5800000,
        "ebitda": 81100000,
        "ebitdaratio": 1.7073684211,
        "operatingIncome": 75300000,
        "operatingIncomeRatio": 1.5852631579,
        "totalOtherIncomeExpensesNet": -75300000,
        "incomeBeforeTax": 75300000,
        "incomeBeforeTaxRatio": 1.5852631579,
        "incomeTaxExpense": 64700000,
        "netIncome": 10600000,
        "netIncomeRatio": 0.2231578947,
        "eps": 0.35,
        "epsdiluted": 0.35,
        "weightedAverageShsOut": 23719618,
        "weightedAverageShsOutDil": 23719618,
        "link": "https://www.sec.gov/Archives/edgar/data/1040971/000100547799002376/0001005477-99-002376-index.html",
        "finalLink": "https://www.sec.gov/Archives/edgar/data/1040971/"
    },
    {
        "date": "1998-12-31",
        "symbol": "SLG",
        "reportedCurrency": "USD",
        "cik": "0001040971",
        "fillingDate": "1999-03-30",
        "acceptedDate": "1999-03-30 00:00:00",
        "calendarYear": "1998",
        "period": "Q4",
        "revenue": 40072000,
        "costOfRevenue": 0,
        "grossProfit": 40072000,
        "grossProfitRatio": 1,
        "researchAndDevelopmentExpenses": 0,
        "generalAndAdministrativeExpenses": 1760000,
        "sellingAndMarketingExpenses": 0,
        "sellingGeneralAndAdministrativeExpenses": 1760000,
        "otherExpenses": 149496000,
        "operatingExpenses": 151256000,
        "costAndExpenses": 151256000,
        "interestIncome": 0,
        "interestExpense": 0,
        "depreciationAndAmortization": 4704000,
        "ebitda": -106480000,
        "ebitdaratio": -2.6572170094,
        "operatingIncome": -111184000,
        "operatingIncomeRatio": -2.7746057097,
        "totalOtherIncomeExpensesNet": 111184000,
        "incomeBeforeTax": 0,
        "incomeBeforeTaxRatio": 0,
        "incomeTaxExpense": -3304000,
        "netIncome": 9252000,
        "netIncomeRatio": 0.2308844081,
        "eps": 0.38,
        "epsdiluted": 0.38,
        "weightedAverageShsOut": 24411765,
        "weightedAverageShsOutDil": 24411765,
        "link": "https://www.sec.gov/Archives/edgar/data/1040971/000104746999012337/0001047469-99-012337-index.html",
        "finalLink": "https://www.sec.gov/Archives/edgar/data/1040971/"
    },
    {
        "date": "1998-09-30",
        "symbol": "SLG",
        "reportedCurrency": "USD",
        "cik": "0001040971",
        "fillingDate": "1998-11-16",
        "acceptedDate": "1998-11-16 00:00:00",
        "calendarYear": "1998",
        "period": "Q3",
        "revenue": 40500000,
        "costOfRevenue": 0,
        "grossProfit": 40500000,
        "grossProfitRatio": 1,
        "researchAndDevelopmentExpenses": 0,
        "generalAndAdministrativeExpenses": 1600000,
        "sellingAndMarketingExpenses": 0,
        "sellingGeneralAndAdministrativeExpenses": 1600000,
        "otherExpenses": -27000000,
        "operatingExpenses": -25400000,
        "costAndExpenses": -25400000,
        "interestIncome": 0,
        "interestExpense": 0,
        "depreciationAndAmortization": 4000000,
        "ebitda": 69900000,
        "ebitdaratio": 1.7259259259,
        "operatingIncome": 65900000,
        "operatingIncomeRatio": 1.6271604938,
        "totalOtherIncomeExpensesNet": -65900000,
        "incomeBeforeTax": 65900000,
        "incomeBeforeTaxRatio": 1.6271604938,
        "incomeTaxExpense": 55600000,
        "netIncome": 10300000,
        "netIncomeRatio": 0.2543209877,
        "eps": 0.34,
        "epsdiluted": 0.34,
        "weightedAverageShsOut": 23555079,
        "weightedAverageShsOutDil": 23555079,
        "link": "https://www.sec.gov/Archives/edgar/data/1040971/000104746998041343/0001047469-98-041343-index.html",
        "finalLink": "https://www.sec.gov/Archives/edgar/data/1040971/"
    },
    {
        "date": "1998-06-30",
        "symbol": "SLG",
        "reportedCurrency": "USD",
        "cik": "0001040971",
        "fillingDate": "1998-08-14",
        "acceptedDate": "1998-08-14 00:00:00",
        "calendarYear": "1998",
        "period": "Q2",
        "revenue": 34300000,
        "costOfRevenue": 0,
        "grossProfit": 34300000,
        "grossProfitRatio": 1,
        "researchAndDevelopmentExpenses": 0,
        "generalAndAdministrativeExpenses": 1300000,
        "sellingAndMarketingExpenses": 0,
        "sellingGeneralAndAdministrativeExpenses": 1300000,
        "otherExpenses": -23100000,
        "operatingExpenses": -21800000,
        "costAndExpenses": -21800000,
        "interestIncome": 0,
        "interestExpense": 0,
        "depreciationAndAmortization": 4000000,
        "ebitda": 58900000,
        "ebitdaratio": 1.7172011662,
        "operatingIncome": 54900000,
        "operatingIncomeRatio": 1.6005830904,
        "totalOtherIncomeExpensesNet": 0,
        "incomeBeforeTax": 56600000,
        "incomeBeforeTaxRatio": 1.6501457726,
        "incomeTaxExpense": 50200000,
        "netIncome": 5900000,
        "netIncomeRatio": 0.1720116618,
        "eps": 0.26,
        "epsdiluted": 0.26,
        "weightedAverageShsOut": 18655622,
        "weightedAverageShsOutDil": 18655622,
        "link": "https://www.sec.gov/Archives/edgar/data/1040971/000100547798002536/0001005477-98-002536-index.html",
        "finalLink": "https://www.sec.gov/Archives/edgar/data/1040971/"
    },
    {
        "date": "1998-03-31",
        "symbol": "SLG",
        "reportedCurrency": "USD",
        "cik": "0001040971",
        "fillingDate": "1998-05-15",
        "acceptedDate": "1998-05-15 00:00:00",
        "calendarYear": "1998",
        "period": "Q1",
        "revenue": 22200000,
        "costOfRevenue": 0,
        "grossProfit": 22200000,
        "grossProfitRatio": 1,
        "researchAndDevelopmentExpenses": 0,
        "generalAndAdministrativeExpenses": 1000000,
        "sellingAndMarketingExpenses": 0,
        "sellingGeneralAndAdministrativeExpenses": 1000000,
        "otherExpenses": -13800000,
        "operatingExpenses": -12800000,
        "costAndExpenses": -12800000,
        "interestIncome": 0,
        "interestExpense": 0,
        "depreciationAndAmortization": 2700000,
        "ebitda": 37700000,
        "ebitdaratio": 1.6981981982,
        "operatingIncome": 35000000,
        "operatingIncomeRatio": 1.5765765766,
        "totalOtherIncomeExpensesNet": -35000000,
        "incomeBeforeTax": 35000000,
        "incomeBeforeTaxRatio": 1.5765765766,
        "incomeTaxExpense": 30900000,
        "netIncome": 4100000,
        "netIncomeRatio": 0.1846846847,
        "eps": 0.34,
        "epsdiluted": 0.34,
        "weightedAverageShsOut": 12071978,
        "weightedAverageShsOutDil": 12071978,
        "link": "https://www.sec.gov/Archives/edgar/data/1040971/000100547798001736/0001005477-98-001736-index.html",
        "finalLink": "https://www.sec.gov/Archives/edgar/data/1040971/"
    },
    {
        "date": "1997-12-31",
        "symbol": "SLG",
        "reportedCurrency": "USD",
        "cik": "0001040971",
        "fillingDate": "1999-09-28",
        "acceptedDate": "1999-09-28 00:00:00",
        "calendarYear": "1997",
        "period": "Q4",
        "revenue": 16100000,
        "costOfRevenue": 7900000,
        "grossProfit": 8200000,
        "grossProfitRatio": 0.5093167702,
        "researchAndDevelopmentExpenses": 0,
        "generalAndAdministrativeExpenses": 500000,
        "sellingAndMarketingExpenses": 1900000,
        "sellingGeneralAndAdministrativeExpenses": 2400000,
        "otherExpenses": 0,
        "operatingExpenses": 2400000,
        "costAndExpenses": 10300000,
        "interestIncome": 0,
        "interestExpense": -2200000,
        "depreciationAndAmortization": 1900000,
        "ebitda": 3200000,
        "ebitdaratio": 0.198757764,
        "operatingIncome": 5700000,
        "operatingIncomeRatio": 0.3540372671,
        "totalOtherIncomeExpensesNet": -2200000,
        "incomeBeforeTax": 3500000,
        "incomeBeforeTaxRatio": 0.2173913043,
        "incomeTaxExpense": 0,
        "netIncome": 3500000,
        "netIncomeRatio": 0.2173913043,
        "eps": 0.28,
        "epsdiluted": 0.28,
        "weightedAverageShsOut": 12500000,
        "weightedAverageShsOutDil": 12500000,
        "link": "https://www.sec.gov/Archives/edgar/data/1040971/000100547799004494/0001005477-99-004494-index.html",
        "finalLink": "https://www.sec.gov/Archives/edgar/data/1040971/000100547799004494/0001005477-99-004494.txt"
    }
]