[
    {
        "date": "2025-09-30",
        "symbol": "SLM",
        "reportedCurrency": "USD",
        "cik": "0001032033",
        "fillingDate": "2025-10-23",
        "acceptedDate": "2025-10-23 16:33:18",
        "calendarYear": "2025",
        "period": "Q3",
        "revenue": 657587000,
        "costOfRevenue": 83667000,
        "grossProfit": 573920000,
        "grossProfitRatio": 0.8727666453,
        "researchAndDevelopmentExpenses": 0,
        "generalAndAdministrativeExpenses": 0,
        "sellingAndMarketingExpenses": 0,
        "sellingGeneralAndAdministrativeExpenses": 0,
        "otherExpenses": 179558000,
        "operatingExpenses": 179558000,
        "costAndExpenses": 263225000,
        "interestIncome": 0,
        "interestExpense": 717000,
        "depreciationAndAmortization": 4878000,
        "ebitda": 277531000,
        "ebitdaratio": 0.4220445356,
        "operatingIncome": 272653000,
        "operatingIncomeRatio": 0.4146265057,
        "totalOtherIncomeExpensesNet": -208549000,
        "incomeBeforeTax": 185813000,
        "incomeBeforeTaxRatio": 0.282567934,
        "incomeTaxExpense": 49963000,
        "netIncome": 135850000,
        "netIncomeRatio": 0.2065886339,
        "eps": 0.64,
        "epsdiluted": 0.63,
        "weightedAverageShsOut": 207144000,
        "weightedAverageShsOutDil": 207144000,
        "link": "https://www.sec.gov/Archives/edgar/data/1032033/000103203325000033/0001032033-25-000033-index.htm",
        "finalLink": "https://www.sec.gov/Archives/edgar/data/1032033/000103203325000033/slm-20250930.htm"
    },
    {
        "date": "2025-06-30",
        "symbol": "SLM",
        "reportedCurrency": "USD",
        "cik": "0001032033",
        "fillingDate": "2025-07-24",
        "acceptedDate": "2025-07-24 16:39:40",
        "calendarYear": "2025",
        "period": "Q2",
        "revenue": 656759000,
        "costOfRevenue": 84900000,
        "grossProfit": 571859000,
        "grossProfitRatio": 0.8707288366,
        "researchAndDevelopmentExpenses": 0,
        "generalAndAdministrativeExpenses": 94682000,
        "sellingAndMarketingExpenses": 0,
        "sellingGeneralAndAdministrativeExpenses": 94682000,
        "otherExpenses": 71664000,
        "operatingExpenses": 166346000,
        "costAndExpenses": 251246000,
        "interestIncome": 656759000,
        "interestExpense": 279939000,
        "depreciationAndAmortization": 4866000,
        "ebitda": 176806000,
        "ebitdaratio": 0.2692098624,
        "operatingIncome": 405513000,
        "operatingIncomeRatio": 0.6174456688,
        "totalOtherIncomeExpensesNet": -317879000,
        "incomeBeforeTax": 87634000,
        "incomeBeforeTaxRatio": 0.1334340298,
        "incomeTaxExpense": 16362000,
        "netIncome": 71272000,
        "netIncomeRatio": 0.1085207816,
        "eps": 0.32,
        "epsdiluted": 0.32,
        "weightedAverageShsOut": 209282000,
        "weightedAverageShsOutDil": 209282000,
        "link": "https://www.sec.gov/Archives/edgar/data/1032033/000103203325000012/0001032033-25-000012-index.htm",
        "finalLink": "https://www.sec.gov/Archives/edgar/data/1032033/000103203325000012/slm-20250630.htm"
    },
    {
        "date": "2025-03-31",
        "symbol": "SLM",
        "reportedCurrency": "USD",
        "cik": "0001032033",
        "fillingDate": "2025-04-24",
        "acceptedDate": "2025-04-24 16:35:31",
        "calendarYear": "2025",
        "period": "Q1",
        "revenue": 862134000,
        "costOfRevenue": 304406000,
        "grossProfit": 557728000,
        "grossProfitRatio": 0.6469156767,
        "researchAndDevelopmentExpenses": 0,
        "generalAndAdministrativeExpenses": 103233000,
        "sellingAndMarketingExpenses": 0,
        "sellingGeneralAndAdministrativeExpenses": 103233000,
        "otherExpenses": 51376000,
        "operatingExpenses": 154609000,
        "costAndExpenses": 459015000,
        "interestIncome": 656090000,
        "interestExpense": 281120000,
        "depreciationAndAmortization": 4974000,
        "ebitda": 491005000,
        "ebitdaratio": 0.5695228352,
        "operatingIncome": 486031000,
        "operatingIncomeRatio": 0.5637534304,
        "totalOtherIncomeExpensesNet": -82912000,
        "incomeBeforeTax": 403119000,
        "incomeBeforeTaxRatio": 0.4675827656,
        "incomeTaxExpense": 98579000,
        "netIncome": 304540000,
        "netIncomeRatio": 0.3532397516,
        "eps": 1.43,
        "epsdiluted": 1.4,
        "weightedAverageShsOut": 210682000,
        "weightedAverageShsOutDil": 214986000,
        "link": "https://www.sec.gov/Archives/edgar/data/1032033/000162828025019704/0001628280-25-019704-index.htm",
        "finalLink": "https://www.sec.gov/Archives/edgar/data/1032033/000162828025019704/slm-20250331.htm"
    },
    {
        "date": "2024-12-31",
        "symbol": "SLM",
        "reportedCurrency": "USD",
        "cik": "0001032033",
        "fillingDate": "2025-02-20",
        "acceptedDate": "2025-02-20 16:33:05",
        "calendarYear": "2024",
        "period": "Q4",
        "revenue": 689155000,
        "costOfRevenue": 407361000,
        "grossProfit": 281794000,
        "grossProfitRatio": 0.4088978532,
        "researchAndDevelopmentExpenses": 0,
        "generalAndAdministrativeExpenses": 93678000,
        "sellingAndMarketingExpenses": 0,
        "sellingGeneralAndAdministrativeExpenses": 93678000,
        "otherExpenses": 213637000,
        "operatingExpenses": 307315000,
        "costAndExpenses": 55270000,
        "interestIncome": 661373000,
        "interestExpense": 299182000,
        "depreciationAndAmortization": 329000,
        "ebitda": 132495000,
        "ebitdaratio": 0.1922571845,
        "operatingIncome": 214125000,
        "operatingIncomeRatio": 0.31070659,
        "totalOtherIncomeExpensesNet": -607113000,
        "incomeBeforeTax": 132166000,
        "incomeBeforeTaxRatio": 0.1917797883,
        "incomeTaxExpense": 20613000,
        "netIncome": 111553000,
        "netIncomeRatio": 0.1618692457,
        "eps": 0.51,
        "epsdiluted": 0.5,
        "weightedAverageShsOut": 210741000,
        "weightedAverageShsOutDil": 216220000,
        "link": "https://www.sec.gov/Archives/edgar/data/1032033/000162828025006776/0001628280-25-006776-index.htm",
        "finalLink": "https://www.sec.gov/Archives/edgar/data/1032033/000162828025006776/slm-20241231.htm"
    },
    {
        "date": "2024-09-30",
        "symbol": "SLM",
        "reportedCurrency": "USD",
        "cik": "0001032033",
        "fillingDate": "2024-10-23",
        "acceptedDate": "2024-10-23 16:32:09",
        "calendarYear": "2024",
        "period": "Q3",
        "revenue": 652639000,
        "costOfRevenue": 564701000,
        "grossProfit": 112461000,
        "grossProfitRatio": 0.1723173148,
        "researchAndDevelopmentExpenses": 0,
        "generalAndAdministrativeExpenses": 100539000,
        "sellingAndMarketingExpenses": 0,
        "sellingGeneralAndAdministrativeExpenses": 100539000,
        "otherExpenses": 71484000,
        "operatingExpenses": 172023000,
        "costAndExpenses": 328623000,
        "interestIncome": 652639000,
        "interestExpense": 293236000,
        "depreciationAndAmortization": 5447000,
        "ebitda": -54115000,
        "ebitdaratio": -0.0829172023,
        "operatingIncome": 324016000,
        "operatingIncomeRatio": 0.4964704837,
        "totalOtherIncomeExpensesNet": -383578000,
        "incomeBeforeTax": -59562000,
        "incomeBeforeTaxRatio": -0.0912633171,
        "incomeTaxExpense": -14410000,
        "netIncome": -45152000,
        "netIncomeRatio": -0.0691837294,
        "eps": -0.23,
        "epsdiluted": -0.23,
        "weightedAverageShsOut": 214873000,
        "weightedAverageShsOutDil": 214873000,
        "link": "https://www.sec.gov/Archives/edgar/data/1032033/000162828024043447/0001628280-24-043447-index.htm",
        "finalLink": "https://www.sec.gov/Archives/edgar/data/1032033/000162828024043447/slm-20240930.htm"
    },
    {
        "date": "2024-06-30",
        "symbol": "SLM",
        "reportedCurrency": "USD",
        "cik": "0001032033",
        "fillingDate": "2024-07-24",
        "acceptedDate": "2024-07-24 16:31:47",
        "calendarYear": "2024",
        "period": "Q2",
        "revenue": 795576000,
        "costOfRevenue": 286134000,
        "grossProfit": 497147000,
        "grossProfitRatio": 0.6248893883,
        "researchAndDevelopmentExpenses": 0,
        "generalAndAdministrativeExpenses": 11727000,
        "sellingAndMarketingExpenses": 85261000,
        "sellingGeneralAndAdministrativeExpenses": 96988000,
        "otherExpenses": 61612000,
        "operatingExpenses": 158600000,
        "costAndExpenses": 386704000,
        "interestIncome": 641476000,
        "interestExpense": 269304000,
        "depreciationAndAmortization": 5956000,
        "ebitda": 344503000,
        "ebitdaratio": 0.4330233692,
        "operatingIncome": 338547000,
        "operatingIncomeRatio": 0.4255369694,
        "totalOtherIncomeExpensesNet": -70325000,
        "incomeBeforeTax": 338547000,
        "incomeBeforeTaxRatio": 0.4255369694,
        "incomeTaxExpense": 86554000,
        "netIncome": 251993000,
        "netIncomeRatio": 0.3167428379,
        "eps": 1.13,
        "epsdiluted": 1.11,
        "weightedAverageShsOut": 218924000,
        "weightedAverageShsOutDil": 222467000,
        "link": "https://www.sec.gov/Archives/edgar/data/1032033/000162828024032836/0001628280-24-032836-index.htm",
        "finalLink": "https://www.sec.gov/Archives/edgar/data/1032033/000162828024032836/slm-20240630.htm"
    },
    {
        "date": "2024-03-31",
        "symbol": "SLM",
        "reportedCurrency": "USD",
        "cik": "0001032033",
        "fillingDate": "2024-04-24",
        "acceptedDate": "2024-04-24 16:32:14",
        "calendarYear": "2024",
        "period": "Q1",
        "revenue": 850177000,
        "costOfRevenue": 288583000,
        "grossProfit": 549133000,
        "grossProfitRatio": 0.6459043235,
        "researchAndDevelopmentExpenses": 0,
        "generalAndAdministrativeExpenses": 109788000,
        "sellingAndMarketingExpenses": 0,
        "sellingGeneralAndAdministrativeExpenses": 109788000,
        "otherExpenses": 51860000,
        "operatingExpenses": 161648000,
        "costAndExpenses": 394110000,
        "interestIncome": 663558000,
        "interestExpense": 276542000,
        "depreciationAndAmortization": 5920000,
        "ebitda": 393405000,
        "ebitdaratio": 0.4627330544,
        "operatingIncome": 456067000,
        "operatingIncomeRatio": 0.5364377065,
        "totalOtherIncomeExpensesNet": -68582000,
        "incomeBeforeTax": 387485000,
        "incomeBeforeTaxRatio": 0.4557697985,
        "incomeTaxExpense": 97554000,
        "netIncome": 289931000,
        "netIncomeRatio": 0.3410242808,
        "eps": 1.29,
        "epsdiluted": 1.27,
        "weightedAverageShsOut": 220416000,
        "weightedAverageShsOutDil": 223845000,
        "link": "https://www.sec.gov/Archives/edgar/data/1032033/000162828024017666/0001628280-24-017666-index.htm",
        "finalLink": "https://www.sec.gov/Archives/edgar/data/1032033/000162828024017666/slm-20240331.htm"
    },
    {
        "date": "2023-12-31",
        "symbol": "SLM",
        "reportedCurrency": "USD",
        "cik": "0001032033",
        "fillingDate": "2024-02-22",
        "acceptedDate": "2024-02-22 16:32:21",
        "calendarYear": "2023",
        "period": "Q4",
        "revenue": 738556000,
        "costOfRevenue": 286626000,
        "grossProfit": 451930000,
        "grossProfitRatio": 0.6119102681,
        "researchAndDevelopmentExpenses": 0,
        "generalAndAdministrativeExpenses": 89198000,
        "sellingAndMarketingExpenses": 0,
        "sellingGeneralAndAdministrativeExpenses": 89198000,
        "otherExpenses": 0,
        "operatingExpenses": 89198000,
        "costAndExpenses": 440874000,
        "interestIncome": 668550000,
        "interestExpense": 282664000,
        "depreciationAndAmortization": 63420000,
        "ebitda": 361102000,
        "ebitdaratio": 0.4889297494,
        "operatingIncome": 297682000,
        "operatingIncomeRatio": 0.4030594836,
        "totalOtherIncomeExpensesNet": -72396000,
        "incomeBeforeTax": 225286000,
        "incomeBeforeTaxRatio": 0.3050357725,
        "incomeTaxExpense": 56843000,
        "netIncome": 168443000,
        "netIncomeRatio": 0.2280707218,
        "eps": 0.73,
        "epsdiluted": 0.72,
        "weightedAverageShsOut": 223224000,
        "weightedAverageShsOutDil": 226552000,
        "link": "https://www.sec.gov/Archives/edgar/data/1032033/000162828024006382/0001628280-24-006382-index.htm",
        "finalLink": "https://www.sec.gov/Archives/edgar/data/1032033/000162828024006382/slm-20231231.htm"
    },
    {
        "date": "2023-09-30",
        "symbol": "SLM",
        "reportedCurrency": "USD",
        "cik": "0001032033",
        "fillingDate": "2023-10-25",
        "acceptedDate": "2023-10-25 16:32:47",
        "calendarYear": "2023",
        "period": "Q3",
        "revenue": 689301000,
        "costOfRevenue": 217014000,
        "grossProfit": 472287000,
        "grossProfitRatio": 0.685168018,
        "researchAndDevelopmentExpenses": 0,
        "generalAndAdministrativeExpenses": 95860000,
        "sellingAndMarketingExpenses": 0,
        "sellingGeneralAndAdministrativeExpenses": 95860000,
        "otherExpenses": 292290000,
        "operatingExpenses": 388150000,
        "costAndExpenses": 1352108000,
        "interestIncome": 652250000,
        "interestExpense": 267622000,
        "depreciationAndAmortization": 7093000,
        "ebitda": 0,
        "ebitdaratio": 0,
        "operatingIncome": 114983000,
        "operatingIncomeRatio": 0.1668110158,
        "totalOtherIncomeExpensesNet": 0,
        "incomeBeforeTax": 40607000,
        "incomeBeforeTaxRatio": 0.0589104034,
        "incomeTaxExpense": 11242000,
        "netIncome": 29365000,
        "netIncomeRatio": 0.0426011278,
        "eps": 0.11,
        "epsdiluted": 0.11,
        "weightedAverageShsOut": 226120000,
        "weightedAverageShsOutDil": 226120000,
        "link": "https://www.sec.gov/Archives/edgar/data/1032033/000162828023035125/0001628280-23-035125-index.htm",
        "finalLink": "https://www.sec.gov/Archives/edgar/data/1032033/000162828023035125/slm-20230930.htm"
    },
    {
        "date": "2023-06-30",
        "symbol": "SLM",
        "reportedCurrency": "USD",
        "cik": "0001032033",
        "fillingDate": "2023-07-26",
        "acceptedDate": "2023-07-26 16:32:59",
        "calendarYear": "2023",
        "period": "Q2",
        "revenue": 633905000,
        "costOfRevenue": 144313000,
        "grossProfit": 386372000,
        "grossProfitRatio": 0.6095108889,
        "researchAndDevelopmentExpenses": 0,
        "generalAndAdministrativeExpenses": 88084000,
        "sellingAndMarketingExpenses": 0,
        "sellingGeneralAndAdministrativeExpenses": 88084000,
        "otherExpenses": 154164000,
        "operatingExpenses": 154164000,
        "costAndExpenses": 298477000,
        "interestIncome": 633905000,
        "interestExpense": 247274000,
        "depreciationAndAmortization": 6866000,
        "ebitda": 335428000,
        "ebitdaratio": 0.5291455344,
        "operatingIncome": 424872000,
        "operatingIncomeRatio": 0.6702455415,
        "totalOtherIncomeExpensesNet": -68325000,
        "incomeBeforeTax": 356547000,
        "incomeBeforeTaxRatio": 0.5624612521,
        "incomeTaxExpense": 91482000,
        "netIncome": 265065000,
        "netIncomeRatio": 0.4181462522,
        "eps": 1.11,
        "epsdiluted": 1.1,
        "weightedAverageShsOut": 235061000,
        "weightedAverageShsOutDil": 237592000,
        "link": "https://www.sec.gov/Archives/edgar/data/1032033/000162828023025733/0001628280-23-025733-index.htm",
        "finalLink": "https://www.sec.gov/Archives/edgar/data/1032033/000162828023025733/slm-20230630.htm"
    },
    {
        "date": "2023-03-31",
        "symbol": "SLM",
        "reportedCurrency": "USD",
        "cik": "0001032033",
        "fillingDate": "2023-04-26",
        "acceptedDate": "2023-04-26 16:33:19",
        "calendarYear": "2023",
        "period": "Q1",
        "revenue": 426779000,
        "costOfRevenue": 126322000,
        "grossProfit": 300457000,
        "grossProfitRatio": 0.7040107409,
        "researchAndDevelopmentExpenses": 0,
        "generalAndAdministrativeExpenses": 99178000,
        "sellingAndMarketingExpenses": 0,
        "sellingGeneralAndAdministrativeExpenses": 99178000,
        "otherExpenses": 155000,
        "operatingExpenses": 155000,
        "costAndExpenses": 99178000,
        "interestIncome": 637598000,
        "interestExpense": 232530000,
        "depreciationAndAmortization": 6796000,
        "ebitda": 221990000,
        "ebitdaratio": 0.5201521162,
        "operatingIncome": 213489000,
        "operatingIncomeRatio": 0.5002331417,
        "totalOtherIncomeExpensesNet": -66134000,
        "incomeBeforeTax": 155856000,
        "incomeBeforeTaxRatio": 0.365191352,
        "incomeTaxExpense": 37338000,
        "netIncome": 118518000,
        "netIncomeRatio": 0.2777034484,
        "eps": 0.47,
        "epsdiluted": 0.47,
        "weightedAverageShsOut": 241497000,
        "weightedAverageShsOutDil": 243549000,
        "link": "https://www.sec.gov/Archives/edgar/data/1032033/000162828023013249/0001628280-23-013249-index.htm",
        "finalLink": "https://www.sec.gov/Archives/edgar/data/1032033/000162828023013249/slm-20230331.htm"
    },
    {
        "date": "2022-12-31",
        "symbol": "SLM",
        "reportedCurrency": "USD",
        "cik": "0001032033",
        "fillingDate": "2023-02-23",
        "acceptedDate": "2023-02-23 17:24:08",
        "calendarYear": "2022",
        "period": "Q4",
        "revenue": 340788000,
        "costOfRevenue": 128324000,
        "grossProfit": 212464000,
        "grossProfitRatio": 0.6234491825,
        "researchAndDevelopmentExpenses": 0,
        "generalAndAdministrativeExpenses": 76797000,
        "sellingAndMarketingExpenses": 0,
        "sellingGeneralAndAdministrativeExpenses": 76797000,
        "otherExpenses": 60965000,
        "operatingExpenses": 137762000,
        "costAndExpenses": 340788000,
        "interestIncome": 583600000,
        "interestExpense": 202169000,
        "depreciationAndAmortization": 6792000,
        "ebitda": 0,
        "ebitdaratio": 0,
        "operatingIncome": -33269000,
        "operatingIncomeRatio": -0.0976237426,
        "totalOtherIncomeExpensesNet": -63266000,
        "incomeBeforeTax": -96535000,
        "incomeBeforeTaxRatio": -0.2832699508,
        "incomeTaxExpense": -19492000,
        "netIncome": -77043000,
        "netIncomeRatio": -0.2260731012,
        "eps": -0.33,
        "epsdiluted": -0.33,
        "weightedAverageShsOut": 244615000,
        "weightedAverageShsOutDil": 244615000,
        "link": "https://www.sec.gov/Archives/edgar/data/1032033/000162828023004893/0001628280-23-004893-index.htm",
        "finalLink": "https://www.sec.gov/Archives/edgar/data/1032033/000162828023004893/slm-20221231.htm"
    },
    {
        "date": "2022-09-30",
        "symbol": "SLM",
        "reportedCurrency": "USD",
        "cik": "0001032033",
        "fillingDate": "2022-10-26",
        "acceptedDate": "2022-10-26 16:33:10",
        "calendarYear": "2022",
        "period": "Q3",
        "revenue": 257015000,
        "costOfRevenue": 134128000,
        "grossProfit": 330485000,
        "grossProfitRatio": 1.285858802,
        "researchAndDevelopmentExpenses": 0,
        "generalAndAdministrativeExpenses": 69595000,
        "sellingAndMarketingExpenses": 0,
        "sellingGeneralAndAdministrativeExpenses": 69595000,
        "otherExpenses": 140649000,
        "operatingExpenses": 140649000,
        "costAndExpenses": 274777000,
        "interestIncome": 519911000,
        "interestExpense": 150401000,
        "depreciationAndAmortization": 6679000,
        "ebitda": 172778000,
        "ebitdaratio": 0.6722487014,
        "operatingIncome": 187420000,
        "operatingIncomeRatio": 0.729218139,
        "totalOtherIncomeExpensesNet": -68055000,
        "incomeBeforeTax": 104723000,
        "incomeBeforeTaxRatio": 0.4074587086,
        "incomeTaxExpense": 29551000,
        "netIncome": 75172000,
        "netIncomeRatio": 0.2924809836,
        "eps": 0.29,
        "epsdiluted": 0.3,
        "weightedAverageShsOut": 251266000,
        "weightedAverageShsOutDil": 253716000,
        "link": "https://www.sec.gov/Archives/edgar/data/1032033/000162828022027080/0001628280-22-027080-index.htm",
        "finalLink": "https://www.sec.gov/Archives/edgar/data/1032033/000162828022027080/slm-20220930.htm"
    },
    {
        "date": "2022-06-30",
        "symbol": "SLM",
        "reportedCurrency": "USD",
        "cik": "0001032033",
        "fillingDate": "2022-07-27",
        "acceptedDate": "2022-07-27 16:33:00",
        "calendarYear": "2022",
        "period": "Q2",
        "revenue": 590516000,
        "costOfRevenue": 67185000,
        "grossProfit": 553876000,
        "grossProfitRatio": 0.9379525703,
        "researchAndDevelopmentExpenses": 0,
        "generalAndAdministrativeExpenses": 67236000,
        "sellingAndMarketingExpenses": 0,
        "sellingGeneralAndAdministrativeExpenses": 67236000,
        "otherExpenses": 128010000,
        "operatingExpenses": 134147000,
        "costAndExpenses": 250095000,
        "interestIncome": 463031000,
        "interestExpense": 100223000,
        "depreciationAndAmortization": 6717000,
        "ebitda": 500912000,
        "ebitdaratio": 0.8482615204,
        "operatingIncome": 523280000,
        "operatingIncomeRatio": 0.886140257,
        "totalOtherIncomeExpensesNet": 8780000,
        "incomeBeforeTax": 456369000,
        "incomeBeforeTaxRatio": 0.7728308801,
        "incomeTaxExpense": 114296000,
        "netIncome": 340316000,
        "netIncomeRatio": 0.5763027589,
        "eps": 1.3,
        "epsdiluted": 1.29,
        "weightedAverageShsOut": 261333000,
        "weightedAverageShsOutDil": 264122000,
        "link": "https://www.sec.gov/Archives/edgar/data/1032033/000162828022019581/0001628280-22-019581-index.htm",
        "finalLink": "https://www.sec.gov/Archives/edgar/data/1032033/000162828022019581/slm-20220630.htm"
    },
    {
        "date": "2022-03-31",
        "symbol": "SLM",
        "reportedCurrency": "USD",
        "cik": "0001032033",
        "fillingDate": "2022-04-27",
        "acceptedDate": "2022-04-27 16:34:00",
        "calendarYear": "2022",
        "period": "Q1",
        "revenue": 396957000,
        "costOfRevenue": 71981000,
        "grossProfit": 324976000,
        "grossProfitRatio": 0.8186680169,
        "researchAndDevelopmentExpenses": 0,
        "generalAndAdministrativeExpenses": 77665000,
        "sellingAndMarketingExpenses": 0,
        "sellingGeneralAndAdministrativeExpenses": 77665000,
        "otherExpenses": 132006000,
        "operatingExpenses": 132006000,
        "costAndExpenses": 77665000,
        "interestIncome": 465038000,
        "interestExpense": 90006000,
        "depreciationAndAmortization": 4922000,
        "ebitda": 206967000,
        "ebitdaratio": 0.5213839282,
        "operatingIncome": 221242000,
        "operatingIncomeRatio": 0.5573450021,
        "totalOtherIncomeExpensesNet": -55074000,
        "incomeBeforeTax": 166168000,
        "incomeBeforeTaxRatio": 0.418604534,
        "incomeTaxExpense": 37356000,
        "netIncome": 127537000,
        "netIncomeRatio": 0.3212866885,
        "eps": 0.46,
        "epsdiluted": 0.45,
        "weightedAverageShsOut": 276977000,
        "weightedAverageShsOutDil": 280654000,
        "link": "https://www.sec.gov/Archives/edgar/data/1032033/000162828022010813/0001628280-22-010813-index.htm",
        "finalLink": "https://www.sec.gov/Archives/edgar/data/1032033/000162828022010813/slm-20220331.htm"
    },
    {
        "date": "2021-12-31",
        "symbol": "SLM",
        "reportedCurrency": "USD",
        "cik": "0001032033",
        "fillingDate": "2022-02-24",
        "acceptedDate": "2022-02-24 16:33:19",
        "calendarYear": "2021",
        "period": "Q4",
        "revenue": 520111000,
        "costOfRevenue": 57895000,
        "grossProfit": 462216000,
        "grossProfitRatio": 0.8886872225,
        "researchAndDevelopmentExpenses": 0,
        "generalAndAdministrativeExpenses": 63629000,
        "sellingAndMarketingExpenses": 0,
        "sellingGeneralAndAdministrativeExpenses": 63629000,
        "otherExpenses": 125495000,
        "operatingExpenses": 125495000,
        "costAndExpenses": 63629000,
        "interestIncome": 458441000,
        "interestExpense": 91091000,
        "depreciationAndAmortization": 4598000,
        "ebitda": 213185000,
        "ebitdaratio": 0.4098836594,
        "operatingIncome": 460791000,
        "operatingIncomeRatio": 0.8859474228,
        "totalOtherIncomeExpensesNet": 196740000,
        "incomeBeforeTax": 409925000,
        "incomeBeforeTaxRatio": 0.7881490682,
        "incomeTaxExpense": 103660000,
        "netIncome": 305088000,
        "netIncomeRatio": 0.5865824795,
        "eps": 1.06,
        "epsdiluted": 1.05,
        "weightedAverageShsOut": 287828000,
        "weightedAverageShsOutDil": 292756000,
        "link": "https://www.sec.gov/Archives/edgar/data/1032033/000162828022003839/0001628280-22-003839-index.htm",
        "finalLink": "https://www.sec.gov/Archives/edgar/data/1032033/000162828022003839/slm-20211231.htm"
    },
    {
        "date": "2021-09-30",
        "symbol": "SLM",
        "reportedCurrency": "USD",
        "cik": "0001032033",
        "fillingDate": "2021-10-20",
        "acceptedDate": "2021-10-20 16:33:27",
        "calendarYear": "2021",
        "period": "Q3",
        "revenue": 371431000,
        "costOfRevenue": 134128000,
        "grossProfit": 313427000,
        "grossProfitRatio": 0.8438364057,
        "researchAndDevelopmentExpenses": 0,
        "generalAndAdministrativeExpenses": 72750000,
        "sellingAndMarketingExpenses": 0,
        "sellingGeneralAndAdministrativeExpenses": 72750000,
        "otherExpenses": 140649000,
        "operatingExpenses": 140649000,
        "costAndExpenses": 274777000,
        "interestIncome": 447555000,
        "interestExpense": 90037000,
        "depreciationAndAmortization": 3900000,
        "ebitda": 172778000,
        "ebitdaratio": 0.465168497,
        "operatingIncome": 172778000,
        "operatingIncomeRatio": 0.465168497,
        "totalOtherIncomeExpensesNet": -68007000,
        "incomeBeforeTax": 92232000,
        "incomeBeforeTaxRatio": 0.2483152995,
        "incomeTaxExpense": 19392000,
        "netIncome": 72840000,
        "netIncomeRatio": 0.1961064101,
        "eps": 0.24,
        "epsdiluted": 0.24,
        "weightedAverageShsOut": 299890000,
        "weightedAverageShsOutDil": 299890000,
        "link": "https://www.sec.gov/Archives/edgar/data/1032033/000162828021020287/0001628280-21-020287-index.htm",
        "finalLink": "https://www.sec.gov/Archives/edgar/data/1032033/000162828021020287/slm-20210930.htm"
    },
    {
        "date": "2021-06-30",
        "symbol": "SLM",
        "reportedCurrency": "USD",
        "cik": "0001032033",
        "fillingDate": "2021-07-21",
        "acceptedDate": "2021-07-21 16:33:03",
        "calendarYear": "2021",
        "period": "Q2",
        "revenue": 434690000,
        "costOfRevenue": 122085000,
        "grossProfit": 312605000,
        "grossProfitRatio": 0.7191446778,
        "researchAndDevelopmentExpenses": 0,
        "generalAndAdministrativeExpenses": 68541000,
        "sellingAndMarketingExpenses": 0,
        "sellingGeneralAndAdministrativeExpenses": 68541000,
        "otherExpenses": 128010000,
        "operatingExpenses": 128010000,
        "costAndExpenses": 250095000,
        "interestIncome": 434690000,
        "interestExpense": 95906000,
        "depreciationAndAmortization": 3830000,
        "ebitda": 184595000,
        "ebitdaratio": 0.4246589524,
        "operatingIncome": 184595000,
        "operatingIncomeRatio": 0.4246589524,
        "totalOtherIncomeExpensesNet": -59539000,
        "incomeBeforeTax": 193375000,
        "incomeBeforeTaxRatio": 0.4448572546,
        "incomeTaxExpense": 53174000,
        "netIncome": 139009000,
        "netIncomeRatio": 0.319788815,
        "eps": 0.45,
        "epsdiluted": 0.44,
        "weightedAverageShsOut": 317119000,
        "weightedAverageShsOutDil": 317119000,
        "link": "https://www.sec.gov/Archives/edgar/data/1032033/000162828021014164/0001628280-21-014164-index.htm",
        "finalLink": "https://www.sec.gov/Archives/edgar/data/1032033/000162828021014164/slm-20210630.htm"
    },
    {
        "date": "2021-03-31",
        "symbol": "SLM",
        "reportedCurrency": "USD",
        "cik": "0001032033",
        "fillingDate": "2021-04-21",
        "acceptedDate": "2021-04-21 16:34:39",
        "calendarYear": "2021",
        "period": "Q1",
        "revenue": 833425000,
        "costOfRevenue": 119311000,
        "grossProfit": 625230000,
        "grossProfitRatio": 0.7501934787,
        "researchAndDevelopmentExpenses": 0,
        "generalAndAdministrativeExpenses": 76769000,
        "sellingAndMarketingExpenses": 0,
        "sellingGeneralAndAdministrativeExpenses": 76769000,
        "otherExpenses": 124499000,
        "operatingExpenses": 124499000,
        "costAndExpenses": 243810000,
        "interestIncome": 436158000,
        "interestExpense": 105044000,
        "depreciationAndAmortization": 3715000,
        "ebitda": 192348000,
        "ebitdaratio": 0.2307922129,
        "operatingIncome": 893539000,
        "operatingIncomeRatio": 1.0721288658,
        "totalOtherIncomeExpensesNet": 652384000,
        "incomeBeforeTax": 844732000,
        "incomeBeforeTaxRatio": 1.0135669076,
        "incomeTaxExpense": 203525000,
        "netIncome": 640006000,
        "netIncomeRatio": 0.7679227285,
        "eps": 1.78,
        "epsdiluted": 1.75,
        "weightedAverageShsOut": 361042000,
        "weightedAverageShsOutDil": 366240000,
        "link": "https://www.sec.gov/Archives/edgar/data/1032033/000162828021007286/0001628280-21-007286-index.htm",
        "finalLink": "https://www.sec.gov/Archives/edgar/data/1032033/000162828021007286/slm-20210331.htm"
    },
    {
        "date": "2020-12-31",
        "symbol": "SLM",
        "reportedCurrency": "USD",
        "cik": "0001032033",
        "fillingDate": "2021-02-25",
        "acceptedDate": "2021-02-25 16:20:30",
        "calendarYear": "2020",
        "period": "Q4",
        "revenue": 684172000,
        "costOfRevenue": 78016000,
        "grossProfit": 367469000,
        "grossProfitRatio": 0.5371003198,
        "researchAndDevelopmentExpenses": 0,
        "generalAndAdministrativeExpenses": 67532000,
        "sellingAndMarketingExpenses": 0,
        "sellingGeneralAndAdministrativeExpenses": 67532000,
        "otherExpenses": 299937000,
        "operatingExpenses": -236921000,
        "costAndExpenses": -236921000,
        "interestIncome": 479555000,
        "interestExpense": 113018000,
        "depreciationAndAmortization": 3680000,
        "ebitda": 599344000,
        "ebitdaratio": 0.876013634,
        "operatingIncome": 616640000,
        "operatingIncomeRatio": 0.9012938267,
        "totalOtherIncomeExpensesNet": -56630000,
        "incomeBeforeTax": 560010000,
        "incomeBeforeTaxRatio": 0.8185222429,
        "incomeTaxExpense": 127310000,
        "netIncome": 430966000,
        "netIncomeRatio": 0.6299088533,
        "eps": 1.15,
        "epsdiluted": 1.14,
        "weightedAverageShsOut": 375120000,
        "weightedAverageShsOutDil": 380653000,
        "link": "https://www.sec.gov/Archives/edgar/data/1032033/000162828021003299/0001628280-21-003299-index.htm",
        "finalLink": "https://www.sec.gov/Archives/edgar/data/1032033/000162828021003299/slm-20201231.htm"
    },
    {
        "date": "2020-09-30",
        "symbol": "SLM",
        "reportedCurrency": "USD",
        "cik": "0001032033",
        "fillingDate": "2020-10-21",
        "acceptedDate": "2020-10-21 16:33:02",
        "calendarYear": "2020",
        "period": "Q3",
        "revenue": 482378000,
        "costOfRevenue": 87209000,
        "grossProfit": 248159000,
        "grossProfitRatio": 0.5144492493,
        "researchAndDevelopmentExpenses": 0,
        "generalAndAdministrativeExpenses": 64198000,
        "sellingAndMarketingExpenses": 0,
        "sellingGeneralAndAdministrativeExpenses": 64198000,
        "otherExpenses": 309996000,
        "operatingExpenses": 374194000,
        "costAndExpenses": 253525000,
        "interestIncome": 482378000,
        "interestExpense": 117811000,
        "depreciationAndAmortization": 3709000,
        "ebitda": 228853000,
        "ebitdaratio": 0.4744266944,
        "operatingIncome": 313636000,
        "operatingIncomeRatio": 0.6501871976,
        "totalOtherIncomeExpensesNet": -87419000,
        "incomeBeforeTax": 226217000,
        "incomeBeforeTaxRatio": 0.4689621003,
        "incomeTaxExpense": 55189000,
        "netIncome": 171028000,
        "netIncomeRatio": 0.3545518245,
        "eps": 0.45,
        "epsdiluted": 0.45,
        "weightedAverageShsOut": 375094000,
        "weightedAverageShsOutDil": 377918000,
        "link": "https://www.sec.gov/Archives/edgar/data/1032033/000162828020014656/0001628280-20-014656-index.htm",
        "finalLink": "https://www.sec.gov/Archives/edgar/data/1032033/000162828020014656/slm-20200930.htm"
    },
    {
        "date": "2020-06-30",
        "symbol": "SLM",
        "reportedCurrency": "USD",
        "cik": "0001032033",
        "fillingDate": "2020-07-22",
        "acceptedDate": "2020-07-22 16:34:17",
        "calendarYear": "2020",
        "period": "Q2",
        "revenue": 377569000,
        "costOfRevenue": 61946000,
        "grossProfit": 315623000,
        "grossProfitRatio": 0.8359346239,
        "researchAndDevelopmentExpenses": 0,
        "generalAndAdministrativeExpenses": 79611000,
        "sellingAndMarketingExpenses": 0,
        "sellingGeneralAndAdministrativeExpenses": 79611000,
        "otherExpenses": 286627000,
        "operatingExpenses": 366238000,
        "costAndExpenses": 366238000,
        "interestIncome": 484795000,
        "interestExpense": 136020000,
        "depreciationAndAmortization": 3822000,
        "ebitda": 0,
        "ebitdaratio": 0,
        "operatingIncome": 20145000,
        "operatingIncomeRatio": 0.0533544862,
        "totalOtherIncomeExpensesNet": -50946000,
        "incomeBeforeTax": -115875000,
        "incomeBeforeTaxRatio": -0.3068975472,
        "incomeTaxExpense": -30664000,
        "netIncome": -85211000,
        "netIncomeRatio": -0.2256832526,
        "eps": -0.23,
        "epsdiluted": -0.23,
        "weightedAverageShsOut": 375009000,
        "weightedAverageShsOutDil": 375009000,
        "link": "https://www.sec.gov/Archives/edgar/data/1032033/000162828020010548/0001628280-20-010548-index.htm",
        "finalLink": "https://www.sec.gov/Archives/edgar/data/1032033/000162828020010548/slm-20200630.htm"
    },
    {
        "date": "2020-03-31",
        "symbol": "SLM",
        "reportedCurrency": "USD",
        "cik": "0001032033",
        "fillingDate": "2020-04-22",
        "acceptedDate": "2020-04-22 16:39:24",
        "calendarYear": "2020",
        "period": "Q1",
        "revenue": 692210000,
        "costOfRevenue": 54186000,
        "grossProfit": 638024000,
        "grossProfitRatio": 0.9217202872,
        "researchAndDevelopmentExpenses": 0,
        "generalAndAdministrativeExpenses": 93112000,
        "sellingAndMarketingExpenses": 0,
        "sellingGeneralAndAdministrativeExpenses": 93112000,
        "otherExpenses": 289888000,
        "operatingExpenses": 383000000,
        "costAndExpenses": 437186000,
        "interestIncome": 574933000,
        "interestExpense": 174817000,
        "depreciationAndAmortization": 3855000,
        "ebitda": 487509000,
        "ebitdaratio": 0.7042790483,
        "operatingIncome": 537840000,
        "operatingIncomeRatio": 0.7769896419,
        "totalOtherIncomeExpensesNet": 0,
        "incomeBeforeTax": 483654000,
        "incomeBeforeTaxRatio": 0.6987099291,
        "incomeTaxExpense": 121481000,
        "netIncome": 358709000,
        "netIncomeRatio": 0.5182083472,
        "eps": 0.88,
        "epsdiluted": 0.87,
        "weightedAverageShsOut": 409786000,
        "weightedAverageShsOutDil": 412755000,
        "link": "https://www.sec.gov/Archives/edgar/data/1032033/000162828020005290/0001628280-20-005290-index.htm",
        "finalLink": "https://www.sec.gov/Archives/edgar/data/1032033/000162828020005290/slm-20200331.htm"
    },
    {
        "date": "2019-12-31",
        "symbol": "SLM",
        "reportedCurrency": "USD",
        "cik": "0001032033",
        "fillingDate": "2020-02-28",
        "acceptedDate": "2020-02-28 16:33:49",
        "calendarYear": "2019",
        "period": "Q4",
        "revenue": 593734000,
        "costOfRevenue": 145588000,
        "grossProfit": 317697000,
        "grossProfitRatio": 0.5350830507,
        "researchAndDevelopmentExpenses": 0,
        "generalAndAdministrativeExpenses": 77080000,
        "sellingAndMarketingExpenses": 0,
        "sellingGeneralAndAdministrativeExpenses": 77080000,
        "otherExpenses": 338175000,
        "operatingExpenses": 415255000,
        "costAndExpenses": 77080000,
        "interestIncome": 600466000,
        "interestExpense": 181365000,
        "depreciationAndAmortization": 3819000,
        "ebitda": 179837000,
        "ebitdaratio": 0.3028915306,
        "operatingIncome": 240617000,
        "operatingIncomeRatio": 0.4052606049,
        "totalOtherIncomeExpensesNet": -64599000,
        "incomeBeforeTax": 176018000,
        "incomeBeforeTaxRatio": 0.2964593572,
        "incomeTaxExpense": 34666000,
        "netIncome": 137467000,
        "netIncomeRatio": 0.2315296075,
        "eps": 0.34,
        "epsdiluted": 0.33,
        "weightedAverageShsOut": 421346000,
        "weightedAverageShsOutDil": 425042000,
        "link": "https://www.sec.gov/Archives/edgar/data/1032033/000162828020002579/0001628280-20-002579-index.htm",
        "finalLink": "https://www.sec.gov/Archives/edgar/data/1032033/000162828020002579/a2019form10-k.htm"
    },
    {
        "date": "2019-09-30",
        "symbol": "SLM",
        "reportedCurrency": "USD",
        "cik": "0001032033",
        "fillingDate": "2019-10-23",
        "acceptedDate": "2019-10-23 16:37:18",
        "calendarYear": "2019",
        "period": "Q3",
        "revenue": 422306000,
        "costOfRevenue": 79827000,
        "grossProfit": 342479000,
        "grossProfitRatio": 0.8109735595,
        "researchAndDevelopmentExpenses": 0,
        "generalAndAdministrativeExpenses": 73794000,
        "sellingAndMarketingExpenses": 0,
        "sellingGeneralAndAdministrativeExpenses": 73794000,
        "otherExpenses": 348512000,
        "operatingExpenses": 438000000,
        "costAndExpenses": 73794000,
        "interestIncome": 590391000,
        "interestExpense": 185326000,
        "depreciationAndAmortization": 3882000,
        "ebitda": 173041000,
        "ebitdaratio": 0.4097526438,
        "operatingIncome": 248986000,
        "operatingIncomeRatio": 0.5895866978,
        "totalOtherIncomeExpensesNet": 0,
        "incomeBeforeTax": 169159000,
        "incomeBeforeTaxRatio": 0.4005602573,
        "incomeTaxExpense": 40701000,
        "netIncome": 124305000,
        "netIncomeRatio": 0.2943481741,
        "eps": 0.3,
        "epsdiluted": 0.3,
        "weightedAverageShsOut": 442959000,
        "weightedAverageShsOutDil": 427336000,
        "link": "https://www.sec.gov/Archives/edgar/data/1032033/000162828019012502/0001628280-19-012502-index.htm",
        "finalLink": "https://www.sec.gov/Archives/edgar/data/1032033/000162828019012502/slm-3q201910xq.htm"
    },
    {
        "date": "2019-06-30",
        "symbol": "SLM",
        "reportedCurrency": "USD",
        "cik": "0001032033",
        "fillingDate": "2019-07-24",
        "acceptedDate": "2019-07-24 16:36:14",
        "calendarYear": "2019",
        "period": "Q2",
        "revenue": 416259000,
        "costOfRevenue": 64955000,
        "grossProfit": 351304000,
        "grossProfitRatio": 0.8439553259,
        "researchAndDevelopmentExpenses": 0,
        "generalAndAdministrativeExpenses": 73851000,
        "sellingAndMarketingExpenses": 0,
        "sellingGeneralAndAdministrativeExpenses": 73851000,
        "otherExpenses": 335149000,
        "operatingExpenses": 409000000,
        "costAndExpenses": 73851000,
        "interestIncome": 573722000,
        "interestExpense": 176854000,
        "depreciationAndAmortization": 3382000,
        "ebitda": 187460000,
        "ebitdaratio": 0.4503446172,
        "operatingIncome": 249033000,
        "operatingIncomeRatio": 0.598264542,
        "totalOtherIncomeExpensesNet": 0,
        "incomeBeforeTax": 184078000,
        "incomeBeforeTaxRatio": 0.4422198679,
        "incomeTaxExpense": 33801000,
        "netIncome": 145946000,
        "netIncomeRatio": 0.3506134402,
        "eps": 0.35,
        "epsdiluted": 0.35,
        "weightedAverageShsOut": 429278000,
        "weightedAverageShsOutDil": 432253000,
        "link": "https://www.sec.gov/Archives/edgar/data/1032033/000162828019008968/0001628280-19-008968-index.htm",
        "finalLink": "https://www.sec.gov/Archives/edgar/data/1032033/000162828019008968/slm-2q201910xq.htm"
    },
    {
        "date": "2019-03-31",
        "symbol": "SLM",
        "reportedCurrency": "USD",
        "cik": "0001032033",
        "fillingDate": "2019-04-17",
        "acceptedDate": "2019-04-17 16:31:51",
        "calendarYear": "2019",
        "period": "Q1",
        "revenue": 418422000,
        "costOfRevenue": 53791000,
        "grossProfit": 364631000,
        "grossProfitRatio": 0.8714431842,
        "researchAndDevelopmentExpenses": 0,
        "generalAndAdministrativeExpenses": 86356000,
        "sellingAndMarketingExpenses": 0,
        "sellingGeneralAndAdministrativeExpenses": 86356000,
        "otherExpenses": 281644000,
        "operatingExpenses": 368000000,
        "costAndExpenses": 86356000,
        "interestIncome": 566453000,
        "interestExpense": 164172000,
        "depreciationAndAmortization": 3586000,
        "ebitda": 218071000,
        "ebitdaratio": 0.5211747948,
        "operatingIncome": 268276000,
        "operatingIncomeRatio": 0.6411613156,
        "totalOtherIncomeExpensesNet": 0,
        "incomeBeforeTax": 214485000,
        "incomeBeforeTaxRatio": 0.5126044998,
        "incomeTaxExpense": 56296000,
        "netIncome": 153721000,
        "netIncomeRatio": 0.3673826902,
        "eps": 0.36,
        "epsdiluted": 0.36,
        "weightedAverageShsOut": 434574000,
        "weightedAverageShsOutDil": 438248000,
        "link": "https://www.sec.gov/Archives/edgar/data/1032033/000162828019004378/0001628280-19-004378-index.htm",
        "finalLink": "https://www.sec.gov/Archives/edgar/data/1032033/000162828019004378/slm-1q_2019x10xq.htm"
    },
    {
        "date": "2018-12-31",
        "symbol": "SLM",
        "reportedCurrency": "USD",
        "cik": "0001032033",
        "fillingDate": "2019-02-28",
        "acceptedDate": "2019-02-28 16:38:47",
        "calendarYear": "2018",
        "period": "Q4",
        "revenue": 337932000,
        "costOfRevenue": 200642000,
        "grossProfit": 337932000,
        "grossProfitRatio": 1,
        "researchAndDevelopmentExpenses": 0,
        "generalAndAdministrativeExpenses": 68377000,
        "sellingAndMarketingExpenses": 0,
        "sellingGeneralAndAdministrativeExpenses": 68377000,
        "otherExpenses": 290623000,
        "operatingExpenses": 359000000,
        "costAndExpenses": 68377000,
        "interestIncome": 538213000,
        "interestExpense": 155346000,
        "depreciationAndAmortization": 3576000,
        "ebitda": 0,
        "ebitdaratio": 0,
        "operatingIncome": 269555000,
        "operatingIncomeRatio": 0.7976604761,
        "totalOtherIncomeExpensesNet": 0,
        "incomeBeforeTax": 191961000,
        "incomeBeforeTaxRatio": 0.5680462342,
        "incomeTaxExpense": 44449000,
        "netIncome": 143313000,
        "netIncomeRatio": 0.4240882781,
        "eps": 0.34,
        "epsdiluted": 0.33,
        "weightedAverageShsOut": 435586000,
        "weightedAverageShsOutDil": 440264000,
        "link": "https://www.sec.gov/Archives/edgar/data/1032033/000162828019002283/0001628280-19-002283-index.htm",
        "finalLink": "https://www.sec.gov/Archives/edgar/data/1032033/000162828019002283/a2018form10-k.htm"
    },
    {
        "date": "2018-09-30",
        "symbol": "SLM",
        "reportedCurrency": "USD",
        "cik": "0001032033",
        "fillingDate": "2018-10-22",
        "acceptedDate": "2018-10-22 17:21:35",
        "calendarYear": "2018",
        "period": "Q3",
        "revenue": 270982000,
        "costOfRevenue": 79236000,
        "grossProfit": 191746000,
        "grossProfitRatio": 0.7075968145,
        "researchAndDevelopmentExpenses": 0,
        "generalAndAdministrativeExpenses": 71396000,
        "sellingAndMarketingExpenses": 0,
        "sellingGeneralAndAdministrativeExpenses": 71396000,
        "otherExpenses": 199586000,
        "operatingExpenses": 270982000,
        "costAndExpenses": 270982000,
        "interestIncome": 497597000,
        "interestExpense": 140964000,
        "depreciationAndAmortization": 3594000,
        "ebitda": 0,
        "ebitdaratio": 0,
        "operatingIncome": 129539000,
        "operatingIncomeRatio": 0.4780354415,
        "totalOtherIncomeExpensesNet": -79328000,
        "incomeBeforeTax": 50211000,
        "incomeBeforeTaxRatio": 0.1852927501,
        "incomeTaxExpense": -53667000,
        "netIncome": 99754000,
        "netIncomeRatio": 0.3681203918,
        "eps": 0.24,
        "epsdiluted": 0.24,
        "weightedAverageShsOut": 435468000,
        "weightedAverageShsOutDil": 440019000,
        "link": "https://www.sec.gov/Archives/edgar/data/1032033/000162828018012761/0001628280-18-012761-index.htm",
        "finalLink": "https://www.sec.gov/Archives/edgar/data/1032033/000162828018012761/slm-3q201810xq.htm"
    },
    {
        "date": "2018-06-30",
        "symbol": "SLM",
        "reportedCurrency": "USD",
        "cik": "0001032033",
        "fillingDate": "2018-07-24",
        "acceptedDate": "2018-07-24 16:34:15",
        "calendarYear": "2018",
        "period": "Q2",
        "revenue": 348488000,
        "costOfRevenue": 66977000,
        "grossProfit": 281511000,
        "grossProfitRatio": 0.8078068685,
        "researchAndDevelopmentExpenses": 0,
        "generalAndAdministrativeExpenses": 68246000,
        "sellingAndMarketingExpenses": 0,
        "sellingGeneralAndAdministrativeExpenses": 68246000,
        "otherExpenses": 251754000,
        "operatingExpenses": 320000000,
        "costAndExpenses": 348488000,
        "interestIncome": 462311000,
        "interestExpense": 121361000,
        "depreciationAndAmortization": 3450000,
        "ebitda": 260111000,
        "ebitdaratio": 0.7463987282,
        "operatingIncome": 216975000,
        "operatingIncomeRatio": 0.6226182824,
        "totalOtherIncomeExpensesNet": -67069000,
        "incomeBeforeTax": 149906000,
        "incomeBeforeTaxRatio": 0.4301611533,
        "incomeTaxExpense": 40074000,
        "netIncome": 105912000,
        "netIncomeRatio": 0.3039186428,
        "eps": 0.25,
        "epsdiluted": 0.25,
        "weightedAverageShsOut": 435187000,
        "weightedAverageShsOutDil": 439445000,
        "link": "https://www.sec.gov/Archives/edgar/data/1032033/000162828018009560/0001628280-18-009560-index.htm",
        "finalLink": "https://www.sec.gov/Archives/edgar/data/1032033/000162828018009560/slm-2q_2018x10xq.htm"
    },
    {
        "date": "2018-03-31",
        "symbol": "SLM",
        "reportedCurrency": "USD",
        "cik": "0001032033",
        "fillingDate": "2018-04-23",
        "acceptedDate": "2018-04-23 16:36:28",
        "calendarYear": "2018",
        "period": "Q1",
        "revenue": 346148000,
        "costOfRevenue": 47761000,
        "grossProfit": 298387000,
        "grossProfitRatio": 0.8620214475,
        "researchAndDevelopmentExpenses": 0,
        "generalAndAdministrativeExpenses": 77113000,
        "sellingAndMarketingExpenses": 0,
        "sellingGeneralAndAdministrativeExpenses": 77113000,
        "otherExpenses": 206887000,
        "operatingExpenses": 284000000,
        "costAndExpenses": 346148000,
        "interestIncome": 437231000,
        "interestExpense": 104617000,
        "depreciationAndAmortization": 92000,
        "ebitda": 197621000,
        "ebitdaratio": 0.5709147532,
        "operatingIncome": 215104000,
        "operatingIncomeRatio": 0.6214220507,
        "totalOtherIncomeExpensesNet": -47853000,
        "incomeBeforeTax": 167251000,
        "incomeBeforeTaxRatio": 0.4831777159,
        "incomeTaxExpense": 40997000,
        "netIncome": 122857000,
        "netIncomeRatio": 0.3549262165,
        "eps": 0.29,
        "epsdiluted": 0.29,
        "weightedAverageShsOut": 433952000,
        "weightedAverageShsOutDil": 433952000,
        "link": "https://www.sec.gov/Archives/edgar/data/1032033/000162828018004888/0001628280-18-004888-index.htm",
        "finalLink": "https://www.sec.gov/Archives/edgar/data/1032033/000162828018004888/slm-1q_2018x10xq.htm"
    },
    {
        "date": "2017-12-31",
        "symbol": "SLM",
        "reportedCurrency": "USD",
        "cik": "0001032033",
        "fillingDate": "2018-02-23",
        "acceptedDate": "2018-02-23 16:32:25",
        "calendarYear": "2017",
        "period": "Q4",
        "revenue": 231861000,
        "costOfRevenue": 129090000,
        "grossProfit": 231861000,
        "grossProfitRatio": 1,
        "researchAndDevelopmentExpenses": 0,
        "generalAndAdministrativeExpenses": 63269000,
        "sellingAndMarketingExpenses": 0,
        "sellingGeneralAndAdministrativeExpenses": 63269000,
        "otherExpenses": 201731000,
        "operatingExpenses": 265000000,
        "costAndExpenses": 63269000,
        "interestIncome": 399496000,
        "interestExpense": 90305000,
        "depreciationAndAmortization": 118000,
        "ebitda": 116288000,
        "ebitdaratio": 0.5015418721,
        "operatingIncome": 168592000,
        "operatingIncomeRatio": 0.7271253035,
        "totalOtherIncomeExpensesNet": -55399000,
        "incomeBeforeTax": 113193000,
        "incomeBeforeTaxRatio": 0.4881933572,
        "incomeTaxExpense": 66190000,
        "netIncome": 43866000,
        "netIncomeRatio": 0.1891909377,
        "eps": 0.11,
        "epsdiluted": 0.11,
        "weightedAverageShsOut": 431980000,
        "weightedAverageShsOutDil": 438932000,
        "link": "https://www.sec.gov/Archives/edgar/data/1032033/000162828018002138/0001628280-18-002138-index.htm",
        "finalLink": "https://www.sec.gov/Archives/edgar/data/1032033/000162828018002138/a2017form10-k1.htm"
    },
    {
        "date": "2017-09-30",
        "symbol": "SLM",
        "reportedCurrency": "USD",
        "cik": "0001032033",
        "fillingDate": "2017-10-18",
        "acceptedDate": "2017-10-18 16:39:10",
        "calendarYear": "2017",
        "period": "Q3",
        "revenue": 288177000,
        "costOfRevenue": 57464000,
        "grossProfit": 230713000,
        "grossProfitRatio": 0.8005947734,
        "researchAndDevelopmentExpenses": 0,
        "generalAndAdministrativeExpenses": 58678000,
        "sellingAndMarketingExpenses": 0,
        "sellingGeneralAndAdministrativeExpenses": 58678000,
        "otherExpenses": 196322000,
        "operatingExpenses": 255000000,
        "costAndExpenses": 173606000,
        "interestIncome": 366224000,
        "interestExpense": 84163000,
        "depreciationAndAmortization": 2946000,
        "ebitda": 192618000,
        "ebitdaratio": 0.6684017114,
        "operatingIncome": 174569000,
        "operatingIncomeRatio": 0.6057700649,
        "totalOtherIncomeExpensesNet": -57581000,
        "incomeBeforeTax": 116988000,
        "incomeBeforeTaxRatio": 0.4059588378,
        "incomeTaxExpense": 40617000,
        "netIncome": 73343000,
        "netIncomeRatio": 0.2545067788,
        "eps": 0.18,
        "epsdiluted": 0.17,
        "weightedAverageShsOut": 431718000,
        "weightedAverageShsOutDil": 438419000,
        "link": "https://www.sec.gov/Archives/edgar/data/1032033/000162828017009947/0001628280-17-009947-index.htm",
        "finalLink": "https://www.sec.gov/Archives/edgar/data/1032033/000162828017009947/slm-3q_2017x10xq.htm"
    },
    {
        "date": "2017-06-30",
        "symbol": "SLM",
        "reportedCurrency": "USD",
        "cik": "0001032033",
        "fillingDate": "2017-07-19",
        "acceptedDate": "2017-07-19 16:34:03",
        "calendarYear": "2017",
        "period": "Q2",
        "revenue": 276913000,
        "costOfRevenue": 53622000,
        "grossProfit": 223291000,
        "grossProfitRatio": 0.8063579536,
        "researchAndDevelopmentExpenses": 0,
        "generalAndAdministrativeExpenses": 57629000,
        "sellingAndMarketingExpenses": 0,
        "sellingGeneralAndAdministrativeExpenses": 57629000,
        "otherExpenses": 176371000,
        "operatingExpenses": 234000000,
        "costAndExpenses": 164873000,
        "interestIncome": 342095000,
        "interestExpense": 72202000,
        "depreciationAndAmortization": 2897000,
        "ebitda": 177222000,
        "ebitdaratio": 0.6399916219,
        "operatingIncome": 169069000,
        "operatingIncomeRatio": 0.6105491617,
        "totalOtherIncomeExpensesNet": -53739000,
        "incomeBeforeTax": 115330000,
        "incomeBeforeTaxRatio": 0.4164845999,
        "incomeTaxExpense": 44713000,
        "netIncome": 66643000,
        "netIncomeRatio": 0.2406640353,
        "eps": 0.16,
        "epsdiluted": 0.16,
        "weightedAverageShsOut": 431245000,
        "weightedAverageShsOutDil": 431245000,
        "link": "https://www.sec.gov/Archives/edgar/data/1032033/000162828017007135/0001628280-17-007135-index.htm",
        "finalLink": "https://www.sec.gov/Archives/edgar/data/1032033/000162828017007135/slm-2q_2017x10xq.htm"
    },
    {
        "date": "2017-03-31",
        "symbol": "SLM",
        "reportedCurrency": "USD",
        "cik": "0001032033",
        "fillingDate": "2017-04-19",
        "acceptedDate": "2017-04-19 16:34:38",
        "calendarYear": "2017",
        "period": "Q1",
        "revenue": 274044000,
        "costOfRevenue": 39984000,
        "grossProfit": 234060000,
        "grossProfitRatio": 0.8540964225,
        "researchAndDevelopmentExpenses": 0,
        "generalAndAdministrativeExpenses": 62693000,
        "sellingAndMarketingExpenses": 0,
        "sellingGeneralAndAdministrativeExpenses": 62693000,
        "otherExpenses": 126307000,
        "operatingExpenses": 189000000,
        "costAndExpenses": 142661000,
        "interestIncome": 329488000,
        "interestExpense": 61412000,
        "depreciationAndAmortization": 2702000,
        "ebitda": 186827000,
        "ebitdaratio": 0.6817408883,
        "operatingIncome": 186827000,
        "operatingIncomeRatio": 0.6817408883,
        "totalOtherIncomeExpensesNet": -40101000,
        "incomeBeforeTax": 145954000,
        "incomeBeforeTaxRatio": 0.5325933062,
        "incomeTaxExpense": 51011000,
        "netIncome": 89368000,
        "netIncomeRatio": 0.3261082162,
        "eps": 0.22,
        "epsdiluted": 0.22,
        "weightedAverageShsOut": 429891000,
        "weightedAverageShsOutDil": 429891000,
        "link": "https://www.sec.gov/Archives/edgar/data/1032033/000162828017003920/0001628280-17-003920-index.htm",
        "finalLink": "https://www.sec.gov/Archives/edgar/data/1032033/000162828017003920/slm-1q_2017x10xq.htm"
    },
    {
        "date": "2016-12-31",
        "symbol": "SLM",
        "reportedCurrency": "USD",
        "cik": "0001032033",
        "fillingDate": "2017-02-24",
        "acceptedDate": "2017-02-24 16:32:07",
        "calendarYear": "2016",
        "period": "Q4",
        "revenue": 309364000,
        "costOfRevenue": 93633000,
        "grossProfit": 211559000,
        "grossProfitRatio": 0.6838513854,
        "researchAndDevelopmentExpenses": 0,
        "generalAndAdministrativeExpenses": 50998000,
        "sellingAndMarketingExpenses": 0,
        "sellingGeneralAndAdministrativeExpenses": 50998000,
        "otherExpenses": 146002000,
        "operatingExpenses": 197000000,
        "costAndExpenses": 197000000,
        "interestIncome": 300013000,
        "interestExpense": 54579000,
        "depreciationAndAmortization": 2855000,
        "ebitda": 116219000,
        "ebitdaratio": 0.3756707309,
        "operatingIncome": 160561000,
        "operatingIncomeRatio": 0.519003504,
        "totalOtherIncomeExpensesNet": -47197000,
        "incomeBeforeTax": 113364000,
        "incomeBeforeTaxRatio": 0.36644212,
        "incomeTaxExpense": 43122000,
        "netIncome": 64736000,
        "netIncomeRatio": 0.2092551169,
        "eps": 0.16,
        "epsdiluted": 0.16,
        "weightedAverageShsOut": 428368000,
        "weightedAverageShsOutDil": 435419000,
        "link": "https://www.sec.gov/Archives/edgar/data/1032033/000162828017001725/0001628280-17-001725-index.htm",
        "finalLink": "https://www.sec.gov/Archives/edgar/data/1032033/000162828017001725/a2016form10-k2.htm"
    },
    {
        "date": "2016-09-30",
        "symbol": "SLM",
        "reportedCurrency": "USD",
        "cik": "0001032033",
        "fillingDate": "2016-10-19",
        "acceptedDate": "2016-10-19 16:34:43",
        "calendarYear": "2016",
        "period": "Q3",
        "revenue": 295710000,
        "costOfRevenue": 51234000,
        "grossProfit": 195007000,
        "grossProfitRatio": 0.6594535187,
        "researchAndDevelopmentExpenses": 0,
        "generalAndAdministrativeExpenses": 48475000,
        "sellingAndMarketingExpenses": 0,
        "sellingGeneralAndAdministrativeExpenses": 48475000,
        "otherExpenses": 142525000,
        "operatingExpenses": 191000000,
        "costAndExpenses": 150943000,
        "interestIncome": 272537000,
        "interestExpense": 49262000,
        "depreciationAndAmortization": 5087000,
        "ebitda": 109349000,
        "ebitdaratio": 0.3697845863,
        "operatingIncome": 121594000,
        "operatingIncomeRatio": 0.4111933989,
        "totalOtherIncomeExpensesNet": -51460000,
        "incomeBeforeTax": 104522000,
        "incomeBeforeTaxRatio": 0.3534611613,
        "incomeTaxExpense": 47557000,
        "netIncome": 51649000,
        "netIncomeRatio": 0.1746609854,
        "eps": 0.13,
        "epsdiluted": 0.13,
        "weightedAverageShsOut": 428077000,
        "weightedAverageShsOutDil": 433523000,
        "link": "https://www.sec.gov/Archives/edgar/data/1032033/000162828016020138/0001628280-16-020138-index.htm",
        "finalLink": "https://www.sec.gov/Archives/edgar/data/1032033/000162828016020138/slm-3q_2016x10xq.htm"
    },
    {
        "date": "2016-06-30",
        "symbol": "SLM",
        "reportedCurrency": "USD",
        "cik": "0001032033",
        "fillingDate": "2016-07-20",
        "acceptedDate": "2016-07-20 16:34:33",
        "calendarYear": "2016",
        "period": "Q2",
        "revenue": 255241000,
        "costOfRevenue": 94777000,
        "grossProfit": 133814000,
        "grossProfitRatio": 0.5242653022,
        "researchAndDevelopmentExpenses": 0,
        "generalAndAdministrativeExpenses": 48847000,
        "sellingAndMarketingExpenses": 0,
        "sellingGeneralAndAdministrativeExpenses": 44570000,
        "otherExpenses": 134430000,
        "operatingExpenses": 179000000,
        "costAndExpenses": 189554000,
        "interestIncome": 255241000,
        "interestExpense": 42475000,
        "depreciationAndAmortization": 192000,
        "ebitda": 0,
        "ebitdaratio": 0,
        "operatingIncome": 65687000,
        "operatingIncomeRatio": 0.2573528548,
        "totalOtherIncomeExpensesNet": 26073000,
        "incomeBeforeTax": 91760000,
        "incomeBeforeTaxRatio": 0.3595033713,
        "incomeTaxExpense": 34555000,
        "netIncome": 51962000,
        "netIncomeRatio": 0.2035801458,
        "eps": 0.13,
        "epsdiluted": 0.13,
        "weightedAverageShsOut": 427942000,
        "weightedAverageShsOutDil": 431796000,
        "link": "https://www.sec.gov/Archives/edgar/data/1032033/000162828016017673/0001628280-16-017673-index.htm",
        "finalLink": "https://www.sec.gov/Archives/edgar/data/1032033/000162828016017673/slm-2q_2016x10xq.htm"
    },
    {
        "date": "2016-03-31",
        "symbol": "SLM",
        "reportedCurrency": "USD",
        "cik": "0001032033",
        "fillingDate": "2016-04-20",
        "acceptedDate": "2016-04-20 16:47:06",
        "calendarYear": "2016",
        "period": "Q1",
        "revenue": 249455000,
        "costOfRevenue": 92885000,
        "grossProfit": 137652000,
        "grossProfitRatio": 0.5518109479,
        "researchAndDevelopmentExpenses": 0,
        "generalAndAdministrativeExpenses": 54385000,
        "sellingAndMarketingExpenses": 0,
        "sellingGeneralAndAdministrativeExpenses": 50209000,
        "otherExpenses": 114791000,
        "operatingExpenses": 165000000,
        "costAndExpenses": 185770000,
        "interestIncome": 249455000,
        "interestExpense": 39592000,
        "depreciationAndAmortization": 260000,
        "ebitda": 0,
        "ebitdaratio": 0,
        "operatingIncome": 63685000,
        "operatingIncomeRatio": 0.2552965465,
        "totalOtherIncomeExpensesNet": 41105000,
        "incomeBeforeTax": 104790000,
        "incomeBeforeTaxRatio": 0.4200757652,
        "incomeTaxExpense": 38875000,
        "netIncome": 65915000,
        "netIncomeRatio": 0.2642360346,
        "eps": 0.14,
        "epsdiluted": 0.14,
        "weightedAverageShsOut": 427111000,
        "weightedAverageShsOutDil": 430903000,
        "link": "https://www.sec.gov/Archives/edgar/data/1032033/000162828016014495/0001628280-16-014495-index.htm",
        "finalLink": "https://www.sec.gov/Archives/edgar/data/1032033/000162828016014495/slm-1q_2016x10xq.htm"
    },
    {
        "date": "2015-12-31",
        "symbol": "SLM",
        "reportedCurrency": "USD",
        "cik": "0001032033",
        "fillingDate": "2016-02-26",
        "acceptedDate": "2016-02-26 16:40:48",
        "calendarYear": "2015",
        "period": "Q4",
        "revenue": 259844000,
        "costOfRevenue": 0,
        "grossProfit": 259844000,
        "grossProfitRatio": 1,
        "researchAndDevelopmentExpenses": 0,
        "generalAndAdministrativeExpenses": 39896000,
        "sellingAndMarketingExpenses": 0,
        "sellingGeneralAndAdministrativeExpenses": 39896000,
        "otherExpenses": 110104000,
        "operatingExpenses": 150000000,
        "costAndExpenses": 44014000,
        "interestIncome": 222387000,
        "interestExpense": 34541000,
        "depreciationAndAmortization": 370000,
        "ebitda": 0,
        "ebitdaratio": 0,
        "operatingIncome": 185448000,
        "operatingIncomeRatio": 0.7136897523,
        "totalOtherIncomeExpensesNet": -40688000,
        "incomeBeforeTax": 144760000,
        "incomeBeforeTaxRatio": 0.5571034929,
        "incomeTaxExpense": 54915000,
        "netIncome": 89845000,
        "netIncomeRatio": 0.3457651514,
        "eps": 0.2,
        "epsdiluted": 0.2,
        "weightedAverageShsOut": 426137000,
        "weightedAverageShsOutDil": 431531000,
        "link": "https://www.sec.gov/Archives/edgar/data/1032033/000162828016011844/0001628280-16-011844-index.htm",
        "finalLink": "https://www.sec.gov/Archives/edgar/data/1032033/000162828016011844/a2015form10-k.htm"
    },
    {
        "date": "2015-09-30",
        "symbol": "SLM",
        "reportedCurrency": "USD",
        "cik": "0001032033",
        "fillingDate": "2015-10-21",
        "acceptedDate": "2015-10-21 16:34:16",
        "calendarYear": "2015",
        "period": "Q3",
        "revenue": 208901000,
        "costOfRevenue": 92864000,
        "grossProfit": 92486000,
        "grossProfitRatio": 0.4427264589,
        "researchAndDevelopmentExpenses": 0,
        "generalAndAdministrativeExpenses": 43105000,
        "sellingAndMarketingExpenses": 0,
        "sellingGeneralAndAdministrativeExpenses": 39304000,
        "otherExpenses": 114696000,
        "operatingExpenses": 92864000,
        "costAndExpenses": 185728000,
        "interestIncome": 208901000,
        "interestExpense": 33459000,
        "depreciationAndAmortization": 2361000,
        "ebitda": 0,
        "ebitdaratio": 0,
        "operatingIncome": 23173000,
        "operatingIncomeRatio": 0.110928143,
        "totalOtherIncomeExpensesNet": 40536000,
        "incomeBeforeTax": 63709000,
        "incomeBeforeTaxRatio": 0.3049722117,
        "incomeTaxExpense": 17985000,
        "netIncome": 45724000,
        "netIncomeRatio": 0.218878799,
        "eps": 0.1,
        "epsdiluted": 0.09,
        "weightedAverageShsOut": 426019000,
        "weightedAverageShsOutDil": 432547000,
        "link": "https://www.sec.gov/Archives/edgar/data/1032033/000162828015007764/0001628280-15-007764-index.htm",
        "finalLink": "https://www.sec.gov/Archives/edgar/data/1032033/000162828015007764/slm-3q_2015x10xq.htm"
    },
    {
        "date": "2015-06-30",
        "symbol": "SLM",
        "reportedCurrency": "USD",
        "cik": "0001032033",
        "fillingDate": "2015-07-22",
        "acceptedDate": "2015-07-22 16:33:12",
        "calendarYear": "2015",
        "period": "Q2",
        "revenue": 242087000,
        "costOfRevenue": 89799000,
        "grossProfit": 108675000,
        "grossProfitRatio": 0.4489088633,
        "researchAndDevelopmentExpenses": 0,
        "generalAndAdministrativeExpenses": 38572000,
        "sellingAndMarketingExpenses": 0,
        "sellingGeneralAndAdministrativeExpenses": 38572000,
        "otherExpenses": 97428000,
        "operatingExpenses": 136000000,
        "costAndExpenses": 38572000,
        "interestIncome": 198474000,
        "interestExpense": 30217000,
        "depreciationAndAmortization": 2147000,
        "ebitda": 0,
        "ebitdaratio": 0,
        "operatingIncome": 18876000,
        "operatingIncomeRatio": 0.0779719688,
        "totalOtherIncomeExpensesNet": 132298000,
        "incomeBeforeTax": 151174000,
        "incomeBeforeTaxRatio": 0.6244614539,
        "incomeTaxExpense": 60158000,
        "netIncome": 91016000,
        "netIncomeRatio": 0.3759640129,
        "eps": 0.2,
        "epsdiluted": 0.2,
        "weightedAverageShsOut": 425688000,
        "weightedAverageShsOutDil": 432742000,
        "link": "https://www.sec.gov/Archives/edgar/data/1032033/000162828015005370/0001628280-15-005370-index.htm",
        "finalLink": "https://www.sec.gov/Archives/edgar/data/1032033/000162828015005370/slm-2q_2015x10xq.htm"
    },
    {
        "date": "2015-03-31",
        "symbol": "SLM",
        "reportedCurrency": "USD",
        "cik": "0001032033",
        "fillingDate": "2015-04-22",
        "acceptedDate": "2015-04-22 16:48:07",
        "calendarYear": "2015",
        "period": "Q1",
        "revenue": 201356000,
        "costOfRevenue": 81187000,
        "grossProfit": 101066000,
        "grossProfitRatio": 0.5019269354,
        "researchAndDevelopmentExpenses": 0,
        "generalAndAdministrativeExpenses": 41203000,
        "sellingAndMarketingExpenses": 0,
        "sellingGeneralAndAdministrativeExpenses": 41203000,
        "otherExpenses": 86797000,
        "operatingExpenses": 81187000,
        "costAndExpenses": 162374000,
        "interestIncome": 201356000,
        "interestExpense": 30402000,
        "depreciationAndAmortization": 2029000,
        "ebitda": 0,
        "ebitdaratio": 0,
        "operatingIncome": 38982000,
        "operatingIncomeRatio": 0.1935974096,
        "totalOtherIncomeExpensesNet": 40439000,
        "incomeBeforeTax": 79421000,
        "incomeBeforeTaxRatio": 0.3944307595,
        "incomeTaxExpense": 31722000,
        "netIncome": 47699000,
        "netIncomeRatio": 0.2368888933,
        "eps": 0.1,
        "epsdiluted": 0.1,
        "weightedAverageShsOut": 424428000,
        "weightedAverageShsOutDil": 432302000,
        "link": "https://www.sec.gov/Archives/edgar/data/1032033/000162828015002863/0001628280-15-002863-index.htm",
        "finalLink": "https://www.sec.gov/Archives/edgar/data/1032033/000162828015002863/slm-1q_2015x10xq.htm"
    },
    {
        "date": "2014-12-31",
        "symbol": "SLM",
        "reportedCurrency": "USD",
        "cik": "0001032033",
        "fillingDate": "2015-02-26",
        "acceptedDate": "2015-02-26 16:46:07",
        "calendarYear": "2014",
        "period": "Q4",
        "revenue": 132534000,
        "costOfRevenue": 0,
        "grossProfit": 162992000,
        "grossProfitRatio": 1.2298127273,
        "researchAndDevelopmentExpenses": 0,
        "generalAndAdministrativeExpenses": 36778000,
        "sellingAndMarketingExpenses": 0,
        "sellingGeneralAndAdministrativeExpenses": 36778000,
        "otherExpenses": 94222000,
        "operatingExpenses": 131000000,
        "costAndExpenses": 36778000,
        "interestIncome": 178649000,
        "interestExpense": 27973000,
        "depreciationAndAmortization": 1147000,
        "ebitda": 0,
        "ebitdaratio": 0,
        "operatingIncome": 73926000,
        "operatingIncomeRatio": 0.5577889447,
        "totalOtherIncomeExpensesNet": -51574000,
        "incomeBeforeTax": 44182000,
        "incomeBeforeTaxRatio": 0.3333635143,
        "incomeTaxExpense": 24465000,
        "netIncome": 19717000,
        "netIncomeRatio": 0.1487693724,
        "eps": 0.04,
        "epsdiluted": 0.03,
        "weightedAverageShsOut": 423325000,
        "weightedAverageShsOutDil": 432108000,
        "link": "https://www.sec.gov/Archives/edgar/data/1032033/000162828015001094/0001628280-15-001094-index.htm",
        "finalLink": "https://www.sec.gov/Archives/edgar/data/1032033/000162828015001094/a2014form10-k.htm"
    },
    {
        "date": "2014-09-30",
        "symbol": "SLM",
        "reportedCurrency": "USD",
        "cik": "0001032033",
        "fillingDate": "2014-10-22",
        "acceptedDate": "2014-10-22 16:38:30",
        "calendarYear": "2014",
        "period": "Q3",
        "revenue": 225137000,
        "costOfRevenue": 72079000,
        "grossProfit": 225137000,
        "grossProfitRatio": 1,
        "researchAndDevelopmentExpenses": 0,
        "generalAndAdministrativeExpenses": 31597000,
        "sellingAndMarketingExpenses": 0,
        "sellingGeneralAndAdministrativeExpenses": 31597000,
        "otherExpenses": 79403000,
        "operatingExpenses": 111000000,
        "costAndExpenses": 31597000,
        "interestIncome": 168203000,
        "interestExpense": 24177000,
        "depreciationAndAmortization": 1150000,
        "ebitda": 0,
        "ebitdaratio": 0,
        "operatingIncome": 24045000,
        "operatingIncomeRatio": 0.1068016363,
        "totalOtherIncomeExpensesNet": 113784000,
        "incomeBeforeTax": 137829000,
        "incomeBeforeTaxRatio": 0.6122005712,
        "incomeTaxExpense": 54903000,
        "netIncome": 82926000,
        "netIncomeRatio": 0.3683357245,
        "eps": 0.18,
        "epsdiluted": 0.18,
        "weightedAverageShsOut": 423079000,
        "weightedAverageShsOutDil": 431604000,
        "link": "https://www.sec.gov/Archives/edgar/data/1032033/000144530514004381/0001445305-14-004381-index.htm",
        "finalLink": "https://www.sec.gov/Archives/edgar/data/1032033/000144530514004381/slm-3q_2014x10xq.htm"
    },
    {
        "date": "2014-06-30",
        "symbol": "SLM",
        "reportedCurrency": "USD",
        "cik": "0001032033",
        "fillingDate": "2014-07-24",
        "acceptedDate": "2014-07-23 18:06:49",
        "calendarYear": "2014",
        "period": "Q2",
        "revenue": 152238000,
        "costOfRevenue": 60479000,
        "grossProfit": 91759000,
        "grossProfitRatio": 0.6027338772,
        "researchAndDevelopmentExpenses": 0,
        "generalAndAdministrativeExpenses": 31667000,
        "sellingAndMarketingExpenses": 0,
        "sellingGeneralAndAdministrativeExpenses": 31667000,
        "otherExpenses": 60479000,
        "operatingExpenses": 60479000,
        "costAndExpenses": 120958000,
        "interestIncome": 165573000,
        "interestExpense": 21034000,
        "depreciationAndAmortization": 1156000,
        "ebitda": 0,
        "ebitdaratio": 0,
        "operatingIncome": 44615000,
        "operatingIncomeRatio": 0.2930608652,
        "totalOtherIncomeExpensesNet": 31454000,
        "incomeBeforeTax": 76069000,
        "incomeBeforeTaxRatio": 0.4996715669,
        "incomeTaxExpense": 31941000,
        "netIncome": 40900000,
        "netIncomeRatio": 0.2686582851,
        "eps": 0.1,
        "epsdiluted": 0.1,
        "weightedAverageShsOut": 422805000,
        "weightedAverageShsOutDil": 422805000,
        "link": "https://www.sec.gov/Archives/edgar/data/1032033/000144530514002855/0001445305-14-002855-index.htm",
        "finalLink": "https://www.sec.gov/Archives/edgar/data/1032033/000144530514002855/slm-2q_2014x10xq.htm"
    },
    {
        "date": "2014-03-31",
        "symbol": "SLM",
        "reportedCurrency": "USD",
        "cik": "0001032033",
        "fillingDate": "2014-05-12",
        "acceptedDate": "2014-05-12 16:51:24",
        "calendarYear": "2014",
        "period": "Q1",
        "revenue": 936000000,
        "costOfRevenue": 366000000,
        "grossProfit": 570000000,
        "grossProfitRatio": 0.608974359,
        "researchAndDevelopmentExpenses": 0,
        "generalAndAdministrativeExpenses": 142000000,
        "sellingAndMarketingExpenses": 0,
        "sellingGeneralAndAdministrativeExpenses": 142000000,
        "otherExpenses": -15000000,
        "operatingExpenses": 180498000,
        "costAndExpenses": 732000000,
        "interestIncome": 1296000000,
        "interestExpense": 530000000,
        "depreciationAndAmortization": 666000000,
        "ebitda": 0,
        "ebitdaratio": 0,
        "operatingIncome": 219000000,
        "operatingIncomeRatio": 0.233974359,
        "totalOtherIncomeExpensesNet": 136000000,
        "incomeBeforeTax": 355000000,
        "incomeBeforeTaxRatio": 0.3792735043,
        "incomeTaxExpense": 174000000,
        "netIncome": 284000000,
        "netIncomeRatio": 0.3034188034,
        "eps": 0.65,
        "epsdiluted": 0.64,
        "weightedAverageShsOut": 426717000,
        "weightedAverageShsOutDil": 427000000,
        "link": "https://www.sec.gov/Archives/edgar/data/1032033/000119312514195006/0001193125-14-195006-index.htm",
        "finalLink": "https://www.sec.gov/Archives/edgar/data/1032033/000119312514195006/d694924d10q.htm"
    },
    {
        "date": "2013-12-31",
        "symbol": "SLM",
        "reportedCurrency": "USD",
        "cik": "0001032033",
        "fillingDate": "2014-02-19",
        "acceptedDate": "2014-02-19 17:08:38",
        "calendarYear": "2013",
        "period": "Q4",
        "revenue": 865000000,
        "costOfRevenue": -2192000000,
        "grossProfit": 3057000000,
        "grossProfitRatio": 3.5341040462,
        "researchAndDevelopmentExpenses": 0,
        "generalAndAdministrativeExpenses": 124000000,
        "sellingAndMarketingExpenses": 0,
        "sellingGeneralAndAdministrativeExpenses": 124000000,
        "otherExpenses": 192000000,
        "operatingExpenses": 865000000,
        "costAndExpenses": 24183000,
        "interestIncome": 1333000000,
        "interestExpense": 544000000,
        "depreciationAndAmortization": -367000000,
        "ebitda": 1311000000,
        "ebitdaratio": 1.5156069364,
        "operatingIncome": 1311000000,
        "operatingIncomeRatio": 1.5156069364,
        "totalOtherIncomeExpensesNet": -976000000,
        "incomeBeforeTax": 341000000,
        "incomeBeforeTaxRatio": 0.3942196532,
        "incomeTaxExpense": 131000000,
        "netIncome": 268000000,
        "netIncomeRatio": 0.3098265896,
        "eps": 0.63,
        "epsdiluted": 0.63,
        "weightedAverageShsOut": 429231000,
        "weightedAverageShsOutDil": 429231000,
        "link": "https://www.sec.gov/Archives/edgar/data/1032033/000119312514058942/0001193125-14-058942-index.htm",
        "finalLink": "https://www.sec.gov/Archives/edgar/data/1032033/000119312514058942/d638950d10k.htm"
    },
    {
        "date": "2013-09-30",
        "symbol": "SLM",
        "reportedCurrency": "USD",
        "cik": "0001032033",
        "fillingDate": "2013-10-28",
        "acceptedDate": "2013-10-28 17:11:38",
        "calendarYear": "2013",
        "period": "Q3",
        "revenue": 868000000,
        "costOfRevenue": 257000000,
        "grossProfit": 611000000,
        "grossProfitRatio": 0.7039170507,
        "researchAndDevelopmentExpenses": 0,
        "generalAndAdministrativeExpenses": 128000000,
        "sellingAndMarketingExpenses": 0,
        "sellingGeneralAndAdministrativeExpenses": 128000000,
        "otherExpenses": -16000000,
        "operatingExpenses": 257000000,
        "costAndExpenses": 514000000,
        "interestIncome": 1340000000,
        "interestExpense": 541000000,
        "depreciationAndAmortization": 685000000,
        "ebitda": 0,
        "ebitdaratio": 0,
        "operatingIncome": 123495000,
        "operatingIncomeRatio": 0.1422753456,
        "totalOtherIncomeExpensesNet": 136000000,
        "incomeBeforeTax": 388000000,
        "incomeBeforeTaxRatio": 0.4470046083,
        "incomeTaxExpense": 136000000,
        "netIncome": 260000000,
        "netIncomeRatio": 0.2995391705,
        "eps": 0.58,
        "epsdiluted": 0.57,
        "weightedAverageShsOut": 436000000,
        "weightedAverageShsOutDil": 436000000,
        "link": "https://www.sec.gov/Archives/edgar/data/1032033/000119312513413619/0001193125-13-413619-index.htm",
        "finalLink": "https://www.sec.gov/Archives/edgar/data/1032033/000119312513413619/d589070d10q.htm"
    },
    {
        "date": "2013-06-30",
        "symbol": "SLM",
        "reportedCurrency": "USD",
        "cik": "0001032033",
        "fillingDate": "2013-08-05",
        "acceptedDate": "2013-08-05 17:23:20",
        "calendarYear": "2013",
        "period": "Q2",
        "revenue": 1294000000,
        "costOfRevenue": 258000000,
        "grossProfit": 1036000000,
        "grossProfitRatio": 0.800618238,
        "researchAndDevelopmentExpenses": 0,
        "generalAndAdministrativeExpenses": 134000000,
        "sellingAndMarketingExpenses": 0,
        "sellingGeneralAndAdministrativeExpenses": 134000000,
        "otherExpenses": -46000000,
        "operatingExpenses": 258000000,
        "costAndExpenses": 516000000,
        "interestIncome": 1337000000,
        "interestExpense": 553000000,
        "depreciationAndAmortization": 889000000,
        "ebitda": 0,
        "ebitdaratio": 0,
        "operatingIncome": 507000000,
        "operatingIncomeRatio": 0.3918083462,
        "totalOtherIncomeExpensesNet": 300000000,
        "incomeBeforeTax": 807000000,
        "incomeBeforeTaxRatio": 0.6236476043,
        "incomeTaxExpense": 300000000,
        "netIncome": 76469000,
        "netIncomeRatio": 0.0590950541,
        "eps": 1.23,
        "epsdiluted": 1.21,
        "weightedAverageShsOut": 440000000,
        "weightedAverageShsOutDil": 440000000,
        "link": "https://www.sec.gov/Archives/edgar/data/1032033/000119312513319383/0001193125-13-319383-index.htm",
        "finalLink": "https://www.sec.gov/Archives/edgar/data/1032033/000119312513319383/d539937d10q.htm"
    },
    {
        "date": "2013-03-31",
        "symbol": "SLM",
        "reportedCurrency": "USD",
        "cik": "0001032033",
        "fillingDate": "2013-05-03",
        "acceptedDate": "2013-05-03 16:20:28",
        "calendarYear": "2013",
        "period": "Q1",
        "revenue": 1366000000,
        "costOfRevenue": 270000000,
        "grossProfit": 802000000,
        "grossProfitRatio": 0.5871156662,
        "researchAndDevelopmentExpenses": 0,
        "generalAndAdministrativeExpenses": 125000000,
        "sellingAndMarketingExpenses": 0,
        "sellingGeneralAndAdministrativeExpenses": 125000000,
        "otherExpenses": 912000000,
        "operatingExpenses": 270000000,
        "costAndExpenses": 64361000,
        "interestIncome": 1366000000,
        "interestExpense": 571000000,
        "depreciationAndAmortization": 302000000,
        "ebitda": 1430000000,
        "ebitdaratio": 1.046852123,
        "operatingIncome": 826000000,
        "operatingIncomeRatio": 0.6046852123,
        "totalOtherIncomeExpensesNet": -269000000,
        "incomeBeforeTax": 557000000,
        "incomeBeforeTaxRatio": 0.4077598829,
        "incomeTaxExpense": 211000000,
        "netIncome": 346000000,
        "netIncomeRatio": 0.2532942899,
        "eps": 0.76,
        "epsdiluted": 0.76,
        "weightedAverageShsOut": 448684000,
        "weightedAverageShsOutDil": 453231000,
        "link": "https://www.sec.gov/Archives/edgar/data/1032033/000119312513199177/0001193125-13-199177-index.htm",
        "finalLink": "https://www.sec.gov/Archives/edgar/data/1032033/000119312513199177/d497327d10q.htm"
    },
    {
        "date": "2012-12-31",
        "symbol": "SLM",
        "reportedCurrency": "USD",
        "cik": "0001032033",
        "fillingDate": "2013-02-26",
        "acceptedDate": "2013-02-26 16:35:29",
        "calendarYear": "2012",
        "period": "Q4",
        "revenue": 1087000000,
        "costOfRevenue": -1468000000,
        "grossProfit": 2555000000,
        "grossProfitRatio": 2.3505059798,
        "researchAndDevelopmentExpenses": 0,
        "generalAndAdministrativeExpenses": 122000000,
        "sellingAndMarketingExpenses": 0,
        "sellingGeneralAndAdministrativeExpenses": 122000000,
        "otherExpenses": 965000000,
        "operatingExpenses": 1087000000,
        "costAndExpenses": 1087000000,
        "interestIncome": 1425000000,
        "interestExpense": 593000000,
        "depreciationAndAmortization": 5000000,
        "ebitda": 0,
        "ebitdaratio": 0,
        "operatingIncome": 936000000,
        "operatingIncomeRatio": 0.8610855566,
        "totalOtherIncomeExpensesNet": -431000000,
        "incomeBeforeTax": 505000000,
        "incomeBeforeTaxRatio": 0.4645814167,
        "incomeTaxExpense": 158000000,
        "netIncome": 348000000,
        "netIncomeRatio": 0.3201471941,
        "eps": 0.78,
        "epsdiluted": 0.78,
        "weightedAverageShsOut": 448684000,
        "weightedAverageShsOutDil": 448684000,
        "link": "https://www.sec.gov/Archives/edgar/data/1032033/000119312513076990/0001193125-13-076990-index.htm",
        "finalLink": "https://www.sec.gov/Archives/edgar/data/1032033/000119312513076990/d440039d10k.htm"
    },
    {
        "date": "2012-09-30",
        "symbol": "SLM",
        "reportedCurrency": "USD",
        "cik": "0001032033",
        "fillingDate": "2012-11-02",
        "acceptedDate": "2012-11-02 16:13:35",
        "calendarYear": "2012",
        "period": "Q3",
        "revenue": 812000000,
        "costOfRevenue": 244000000,
        "grossProfit": 568000000,
        "grossProfitRatio": 0.6995073892,
        "researchAndDevelopmentExpenses": 0,
        "generalAndAdministrativeExpenses": 113000000,
        "sellingAndMarketingExpenses": 9000000,
        "sellingGeneralAndAdministrativeExpenses": 122000000,
        "otherExpenses": 1018000000,
        "operatingExpenses": 1140000000,
        "costAndExpenses": 488000000,
        "interestIncome": 1464000000,
        "interestExpense": 645000000,
        "depreciationAndAmortization": 5000000,
        "ebitda": 0,
        "ebitdaratio": 0,
        "operatingIncome": 187000000,
        "operatingIncomeRatio": 0.2302955665,
        "totalOtherIncomeExpensesNet": 104000000,
        "incomeBeforeTax": 291000000,
        "incomeBeforeTaxRatio": 0.3583743842,
        "incomeTaxExpense": 104000000,
        "netIncome": 188000000,
        "netIncomeRatio": 0.2315270936,
        "eps": 0.39,
        "epsdiluted": 0.4,
        "weightedAverageShsOut": 464000000,
        "weightedAverageShsOutDil": 471000000,
        "link": "https://www.sec.gov/Archives/edgar/data/1032033/000119312512449114/0001193125-12-449114-index.htm",
        "finalLink": "https://www.sec.gov/Archives/edgar/data/1032033/000119312512449114/d405135d10q.htm"
    },
    {
        "date": "2012-06-30",
        "symbol": "SLM",
        "reportedCurrency": "USD",
        "cik": "0001032033",
        "fillingDate": "2012-08-03",
        "acceptedDate": "2012-08-03 08:46:52",
        "calendarYear": "2012",
        "period": "Q2",
        "revenue": 949000000,
        "costOfRevenue": 239000000,
        "grossProfit": 710000000,
        "grossProfitRatio": 0.7481559536,
        "researchAndDevelopmentExpenses": 0,
        "generalAndAdministrativeExpenses": 117000000,
        "sellingAndMarketingExpenses": 0,
        "sellingGeneralAndAdministrativeExpenses": 117000000,
        "otherExpenses": 829000000,
        "operatingExpenses": 946000000,
        "costAndExpenses": 946000000,
        "interestIncome": 1403000000,
        "interestExpense": 657000000,
        "depreciationAndAmortization": 5000000,
        "ebitda": 0,
        "ebitdaratio": 0,
        "operatingIncome": 291000000,
        "operatingIncomeRatio": 0.3066385669,
        "totalOtherIncomeExpensesNet": 168000000,
        "incomeBeforeTax": 464000000,
        "incomeBeforeTaxRatio": 0.4889357218,
        "incomeTaxExpense": 168000000,
        "netIncome": 292000000,
        "netIncomeRatio": 0.3076923077,
        "eps": 0.59,
        "epsdiluted": 0.59,
        "weightedAverageShsOut": 482000000,
        "weightedAverageShsOutDil": 488000000,
        "link": "https://www.sec.gov/Archives/edgar/data/1032033/000119312512333514/0001193125-12-333514-index.htm",
        "finalLink": "https://www.sec.gov/Archives/edgar/data/1032033/000119312512333514/d359027d10q.htm"
    },
    {
        "date": "2012-03-31",
        "symbol": "SLM",
        "reportedCurrency": "USD",
        "cik": "0001032033",
        "fillingDate": "2012-05-04",
        "acceptedDate": "2012-05-04 16:26:14",
        "calendarYear": "2012",
        "period": "Q1",
        "revenue": 703000000,
        "costOfRevenue": 262000000,
        "grossProfit": 441000000,
        "grossProfitRatio": 0.627311522,
        "researchAndDevelopmentExpenses": 0,
        "generalAndAdministrativeExpenses": 127000000,
        "sellingAndMarketingExpenses": 0,
        "sellingGeneralAndAdministrativeExpenses": 127000000,
        "otherExpenses": 1059000000,
        "operatingExpenses": 1186000000,
        "costAndExpenses": 524000000,
        "interestIncome": 1477000000,
        "interestExpense": 666000000,
        "depreciationAndAmortization": 5000000,
        "ebitda": 0,
        "ebitdaratio": 0,
        "operatingIncome": 111000000,
        "operatingIncomeRatio": 0.1578947368,
        "totalOtherIncomeExpensesNet": 67000000,
        "incomeBeforeTax": 178000000,
        "incomeBeforeTaxRatio": 0.253200569,
        "incomeTaxExpense": 67000000,
        "netIncome": 112000000,
        "netIncomeRatio": 0.1593172119,
        "eps": 0.21,
        "epsdiluted": 0.21,
        "weightedAverageShsOut": 503000000,
        "weightedAverageShsOutDil": 503000000,
        "link": "https://www.sec.gov/Archives/edgar/data/1032033/000119312512212026/0001193125-12-212026-index.htm",
        "finalLink": "https://www.sec.gov/Archives/edgar/data/1032033/000119312512212026/d313786d10q.htm"
    },
    {
        "date": "2011-12-31",
        "symbol": "SLM",
        "reportedCurrency": "USD",
        "cik": "0001032033",
        "fillingDate": "2012-02-27",
        "acceptedDate": "2012-02-27 16:24:21",
        "calendarYear": "2011",
        "period": "Q4",
        "revenue": 1338000000,
        "costOfRevenue": -917712000,
        "grossProfit": 2255712000,
        "grossProfitRatio": 1.6858834081,
        "researchAndDevelopmentExpenses": 0,
        "generalAndAdministrativeExpenses": 123000000,
        "sellingAndMarketingExpenses": 0,
        "sellingGeneralAndAdministrativeExpenses": 123000000,
        "otherExpenses": 945000000,
        "operatingExpenses": 1338000000,
        "costAndExpenses": 1338000000,
        "interestIncome": 1502000000,
        "interestExpense": 623000000,
        "depreciationAndAmortization": 6000000,
        "ebitda": 0,
        "ebitdaratio": 0,
        "operatingIncome": 599000000,
        "operatingIncomeRatio": 0.4476831091,
        "totalOtherIncomeExpensesNet": 196000000,
        "incomeBeforeTax": 795000000,
        "incomeBeforeTaxRatio": 0.5941704036,
        "incomeTaxExpense": 285000000,
        "netIncome": 506000000,
        "netIncomeRatio": 0.3781763827,
        "eps": 1.01,
        "epsdiluted": 0.99,
        "weightedAverageShsOut": 506000000,
        "weightedAverageShsOutDil": 514000000,
        "link": "https://www.sec.gov/Archives/edgar/data/1032033/000119312512081658/0001193125-12-081658-index.htm",
        "finalLink": "https://www.sec.gov/Archives/edgar/data/1032033/000119312512081658/d255703d10k.htm"
    },
    {
        "date": "2011-09-30",
        "symbol": "SLM",
        "reportedCurrency": "USD",
        "cik": "0001032033",
        "fillingDate": "2011-11-04",
        "acceptedDate": "2011-11-04 16:24:50",
        "calendarYear": "2011",
        "period": "Q3",
        "revenue": 585000000,
        "costOfRevenue": 285000000,
        "grossProfit": 300000000,
        "grossProfitRatio": 0.5128205128,
        "researchAndDevelopmentExpenses": 0,
        "generalAndAdministrativeExpenses": 138000000,
        "sellingAndMarketingExpenses": 0,
        "sellingGeneralAndAdministrativeExpenses": 138000000,
        "otherExpenses": 447000000,
        "operatingExpenses": 285000000,
        "costAndExpenses": 585000000,
        "interestIncome": 1476000000,
        "interestExpense": 591000000,
        "depreciationAndAmortization": 6000000,
        "ebitda": 0,
        "ebitdaratio": 0,
        "operatingIncome": -70000000,
        "operatingIncomeRatio": -0.1196581197,
        "totalOtherIncomeExpensesNet": -46000000,
        "incomeBeforeTax": -116000000,
        "incomeBeforeTaxRatio": -0.1982905983,
        "incomeTaxExpense": -46000000,
        "netIncome": -47000000,
        "netIncomeRatio": -0.0803418803,
        "eps": -0.1,
        "epsdiluted": -0.1,
        "weightedAverageShsOut": 520000000,
        "weightedAverageShsOutDil": 520000000,
        "link": "https://www.sec.gov/Archives/edgar/data/1032033/000119312511297431/0001193125-11-297431-index.htm",
        "finalLink": "https://www.sec.gov/Archives/edgar/data/1032033/000119312511297431/d244119d10q.htm"
    },
    {
        "date": "2011-06-30",
        "symbol": "SLM",
        "reportedCurrency": "USD",
        "cik": "0001032033",
        "fillingDate": "2011-08-05",
        "acceptedDate": "2011-08-05 16:18:50",
        "calendarYear": "2011",
        "period": "Q2",
        "revenue": 540000000,
        "costOfRevenue": 268719000000,
        "grossProfit": -268179000000,
        "grossProfitRatio": -496.6277777778,
        "researchAndDevelopmentExpenses": 0,
        "generalAndAdministrativeExpenses": 125139000,
        "sellingAndMarketingExpenses": 0,
        "sellingGeneralAndAdministrativeExpenses": 125139000,
        "otherExpenses": 415000000,
        "operatingExpenses": 1157000000,
        "costAndExpenses": 537438000000,
        "interestIncome": 1460000000,
        "interestExpense": 592000000,
        "depreciationAndAmortization": 6063000,
        "ebitda": 0,
        "ebitdaratio": 0,
        "operatingIncome": -17130000000,
        "operatingIncomeRatio": -31.7222222222,
        "totalOtherIncomeExpensesNet": -27000000,
        "incomeBeforeTax": -27000000,
        "incomeBeforeTaxRatio": -0.05,
        "incomeTaxExpense": -10000000,
        "netIncome": -6000000,
        "netIncomeRatio": -0.0111111111,
        "eps": -0.02,
        "epsdiluted": -0.02,
        "weightedAverageShsOut": 500000000,
        "weightedAverageShsOutDil": 524000000,
        "link": "https://www.sec.gov/Archives/edgar/data/1032033/000095012311073683/0000950123-11-073683-index.htm",
        "finalLink": "https://www.sec.gov/Archives/edgar/data/1032033/000095012311073683/w82905e10vq.htm"
    },
    {
        "date": "2011-03-31",
        "symbol": "SLM",
        "reportedCurrency": "USD",
        "cik": "0001032033",
        "fillingDate": "2011-05-06",
        "acceptedDate": "2011-05-06 16:28:02",
        "calendarYear": "2011",
        "period": "Q1",
        "revenue": 892000000,
        "costOfRevenue": 303200000000,
        "grossProfit": -302308000000,
        "grossProfitRatio": -338.9103139013,
        "researchAndDevelopmentExpenses": 0,
        "generalAndAdministrativeExpenses": 135441000,
        "sellingAndMarketingExpenses": 0,
        "sellingGeneralAndAdministrativeExpenses": 135441000,
        "otherExpenses": 757000000,
        "operatingExpenses": 1206000000,
        "costAndExpenses": 606400000000,
        "interestIncome": 1492000000,
        "interestExpense": 594000000,
        "depreciationAndAmortization": 6064000,
        "ebitda": 0,
        "ebitdaratio": 0,
        "operatingIncome": 176424000000,
        "operatingIncomeRatio": 197.7847533632,
        "totalOtherIncomeExpensesNet": 276000000,
        "incomeBeforeTax": 276135000000,
        "incomeBeforeTaxRatio": 309.5683856502,
        "incomeTaxExpense": 99000000,
        "netIncome": 175000000,
        "netIncomeRatio": 0.1961883408,
        "eps": 0.32,
        "epsdiluted": 0.32,
        "weightedAverageShsOut": 527000000,
        "weightedAverageShsOutDil": 532000000,
        "link": "https://www.sec.gov/Archives/edgar/data/1032033/000095012311046654/0000950123-11-046654-index.htm",
        "finalLink": "https://www.sec.gov/Archives/edgar/data/1032033/000095012311046654/w82148e10vq.htm"
    },
    {
        "date": "2010-12-31",
        "symbol": "SLM",
        "reportedCurrency": "USD",
        "cik": "0001032033",
        "fillingDate": "2011-02-28",
        "acceptedDate": "2011-02-28 16:23:54",
        "calendarYear": "2010",
        "period": "Q4",
        "revenue": 1431333000,
        "costOfRevenue": 1204592024000,
        "grossProfit": -1203160691000,
        "grossProfitRatio": -840.5875439189,
        "researchAndDevelopmentExpenses": 0,
        "generalAndAdministrativeExpenses": 131412000,
        "sellingAndMarketingExpenses": 0,
        "sellingGeneralAndAdministrativeExpenses": 131412000,
        "otherExpenses": 1042588000,
        "operatingExpenses": 1174000000,
        "costAndExpenses": 2415404000000,
        "interestIncome": 1392666000,
        "interestExpense": 535855000,
        "depreciationAndAmortization": 9812000,
        "ebitda": 0,
        "ebitdaratio": 0,
        "operatingIncome": 597530000000,
        "operatingIncomeRatio": 417.4640003409,
        "totalOtherIncomeExpensesNet": 785825000,
        "incomeBeforeTax": 1089988871000,
        "incomeBeforeTaxRatio": 761.5201151654,
        "incomeTaxExpense": 268429000,
        "netIncome": 447371000,
        "netIncomeRatio": 0.312555499,
        "eps": 0.88,
        "epsdiluted": 0.84,
        "weightedAverageShsOut": 492592000,
        "weightedAverageShsOutDil": 528862000,
        "link": "https://www.sec.gov/Archives/edgar/data/1032033/000095012311019779/0000950123-11-019779-index.htm",
        "finalLink": "https://www.sec.gov/Archives/edgar/data/1032033/000095012311019779/w80795e10vk.htm"
    },
    {
        "date": "2010-09-30",
        "symbol": "SLM",
        "reportedCurrency": "USD",
        "cik": "0001032033",
        "fillingDate": "2010-11-08",
        "acceptedDate": "2010-11-08 16:51:39",
        "calendarYear": "2010",
        "period": "Q3",
        "revenue": 732424000,
        "costOfRevenue": 319219000,
        "grossProfit": 413205000,
        "grossProfitRatio": 0.5641609232,
        "researchAndDevelopmentExpenses": 0,
        "generalAndAdministrativeExpenses": 138000000,
        "sellingAndMarketingExpenses": 0,
        "sellingGeneralAndAdministrativeExpenses": 138000000,
        "otherExpenses": 582000000,
        "operatingExpenses": 720000000,
        "costAndExpenses": 2008630000,
        "interestIncome": 1510533000,
        "interestExpense": 638599000,
        "depreciationAndAmortization": 669668000,
        "ebitda": 0,
        "ebitdaratio": 0,
        "operatingIncome": -498097000,
        "operatingIncomeRatio": -0.6800664642,
        "totalOtherIncomeExpensesNet": -127558000,
        "incomeBeforeTax": -620000000,
        "incomeBeforeTaxRatio": -0.8465042107,
        "incomeTaxExpense": -126000000,
        "netIncome": -495000000,
        "netIncomeRatio": -0.6758380392,
        "eps": -1.06,
        "epsdiluted": -1.06,
        "weightedAverageShsOut": 485000000,
        "weightedAverageShsOutDil": 485000000,
        "link": "https://www.sec.gov/Archives/edgar/data/1032033/000095012310102526/0000950123-10-102526-index.htm",
        "finalLink": "https://www.sec.gov/Archives/edgar/data/1032033/000095012310102526/w79858e10vq.htm"
    },
    {
        "date": "2010-06-30",
        "symbol": "SLM",
        "reportedCurrency": "USD",
        "cik": "0001032033",
        "fillingDate": "2010-08-05",
        "acceptedDate": "2010-08-05 16:44:16",
        "calendarYear": "2010",
        "period": "Q2",
        "revenue": 1464855000,
        "costOfRevenue": 346520000,
        "grossProfit": 933959000,
        "grossProfitRatio": 0.6375777807,
        "researchAndDevelopmentExpenses": 0,
        "generalAndAdministrativeExpenses": 140233000,
        "sellingAndMarketingExpenses": 0,
        "sellingGeneralAndAdministrativeExpenses": 140233000,
        "otherExpenses": 1130767000,
        "operatingExpenses": 780384000,
        "costAndExpenses": 1126904000,
        "interestIncome": 1464855000,
        "interestExpense": 568933000,
        "depreciationAndAmortization": 9710000,
        "ebitda": 337951000,
        "ebitdaratio": 0.2307061108,
        "operatingIncome": 337951000,
        "operatingIncomeRatio": 0.2307061108,
        "totalOtherIncomeExpensesNet": 196103000,
        "incomeBeforeTax": 543750000,
        "incomeBeforeTaxRatio": 0.3711971492,
        "incomeTaxExpense": 196103000,
        "netIncome": 337818000,
        "netIncomeRatio": 0.2306153169,
        "eps": 0.66,
        "epsdiluted": 0.63,
        "weightedAverageShsOut": 484832000,
        "weightedAverageShsOutDil": 484832000,
        "link": "https://www.sec.gov/Archives/edgar/data/1032033/000095012310073433/0000950123-10-073433-index.htm",
        "finalLink": "https://www.sec.gov/Archives/edgar/data/1032033/000095012310073433/w79162e10vq.htm"
    },
    {
        "date": "2010-03-31",
        "symbol": "SLM",
        "reportedCurrency": "USD",
        "cik": "0001032033",
        "fillingDate": "2010-05-06",
        "acceptedDate": "2010-05-06 17:08:41",
        "calendarYear": "2010",
        "period": "Q1",
        "revenue": 1109497000,
        "costOfRevenue": 328020000,
        "grossProfit": 781477000,
        "grossProfitRatio": 0.7043525129,
        "researchAndDevelopmentExpenses": 0,
        "generalAndAdministrativeExpenses": 150385000,
        "sellingAndMarketingExpenses": 0,
        "sellingGeneralAndAdministrativeExpenses": 150385000,
        "otherExpenses": 938083000,
        "operatingExpenses": 817561000,
        "costAndExpenses": 1145581000,
        "interestIncome": 1385861000,
        "interestExpense": 531384000,
        "depreciationAndAmortization": 9712000,
        "ebitda": 240280000,
        "ebitdaratio": 0.2165666063,
        "operatingIncome": 240280000,
        "operatingIncomeRatio": 0.2165666063,
        "totalOtherIncomeExpensesNet": 155795000,
        "incomeBeforeTax": 405914000,
        "incomeBeforeTaxRatio": 0.3658540762,
        "incomeTaxExpense": 155795000,
        "netIncome": 240140000,
        "netIncomeRatio": 0.216440423,
        "eps": 0.46,
        "epsdiluted": 0.45,
        "weightedAverageShsOut": 484259000,
        "weightedAverageShsOutDil": 484259000,
        "link": "https://www.sec.gov/Archives/edgar/data/1032033/000095012310045634/0000950123-10-045634-index.htm",
        "finalLink": "https://www.sec.gov/Archives/edgar/data/1032033/000095012310045634/w78261e10vq.htm"
    },
    {
        "date": "2009-12-31",
        "symbol": "SLM",
        "reportedCurrency": "USD",
        "cik": "0001032033",
        "fillingDate": "2010-02-26",
        "acceptedDate": "2010-02-26 16:26:01",
        "calendarYear": "2009",
        "period": "Q4",
        "revenue": 1325149000,
        "costOfRevenue": -554105000,
        "grossProfit": 1879254000,
        "grossProfitRatio": 1.4181454312,
        "researchAndDevelopmentExpenses": 0,
        "generalAndAdministrativeExpenses": 130362000,
        "sellingAndMarketingExpenses": 0,
        "sellingGeneralAndAdministrativeExpenses": 130362000,
        "otherExpenses": 856638000,
        "operatingExpenses": 1299661000,
        "costAndExpenses": 1299661000,
        "interestIncome": 1114549000,
        "interestExpense": 515763000,
        "depreciationAndAmortization": 584470000,
        "ebitda": 482675000,
        "ebitdaratio": 0.3642420588,
        "operatingIncome": 482675000,
        "operatingIncomeRatio": 0.3642420588,
        "totalOtherIncomeExpensesNet": 226554000,
        "incomeBeforeTax": 709229000,
        "incomeBeforeTaxRatio": 0.5352069843,
        "incomeTaxExpense": 242248000,
        "netIncome": 309134000,
        "netIncomeRatio": 0.233282446,
        "eps": 0.54,
        "epsdiluted": 0.52,
        "weightedAverageShsOut": 479459000,
        "weightedAverageShsOutDil": 521740000,
        "link": "https://www.sec.gov/Archives/edgar/data/1032033/000095012310018176/0000950123-10-018176-index.htm",
        "finalLink": "https://www.sec.gov/Archives/edgar/data/1032033/000095012310018176/w76911e10vk.htm"
    },
    {
        "date": "2009-09-30",
        "symbol": "SLM",
        "reportedCurrency": "USD",
        "cik": "0001032033",
        "fillingDate": "2009-11-05",
        "acceptedDate": "2009-11-04 18:23:52",
        "calendarYear": "2009",
        "period": "Q3",
        "revenue": 877010000,
        "costOfRevenue": 318620000,
        "grossProfit": 558390000,
        "grossProfitRatio": 0.6366974151,
        "researchAndDevelopmentExpenses": 0,
        "generalAndAdministrativeExpenses": 140888000,
        "sellingAndMarketingExpenses": 0,
        "sellingGeneralAndAdministrativeExpenses": 140888000,
        "otherExpenses": 741783000,
        "operatingExpenses": 1308000000,
        "costAndExpenses": 882671000,
        "interestIncome": 1199046000,
        "interestExpense": 673870000,
        "depreciationAndAmortization": 9774000,
        "ebitda": 0,
        "ebitdaratio": 0,
        "operatingIncome": 907343000,
        "operatingIncomeRatio": 1.0345868348,
        "totalOtherIncomeExpensesNet": -673672000,
        "incomeBeforeTax": 246148000,
        "incomeBeforeTaxRatio": 0.2806672672,
        "incomeTaxExpense": 74363000,
        "netIncome": 159110000,
        "netIncomeRatio": 0.1814232449,
        "eps": 0.25,
        "epsdiluted": 0.25,
        "weightedAverageShsOut": 470280000,
        "weightedAverageShsOutDil": 471058000,
        "link": "https://www.sec.gov/Archives/edgar/data/1032033/000095012309057759/0000950123-09-057759-index.htm",
        "finalLink": "https://www.sec.gov/Archives/edgar/data/1032033/000095012309057759/w75888e10vq.htm"
    },
    {
        "date": "2009-06-30",
        "symbol": "SLM",
        "reportedCurrency": "USD",
        "cik": "0001032033",
        "fillingDate": "2009-08-05",
        "acceptedDate": "2009-08-05 16:56:49",
        "calendarYear": "2009",
        "period": "Q2",
        "revenue": 1203160000,
        "costOfRevenue": 315185000,
        "grossProfit": 113482000,
        "grossProfitRatio": 0.0943199574,
        "researchAndDevelopmentExpenses": 0,
        "generalAndAdministrativeExpenses": 137783000,
        "sellingAndMarketingExpenses": 1636000,
        "sellingGeneralAndAdministrativeExpenses": 139419000,
        "otherExpenses": 1266581000,
        "operatingExpenses": 1406000000,
        "costAndExpenses": 430532000,
        "interestIncome": 1203160000,
        "interestExpense": 819459000,
        "depreciationAndAmortization": 0,
        "ebitda": 0,
        "ebitdaratio": 0,
        "operatingIncome": 650188000,
        "operatingIncomeRatio": 0.5404002793,
        "totalOtherIncomeExpensesNet": -159077000,
        "incomeBeforeTax": -159077000,
        "incomeBeforeTaxRatio": -0.1322159979,
        "incomeTaxExpense": -46551000,
        "netIncome": -122720000,
        "netIncomeRatio": -0.1019980717,
        "eps": -0.32,
        "epsdiluted": -0.32,
        "weightedAverageShsOut": 466799000,
        "weightedAverageShsOutDil": 466799000,
        "link": "https://www.sec.gov/Archives/edgar/data/1032033/000095012309030360/0000950123-09-030360-index.htm",
        "finalLink": "https://www.sec.gov/Archives/edgar/data/1032033/000095012309030360/w75039e10vq.htm"
    },
    {
        "date": "2009-03-31",
        "symbol": "SLM",
        "reportedCurrency": "USD",
        "cik": "0001032033",
        "fillingDate": "2009-05-08",
        "acceptedDate": "2009-05-08 16:52:32",
        "calendarYear": "2009",
        "period": "Q1",
        "revenue": 1241610000,
        "costOfRevenue": 301483000,
        "grossProfit": 202251000,
        "grossProfitRatio": 0.1628941455,
        "researchAndDevelopmentExpenses": 0,
        "generalAndAdministrativeExpenses": 135142000,
        "sellingAndMarketingExpenses": 0,
        "sellingGeneralAndAdministrativeExpenses": 135142000,
        "otherExpenses": 433578000,
        "operatingExpenses": 1572000000,
        "costAndExpenses": 568720000,
        "interestIncome": 1241610000,
        "interestExpense": 1026547000,
        "depreciationAndAmortization": 0,
        "ebitda": 973746000,
        "ebitdaratio": 0.7842607582,
        "operatingIncome": 973746000,
        "operatingIncomeRatio": 0.7842607582,
        "totalOtherIncomeExpensesNet": 19552000,
        "incomeBeforeTax": 19552000,
        "incomeBeforeTaxRatio": 0.0157472958,
        "incomeTaxExpense": -31696000,
        "netIncome": -47781000,
        "netIncomeRatio": -0.0384830986,
        "eps": -0.1,
        "epsdiluted": -0.1,
        "weightedAverageShsOut": 466761000,
        "weightedAverageShsOutDil": 466761000,
        "link": "https://www.sec.gov/Archives/edgar/data/1032033/000095013309001537/0000950133-09-001537-index.htm",
        "finalLink": "https://www.sec.gov/Archives/edgar/data/1032033/000095013309001537/w73890e10vq.htm"
    },
    {
        "date": "2008-12-31",
        "symbol": "SLM",
        "reportedCurrency": "USD",
        "cik": "0001032033",
        "fillingDate": "2008-12-31",
        "acceptedDate": "2008-12-30 19:00:00",
        "calendarYear": "2008",
        "period": "Q4",
        "revenue": 168800000,
        "costOfRevenue": 0,
        "grossProfit": 168800000,
        "grossProfitRatio": 1,
        "researchAndDevelopmentExpenses": 0,
        "generalAndAdministrativeExpenses": 105095000,
        "sellingAndMarketingExpenses": 0,
        "sellingGeneralAndAdministrativeExpenses": 105095000,
        "otherExpenses": 114705000,
        "operatingExpenses": 219800000,
        "costAndExpenses": 219800000,
        "interestIncome": 1740081000,
        "interestExpense": 1529522000,
        "depreciationAndAmortization": 0,
        "ebitda": 0,
        "ebitdaratio": 0,
        "operatingIncome": 1159164000,
        "operatingIncomeRatio": 6.8670853081,
        "totalOtherIncomeExpensesNet": -366426000,
        "incomeBeforeTax": -366426000,
        "incomeBeforeTaxRatio": -2.1707701422,
        "incomeTaxExpense": -154341000,
        "netIncome": -216017000,
        "netIncomeRatio": -1.279721564,
        "eps": -0.52,
        "epsdiluted": -0.52,
        "weightedAverageShsOut": 466692000,
        "weightedAverageShsOutDil": 466692000,
        "link": "",
        "finalLink": ""
    },
    {
        "date": "2008-09-30",
        "symbol": "SLM",
        "reportedCurrency": "USD",
        "cik": "0001032033",
        "fillingDate": "2008-11-06",
        "acceptedDate": "2008-11-06 17:17:48",
        "calendarYear": "2008",
        "period": "Q3",
        "revenue": 1869282000,
        "costOfRevenue": 367152000,
        "grossProfit": -64399000,
        "grossProfitRatio": -0.0344511957,
        "researchAndDevelopmentExpenses": 0,
        "generalAndAdministrativeExpenses": 157408000,
        "sellingAndMarketingExpenses": 0,
        "sellingGeneralAndAdministrativeExpenses": 157408000,
        "otherExpenses": 145345000,
        "operatingExpenses": 302753000,
        "costAndExpenses": 302753000,
        "interestIncome": 1869282000,
        "interestExpense": 1394533000,
        "depreciationAndAmortization": 0,
        "ebitda": 0,
        "ebitdaratio": 0,
        "operatingIncome": 1132173000,
        "operatingIncomeRatio": 0.6056726593,
        "totalOtherIncomeExpensesNet": -261816000,
        "incomeBeforeTax": -261816000,
        "incomeBeforeTaxRatio": -0.1400623341,
        "incomeTaxExpense": -103819000,
        "netIncome": -158541000,
        "netIncomeRatio": -0.0848138483,
        "eps": -0.4,
        "epsdiluted": -0.4,
        "weightedAverageShsOut": 466646000,
        "weightedAverageShsOutDil": 466646000,
        "link": "https://www.sec.gov/Archives/edgar/data/1032033/000095013308003626/0000950133-08-003626-index.htm",
        "finalLink": "https://www.sec.gov/Archives/edgar/data/1032033/000095013308003626/w71403e10vq.htm"
    },
    {
        "date": "2008-06-30",
        "symbol": "SLM",
        "reportedCurrency": "USD",
        "cik": "0001032033",
        "fillingDate": "2008-08-07",
        "acceptedDate": "2008-08-06 18:35:44",
        "calendarYear": "2008",
        "period": "Q2",
        "revenue": 1768461000,
        "costOfRevenue": 353688000,
        "grossProfit": 611491000,
        "grossProfitRatio": 0.3457757904,
        "researchAndDevelopmentExpenses": 0,
        "generalAndAdministrativeExpenses": 167788000,
        "sellingAndMarketingExpenses": 0,
        "sellingGeneralAndAdministrativeExpenses": 167788000,
        "otherExpenses": 797391000,
        "operatingExpenses": 965179000,
        "costAndExpenses": 353688000,
        "interestIncome": 1768461000,
        "interestExpense": 1365918000,
        "depreciationAndAmortization": 0,
        "ebitda": 1784728000,
        "ebitdaratio": 1.0091983934,
        "operatingIncome": 1784728000,
        "operatingIncomeRatio": 1.0091983934,
        "totalOtherIncomeExpensesNet": 421736000,
        "incomeBeforeTax": 418810000,
        "incomeBeforeTaxRatio": 0.2368217337,
        "incomeTaxExpense": 153074000,
        "netIncome": 265736000,
        "netIncomeRatio": 0.1502639866,
        "eps": 0.51,
        "epsdiluted": 0.5,
        "weightedAverageShsOut": 466649000,
        "weightedAverageShsOutDil": 466649000,
        "link": "https://www.sec.gov/Archives/edgar/data/1032033/000095013308002703/0000950133-08-002703-index.htm",
        "finalLink": "https://www.sec.gov/Archives/edgar/data/1032033/000095013308002703/w64671e10vq.htm"
    },
    {
        "date": "2008-03-31",
        "symbol": "SLM",
        "reportedCurrency": "USD",
        "cik": "0001032033",
        "fillingDate": "2008-05-09",
        "acceptedDate": "2008-05-09 16:41:39",
        "calendarYear": "2008",
        "period": "Q1",
        "revenue": 347280000,
        "costOfRevenue": 355648000,
        "grossProfit": -8368000,
        "grossProfitRatio": -0.0240958305,
        "researchAndDevelopmentExpenses": 0,
        "generalAndAdministrativeExpenses": 179729000,
        "sellingAndMarketingExpenses": 0,
        "sellingGeneralAndAdministrativeExpenses": 179729000,
        "otherExpenses": 1277792000,
        "operatingExpenses": 1457521000,
        "costAndExpenses": 355648000,
        "interestIncome": 1891814000,
        "interestExpense": 1615445000,
        "depreciationAndAmortization": 0,
        "ebitda": 0,
        "ebitdaratio": 0,
        "operatingIncome": 1449153000,
        "operatingIncomeRatio": 4.1728662751,
        "totalOtherIncomeExpensesNet": -166292000,
        "incomeBeforeTax": -166292000,
        "incomeBeforeTaxRatio": -0.4788412808,
        "incomeTaxExpense": -62488000,
        "netIncome": -103804000,
        "netIncomeRatio": -0.2989057821,
        "eps": -0.28,
        "epsdiluted": -0.28,
        "weightedAverageShsOut": 466580000,
        "weightedAverageShsOutDil": 466580000,
        "link": "https://www.sec.gov/Archives/edgar/data/1032033/000095013308001886/0000950133-08-001886-index.htm",
        "finalLink": "https://www.sec.gov/Archives/edgar/data/1032033/000095013308001886/w56852e10vq.htm"
    },
    {
        "date": "2007-12-31",
        "symbol": "SLM",
        "reportedCurrency": "USD",
        "cik": "0001032033",
        "fillingDate": "2008-02-29",
        "acceptedDate": "2008-02-29 14:51:22",
        "calendarYear": "2007",
        "period": "Q4",
        "revenue": -706473000,
        "costOfRevenue": 0,
        "grossProfit": -706473000,
        "grossProfitRatio": 1,
        "researchAndDevelopmentExpenses": 0,
        "generalAndAdministrativeExpenses": 210140000,
        "sellingAndMarketingExpenses": 0,
        "sellingGeneralAndAdministrativeExpenses": 210140000,
        "otherExpenses": 2717860000,
        "operatingExpenses": 2928000000,
        "costAndExpenses": 2928000000,
        "interestIncome": 2311113000,
        "interestExpense": 1976642000,
        "depreciationAndAmortization": 0,
        "ebitda": 254480000,
        "ebitdaratio": -0.360211926,
        "operatingIncome": 254480000,
        "operatingIncomeRatio": -0.360211926,
        "totalOtherIncomeExpensesNet": -1719847000,
        "incomeBeforeTax": -1719847000,
        "incomeBeforeTaxRatio": 2.4344129217,
        "incomeTaxExpense": -86904000,
        "netIncome": -1635258000,
        "netIncomeRatio": 2.3146786926,
        "eps": -5.31,
        "epsdiluted": -5.31,
        "weightedAverageShsOut": 308154000,
        "weightedAverageShsOutDil": 308154000,
        "link": "https://www.sec.gov/Archives/edgar/data/1032033/000095013308000892/0000950133-08-000892-index.htm",
        "finalLink": "https://www.sec.gov/Archives/edgar/data/1032033/000095013308000892/w49222e10vk.htm"
    },
    {
        "date": "2007-09-30",
        "symbol": "SLM",
        "reportedCurrency": "USD",
        "cik": "0001032033",
        "fillingDate": "2007-11-09",
        "acceptedDate": "2007-11-08 19:14:50",
        "calendarYear": "2007",
        "period": "Q3",
        "revenue": 239265000,
        "costOfRevenue": 185741000,
        "grossProfit": 53524000,
        "grossProfitRatio": 0.2237017533,
        "researchAndDevelopmentExpenses": 0,
        "generalAndAdministrativeExpenses": 185741000,
        "sellingAndMarketingExpenses": 0,
        "sellingGeneralAndAdministrativeExpenses": 185741000,
        "otherExpenses": 2192259000,
        "operatingExpenses": 2378000000,
        "costAndExpenses": 541640000,
        "interestIncome": 2321121000,
        "interestExpense": 1879811000,
        "depreciationAndAmortization": -158981000,
        "ebitda": 1367796000,
        "ebitdaratio": 5.7166572629,
        "operatingIncome": 1779481000,
        "operatingIncomeRatio": 7.4372808392,
        "totalOtherIncomeExpensesNet": -2038792000,
        "incomeBeforeTax": -259311000,
        "incomeBeforeTaxRatio": -1.0837815811,
        "incomeTaxExpense": 84449000,
        "netIncome": -343760000,
        "netIncomeRatio": -1.4367333292,
        "eps": -0.85,
        "epsdiluted": -0.85,
        "weightedAverageShsOut": 412944000,
        "weightedAverageShsOutDil": 412944000,
        "link": "https://www.sec.gov/Archives/edgar/data/1032033/000095013307004510/0000950133-07-004510-index.htm",
        "finalLink": "https://www.sec.gov/Archives/edgar/data/1032033/000095013307004510/w41665e10vq.htm"
    },
    {
        "date": "2007-06-30",
        "symbol": "SLM",
        "reportedCurrency": "USD",
        "cik": "0001032033",
        "fillingDate": "2007-08-07",
        "acceptedDate": "2007-08-07 09:55:03",
        "calendarYear": "2007",
        "period": "Q2",
        "revenue": 2095882000,
        "costOfRevenue": 191632000,
        "grossProfit": 1427259000,
        "grossProfitRatio": 0.6809825171,
        "researchAndDevelopmentExpenses": 0,
        "generalAndAdministrativeExpenses": 191632000,
        "sellingAndMarketingExpenses": 0,
        "sellingGeneralAndAdministrativeExpenses": 191632000,
        "otherExpenses": 1427259000,
        "operatingExpenses": 1618891000,
        "costAndExpenses": 590432000,
        "interestIncome": 2095882000,
        "interestExpense": 1697229000,
        "depreciationAndAmortization": 1262974000,
        "ebitda": 1505450000,
        "ebitdaratio": 0.7182894839,
        "operatingIncome": 1505450000,
        "operatingIncomeRatio": 0.7182894839,
        "totalOtherIncomeExpensesNet": -548135000,
        "incomeBeforeTax": 1071195000,
        "incomeBeforeTaxRatio": 0.5110950903,
        "incomeTaxExpense": 104724000,
        "netIncome": 957315000,
        "netIncomeRatio": 0.4567599703,
        "eps": 2.32,
        "epsdiluted": 2.14,
        "weightedAverageShsOut": 411870000,
        "weightedAverageShsOutDil": 452406000,
        "link": "https://www.sec.gov/Archives/edgar/data/1032033/000095013307003257/0000950133-07-003257-index.htm",
        "finalLink": "https://www.sec.gov/Archives/edgar/data/1032033/000095013307003257/w37718e10vq.htm"
    },
    {
        "date": "2007-03-31",
        "symbol": "SLM",
        "reportedCurrency": "USD",
        "cik": "0001032033",
        "fillingDate": "2007-05-10",
        "acceptedDate": "2007-05-10 14:35:34",
        "calendarYear": "2007",
        "period": "Q1",
        "revenue": 1945906000,
        "costOfRevenue": 186350000,
        "grossProfit": 747326000,
        "grossProfitRatio": 0.3840504115,
        "researchAndDevelopmentExpenses": 0,
        "generalAndAdministrativeExpenses": 186350000,
        "sellingAndMarketingExpenses": 0,
        "sellingGeneralAndAdministrativeExpenses": 186350000,
        "otherExpenses": 747326000,
        "operatingExpenses": 933676000,
        "costAndExpenses": 542524000,
        "interestIncome": 1945906000,
        "interestExpense": 1532090000,
        "depreciationAndAmortization": 554875000,
        "ebitda": 1403382000,
        "ebitdaratio": 0.7211972212,
        "operatingIncome": 1403382000,
        "operatingIncomeRatio": 0.7211972212,
        "totalOtherIncomeExpensesNet": -1296322000,
        "incomeBeforeTax": 426167000,
        "incomeBeforeTaxRatio": 0.2190069818,
        "incomeTaxExpense": 310014000,
        "netIncome": 116153000,
        "netIncomeRatio": 0.0596909614,
        "eps": 0.26,
        "epsdiluted": 0.26,
        "weightedAverageShsOut": 411040000,
        "weightedAverageShsOutDil": 411040000,
        "link": "https://www.sec.gov/Archives/edgar/data/1032033/000095013307002233/0000950133-07-002233-index.htm",
        "finalLink": "https://www.sec.gov/Archives/edgar/data/1032033/000095013307002233/w34576e10vq.htm"
    },
    {
        "date": "2006-12-31",
        "symbol": "SLM",
        "reportedCurrency": "USD",
        "cik": "0001032033",
        "fillingDate": "2007-03-01",
        "acceptedDate": "2007-03-01 14:19:18",
        "calendarYear": "2006",
        "period": "Q4",
        "revenue": 480197000,
        "costOfRevenue": 0,
        "grossProfit": 480197000,
        "grossProfitRatio": 1,
        "researchAndDevelopmentExpenses": 0,
        "generalAndAdministrativeExpenses": 179233000,
        "sellingAndMarketingExpenses": 0,
        "sellingGeneralAndAdministrativeExpenses": 179233000,
        "otherExpenses": 1727767000,
        "operatingExpenses": 1907000000,
        "costAndExpenses": 480197000,
        "interestIncome": 1834703000,
        "interestExpense": 1462733000,
        "depreciationAndAmortization": 0,
        "ebitda": 0,
        "ebitdaratio": 0,
        "operatingIncome": 1592590000,
        "operatingIncomeRatio": 3.3165346722,
        "totalOtherIncomeExpensesNet": 133864000,
        "incomeBeforeTax": 133864000,
        "incomeBeforeTaxRatio": 0.2787689219,
        "incomeTaxExpense": 111752000,
        "netIncome": 18105000,
        "netIncomeRatio": 0.0377032759,
        "eps": 0.0442,
        "epsdiluted": 0.044,
        "weightedAverageShsOut": 409584000,
        "weightedAverageShsOutDil": 411040000,
        "link": "https://www.sec.gov/Archives/edgar/data/1032033/000095013307000881/0000950133-07-000881-index.htm",
        "finalLink": "https://www.sec.gov/Archives/edgar/data/1032033/000095013307000881/w30676e10vk.htm"
    },
    {
        "date": "2006-09-30",
        "symbol": "SLM",
        "reportedCurrency": "USD",
        "cik": "0001032033",
        "fillingDate": "2006-11-07",
        "acceptedDate": "2006-11-07 16:34:01",
        "calendarYear": "2006",
        "period": "Q3",
        "revenue": 1701092000,
        "costOfRevenue": 179910000,
        "grossProfit": 839938000,
        "grossProfitRatio": 0.4937640057,
        "researchAndDevelopmentExpenses": 0,
        "generalAndAdministrativeExpenses": 179910000,
        "sellingAndMarketingExpenses": 0,
        "sellingGeneralAndAdministrativeExpenses": 179910000,
        "otherExpenses": 709083000,
        "operatingExpenses": 888993000,
        "costAndExpenses": 533404000,
        "interestIncome": 1701092000,
        "interestExpense": 1363271000,
        "depreciationAndAmortization": 662741000,
        "ebitda": 1167688000,
        "ebitdaratio": 0.686434361,
        "operatingIncome": 1167688000,
        "operatingIncomeRatio": 0.686434361,
        "totalOtherIncomeExpensesNet": -913437000,
        "incomeBeforeTax": 467158000,
        "incomeBeforeTaxRatio": 0.274622419,
        "incomeTaxExpense": 203686000,
        "netIncome": 263472000,
        "netIncomeRatio": 0.1548840392,
        "eps": 0.62,
        "epsdiluted": 0.6,
        "weightedAverageShsOut": 410034000,
        "weightedAverageShsOutDil": 449841000,
        "link": "https://www.sec.gov/Archives/edgar/data/1032033/000110465906072220/0001104659-06-072220-index.htm",
        "finalLink": "https://www.sec.gov/Archives/edgar/data/1032033/000110465906072220/a06-23098_110q.htm"
    },
    {
        "date": "2006-06-30",
        "symbol": "SLM",
        "reportedCurrency": "USD",
        "cik": "0001032033",
        "fillingDate": "2006-08-09",
        "acceptedDate": "2006-08-08 19:20:48",
        "calendarYear": "2006",
        "period": "Q2",
        "revenue": 1560872000,
        "costOfRevenue": 168727000,
        "grossProfit": 1322232000,
        "grossProfitRatio": 0.847111102,
        "researchAndDevelopmentExpenses": 0,
        "generalAndAdministrativeExpenses": 168727000,
        "sellingAndMarketingExpenses": 0,
        "sellingGeneralAndAdministrativeExpenses": 168727000,
        "otherExpenses": 1322232000,
        "operatingExpenses": 316602000,
        "costAndExpenses": 485329000,
        "interestIncome": 1560872000,
        "interestExpense": 1204067000,
        "depreciationAndAmortization": 1234130000,
        "ebitda": 1075543000,
        "ebitdaratio": 0.6890654711,
        "operatingIncome": 1075543000,
        "operatingIncomeRatio": 0.6890654711,
        "totalOtherIncomeExpensesNet": 99976000,
        "incomeBeforeTax": 714991000,
        "incomeBeforeTaxRatio": 0.4580715139,
        "incomeTaxExpense": 381828000,
        "netIncome": 723778000,
        "netIncomeRatio": 0.4637010594,
        "eps": 1.76,
        "epsdiluted": 1.59,
        "weightedAverageShsOut": 410957000,
        "weightedAverageShsOutDil": 454314000,
        "link": "https://www.sec.gov/Archives/edgar/data/1032033/000095013306003642/0000950133-06-003642-index.htm",
        "finalLink": "https://www.sec.gov/Archives/edgar/data/1032033/000095013306003642/w23838e10vq.htm"
    },
    {
        "date": "2006-03-31",
        "symbol": "SLM",
        "reportedCurrency": "USD",
        "cik": "0001032033",
        "fillingDate": "2006-05-10",
        "acceptedDate": "2006-05-10 14:42:18",
        "calendarYear": "2006",
        "period": "Q1",
        "revenue": 673364000,
        "costOfRevenue": 175340000000,
        "grossProfit": -174666636000,
        "grossProfitRatio": -259.3940810617,
        "researchAndDevelopmentExpenses": 0,
        "generalAndAdministrativeExpenses": 175340000,
        "sellingAndMarketingExpenses": 0,
        "sellingGeneralAndAdministrativeExpenses": 175340000,
        "otherExpenses": 498024000,
        "operatingExpenses": 673364000,
        "costAndExpenses": 673364000,
        "interestIncome": 1480305000,
        "interestExpense": 1092784000,
        "depreciationAndAmortization": -980274570000,
        "ebitda": 1381430000,
        "ebitdaratio": 2.0515352766,
        "operatingIncome": 981656000,
        "operatingIncomeRatio": 1.4578385539,
        "totalOtherIncomeExpensesNet": -838356000,
        "incomeBeforeTax": 288646000,
        "incomeBeforeTaxRatio": 0.428662655,
        "incomeTaxExpense": 137045000,
        "netIncome": 151601000,
        "netIncomeRatio": 0.2251397461,
        "eps": 0.37,
        "epsdiluted": 0.36,
        "weightedAverageShsOut": 412675000,
        "weightedAverageShsOutDil": 412675000,
        "link": "https://www.sec.gov/Archives/edgar/data/1032033/000104746906006803/0001047469-06-006803-index.htm",
        "finalLink": "https://www.sec.gov/Archives/edgar/data/1032033/000104746906006803/a2170118z10-q.htm"
    },
    {
        "date": "2005-12-31",
        "symbol": "SLM",
        "reportedCurrency": "USD",
        "cik": "0001032033",
        "fillingDate": "2006-03-09",
        "acceptedDate": "2006-03-09 17:19:01",
        "calendarYear": "2005",
        "period": "Q4",
        "revenue": 1009877000,
        "costOfRevenue": 0,
        "grossProfit": 1009877000,
        "grossProfitRatio": 1,
        "researchAndDevelopmentExpenses": 0,
        "generalAndAdministrativeExpenses": 163859000,
        "sellingAndMarketingExpenses": 0,
        "sellingGeneralAndAdministrativeExpenses": 163859000,
        "otherExpenses": 1200141000,
        "operatingExpenses": 1009877000,
        "costAndExpenses": 1009877000,
        "interestIncome": 1392266000,
        "interestExpense": 1002133000,
        "depreciationAndAmortization": 0,
        "ebitda": 0,
        "ebitdaratio": 0,
        "operatingIncome": 1649075000,
        "operatingIncomeRatio": 1.6329463885,
        "totalOtherIncomeExpensesNet": 641484000,
        "incomeBeforeTax": 641484000,
        "incomeBeforeTaxRatio": 0.6352100305,
        "incomeTaxExpense": 215907000,
        "netIncome": 431035000,
        "netIncomeRatio": 0.4268193057,
        "eps": 1.04,
        "epsdiluted": 1.04,
        "weightedAverageShsOut": 412675000,
        "weightedAverageShsOutDil": 412675000,
        "link": "https://www.sec.gov/Archives/edgar/data/1032033/000110465906015405/0001104659-06-015405-index.htm",
        "finalLink": "https://www.sec.gov/Archives/edgar/data/1032033/000110465906015405/a06-6041_110k.htm"
    },
    {
        "date": "2005-09-30",
        "symbol": "SLM",
        "reportedCurrency": "USD",
        "cik": "0001032033",
        "fillingDate": "2005-11-08",
        "acceptedDate": "2005-11-08 16:08:10",
        "calendarYear": "2005",
        "period": "Q3",
        "revenue": 886378000,
        "costOfRevenue": 162897000000,
        "grossProfit": -162010622000,
        "grossProfitRatio": -182.7782526191,
        "researchAndDevelopmentExpenses": 0,
        "generalAndAdministrativeExpenses": 162897000,
        "sellingAndMarketingExpenses": 0,
        "sellingGeneralAndAdministrativeExpenses": 162897000,
        "otherExpenses": 723481000,
        "operatingExpenses": 886378000,
        "costAndExpenses": 886378000,
        "interestIncome": 1212886000,
        "interestExpense": 828122000,
        "depreciationAndAmortization": -756618707000,
        "ebitda": 1409293000,
        "ebitdaratio": 1.5899458245,
        "operatingIncome": 758028000,
        "operatingIncomeRatio": 0.8551972183,
        "totalOtherIncomeExpensesNet": -333966000,
        "incomeBeforeTax": 582200000,
        "incomeBeforeTaxRatio": 0.6568303816,
        "incomeTaxExpense": 149821000,
        "netIncome": 431350000,
        "netIncomeRatio": 0.4866433959,
        "eps": 1.03,
        "epsdiluted": 0.95,
        "weightedAverageShsOut": 417235000,
        "weightedAverageShsOutDil": 458798000,
        "link": "https://www.sec.gov/Archives/edgar/data/1032033/000104746905026421/0001047469-05-026421-index.htm",
        "finalLink": "https://www.sec.gov/Archives/edgar/data/1032033/000104746905026421/a2164757z10-q.htm"
    },
    {
        "date": "2005-06-30",
        "symbol": "SLM",
        "reportedCurrency": "USD",
        "cik": "0001032033",
        "fillingDate": "2005-08-09",
        "acceptedDate": "2005-08-09 13:22:38",
        "calendarYear": "2005",
        "period": "Q2",
        "revenue": 841684000,
        "costOfRevenue": 151336000,
        "grossProfit": 842703000,
        "grossProfitRatio": 1.0012106681,
        "researchAndDevelopmentExpenses": 0,
        "generalAndAdministrativeExpenses": 151336000,
        "sellingAndMarketingExpenses": 0,
        "sellingGeneralAndAdministrativeExpenses": 151336000,
        "otherExpenses": 690348000,
        "operatingExpenses": 841684000,
        "costAndExpenses": 841684000,
        "interestIncome": 994039000,
        "interestExpense": 664251000,
        "depreciationAndAmortization": -554152661000,
        "ebitda": 1137339000,
        "ebitdaratio": 1.3512660333,
        "operatingIncome": 555290000,
        "operatingIncomeRatio": 0.6597369084,
        "totalOtherIncomeExpensesNet": -262683000,
        "incomeBeforeTax": 473088000,
        "incomeBeforeTaxRatio": 0.5620731771,
        "incomeTaxExpense": 176573000,
        "netIncome": 296515000,
        "netIncomeRatio": 0.3522877945,
        "eps": 0.7,
        "epsdiluted": 0.66,
        "weightedAverageShsOut": 419497000,
        "weightedAverageShsOutDil": 461900000,
        "link": "https://www.sec.gov/Archives/edgar/data/1032033/000104746905021098/0001047469-05-021098-index.htm",
        "finalLink": "https://www.sec.gov/Archives/edgar/data/1032033/000104746905021098/a2161773z10-q.htm"
    },
    {
        "date": "2005-03-31",
        "symbol": "SLM",
        "reportedCurrency": "USD",
        "cik": "0001032033",
        "fillingDate": "2005-05-09",
        "acceptedDate": "2005-05-09 16:57:40",
        "calendarYear": "2005",
        "period": "Q1",
        "revenue": 720858000,
        "costOfRevenue": 146932000,
        "grossProfit": 573926000,
        "grossProfitRatio": 0.7961706744,
        "researchAndDevelopmentExpenses": 0,
        "generalAndAdministrativeExpenses": 146932000,
        "sellingAndMarketingExpenses": 0,
        "sellingGeneralAndAdministrativeExpenses": 146932000,
        "otherExpenses": 726068000,
        "operatingExpenses": 262291000,
        "costAndExpenses": 720858000,
        "interestIncome": 910972000,
        "interestExpense": 564212000,
        "depreciationAndAmortization": 472313000,
        "ebitda": 501749000,
        "ebitdaratio": 0.6960441585,
        "operatingIncome": 501749000,
        "operatingIncomeRatio": 0.6960441585,
        "totalOtherIncomeExpensesNet": -281240000,
        "incomeBeforeTax": 409850000,
        "incomeBeforeTaxRatio": 0.5685585788,
        "incomeTaxExpense": 186466000,
        "netIncome": 223384000,
        "netIncomeRatio": 0.3098862744,
        "eps": 0.53,
        "epsdiluted": 0.48,
        "weightedAverageShsOut": 420924000,
        "weightedAverageShsOutDil": 463014000,
        "link": "https://www.sec.gov/Archives/edgar/data/1032033/000110465905021728/0001104659-05-021728-index.htm",
        "finalLink": "https://www.sec.gov/Archives/edgar/data/1032033/000110465905021728/a05-8564_110q.htm"
    },
    {
        "date": "2004-12-31",
        "symbol": "SLM",
        "reportedCurrency": "USD",
        "cik": "0001032033",
        "fillingDate": "2005-03-16",
        "acceptedDate": "2005-03-16 14:12:53",
        "calendarYear": "2004",
        "period": "Q4",
        "revenue": 1173879000,
        "costOfRevenue": 0,
        "grossProfit": 1173879000,
        "grossProfitRatio": 1,
        "researchAndDevelopmentExpenses": 0,
        "generalAndAdministrativeExpenses": 144032000,
        "sellingAndMarketingExpenses": 0,
        "sellingGeneralAndAdministrativeExpenses": -353166000,
        "otherExpenses": 1029847000,
        "operatingExpenses": 1173879000,
        "costAndExpenses": 1115780000,
        "interestIncome": 801272000,
        "interestExpense": 469238000,
        "depreciationAndAmortization": 0,
        "ebitda": 1223027000,
        "ebitdaratio": 1.041868029,
        "operatingIncome": 1223027000,
        "operatingIncomeRatio": 1.041868029,
        "totalOtherIncomeExpensesNet": 53001000,
        "incomeBeforeTax": 753789000,
        "incomeBeforeTaxRatio": 0.6421351775,
        "incomeTaxExpense": 103488000,
        "netIncome": 647425000,
        "netIncomeRatio": 0.5515261794,
        "eps": 1.54,
        "epsdiluted": 1.54,
        "weightedAverageShsOut": 420924000,
        "weightedAverageShsOutDil": 420924000,
        "link": "https://www.sec.gov/Archives/edgar/data/1032033/000095013305001066/0000950133-05-001066-index.htm",
        "finalLink": "https://www.sec.gov/Archives/edgar/data/1032033/000095013305001066/w05293e10vk.htm"
    },
    {
        "date": "2004-09-30",
        "symbol": "SLM",
        "reportedCurrency": "USD",
        "cik": "0001032033",
        "fillingDate": "2004-11-09",
        "acceptedDate": "2004-11-09 14:45:09",
        "calendarYear": "2004",
        "period": "Q3",
        "revenue": 778406000,
        "costOfRevenue": 0,
        "grossProfit": 778406000,
        "grossProfitRatio": 1,
        "researchAndDevelopmentExpenses": 0,
        "generalAndAdministrativeExpenses": 113386000,
        "sellingAndMarketingExpenses": 0,
        "sellingGeneralAndAdministrativeExpenses": 113386000,
        "otherExpenses": 665020000,
        "operatingExpenses": 778406000,
        "costAndExpenses": 778406000,
        "interestIncome": 684895000,
        "interestExpense": 371952000,
        "depreciationAndAmortization": 0,
        "ebitda": 825666000,
        "ebitdaratio": 1.0607138177,
        "operatingIncome": 825666000,
        "operatingIncomeRatio": 1.0607138177,
        "totalOtherIncomeExpensesNet": 453714000,
        "incomeBeforeTax": 453714000,
        "incomeBeforeTaxRatio": 0.5828757743,
        "incomeTaxExpense": 97136000,
        "netIncome": 353703000,
        "netIncomeRatio": 0.4543939795,
        "eps": 0.81,
        "epsdiluted": 0.75,
        "weightedAverageShsOut": 435764000,
        "weightedAverageShsOutDil": 474455000,
        "link": "https://www.sec.gov/Archives/edgar/data/1032033/000104746904033563/0001047469-04-033563-index.htm",
        "finalLink": "https://www.sec.gov/Archives/edgar/data/1032033/000104746904033563/a2146195z10-q.htm"
    },
    {
        "date": "2004-06-30",
        "symbol": "SLM",
        "reportedCurrency": "USD",
        "cik": "0001032033",
        "fillingDate": "2004-08-09",
        "acceptedDate": "2004-08-09 15:58:11",
        "calendarYear": "2004",
        "period": "Q2",
        "revenue": 1202108000,
        "costOfRevenue": 0,
        "grossProfit": 1202108000,
        "grossProfitRatio": 1,
        "researchAndDevelopmentExpenses": 0,
        "generalAndAdministrativeExpenses": 113512000,
        "sellingAndMarketingExpenses": 0,
        "sellingGeneralAndAdministrativeExpenses": 113512000,
        "otherExpenses": 1088596000,
        "operatingExpenses": 1202108000,
        "costAndExpenses": 1202108000,
        "interestIncome": 639439000,
        "interestExpense": 306832000,
        "depreciationAndAmortization": 0,
        "ebitda": 1274545000,
        "ebitdaratio": 1.0602583129,
        "operatingIncome": 1274545000,
        "operatingIncomeRatio": 1.0602583129,
        "totalOtherIncomeExpensesNet": 967713000,
        "incomeBeforeTax": 967713000,
        "incomeBeforeTaxRatio": 0.8050133599,
        "incomeTaxExpense": 352787000,
        "netIncome": 612062000,
        "netIncomeRatio": 0.5091572471,
        "eps": 1.4,
        "epsdiluted": 1.29,
        "weightedAverageShsOut": 439901000,
        "weightedAverageShsOutDil": 478497000,
        "link": "https://www.sec.gov/Archives/edgar/data/1032033/000104746904025821/0001047469-04-025821-index.htm",
        "finalLink": "https://www.sec.gov/Archives/edgar/data/1032033/000104746904025821/a2141531z10-q.htm"
    },
    {
        "date": "2004-03-31",
        "symbol": "SLM",
        "reportedCurrency": "USD",
        "cik": "0001032033",
        "fillingDate": "2004-05-10",
        "acceptedDate": "2004-05-10 15:27:10",
        "calendarYear": "2004",
        "period": "Q1",
        "revenue": 629438000,
        "costOfRevenue": 0,
        "grossProfit": 629438000,
        "grossProfitRatio": 1,
        "researchAndDevelopmentExpenses": 0,
        "generalAndAdministrativeExpenses": 126268000,
        "sellingAndMarketingExpenses": 0,
        "sellingGeneralAndAdministrativeExpenses": 126268000,
        "otherExpenses": 503170000,
        "operatingExpenses": 629438000,
        "costAndExpenses": 629438000,
        "interestIncome": 607389000,
        "interestExpense": 285674000,
        "depreciationAndAmortization": 0,
        "ebitda": 666417000,
        "ebitdaratio": 1.0587492334,
        "operatingIncome": 666417000,
        "operatingIncomeRatio": 1.0587492334,
        "totalOtherIncomeExpensesNet": 380743000,
        "incomeBeforeTax": 380743000,
        "incomeBeforeTaxRatio": 0.6048935717,
        "incomeTaxExpense": 89278000,
        "netIncome": 288579000,
        "netIncomeRatio": 0.4584708899,
        "eps": 0.65,
        "epsdiluted": 0.64,
        "weightedAverageShsOut": 442664000,
        "weightedAverageShsOutDil": 451747000,
        "link": "https://www.sec.gov/Archives/edgar/data/1032033/000104746904016643/0001047469-04-016643-index.htm",
        "finalLink": "https://www.sec.gov/Archives/edgar/data/1032033/000104746904016643/a2135955z10-q.htm"
    },
    {
        "date": "2003-12-31",
        "symbol": "SLM",
        "reportedCurrency": "USD",
        "cik": "0001032033",
        "fillingDate": "2004-03-15",
        "acceptedDate": "2004-03-15 11:30:45",
        "calendarYear": "2003",
        "period": "Q4",
        "revenue": 692512000,
        "costOfRevenue": 0,
        "grossProfit": 692512000,
        "grossProfitRatio": 1,
        "researchAndDevelopmentExpenses": 0,
        "generalAndAdministrativeExpenses": 119286000,
        "sellingAndMarketingExpenses": 0,
        "sellingGeneralAndAdministrativeExpenses": 119286000,
        "otherExpenses": 573226000,
        "operatingExpenses": 256680000000,
        "costAndExpenses": 256680000000,
        "interestIncome": 867453000,
        "interestExpense": 298112000,
        "depreciationAndAmortization": 0,
        "ebitda": 709399000,
        "ebitdaratio": 1.024385137,
        "operatingIncome": 709399000,
        "operatingIncomeRatio": 1.024385137,
        "totalOtherIncomeExpensesNet": 411287000,
        "incomeBeforeTax": 411287000,
        "incomeBeforeTaxRatio": 0.593905954,
        "incomeTaxExpense": 146858000,
        "netIncome": 264429000,
        "netIncomeRatio": 0.3818403147,
        "eps": 0.6,
        "epsdiluted": 0.6,
        "weightedAverageShsOut": 442664000,
        "weightedAverageShsOutDil": 442664000,
        "link": "https://www.sec.gov/Archives/edgar/data/1032033/000091205704000312/0000912057-04-000312-index.htm",
        "finalLink": "https://www.sec.gov/Archives/edgar/data/1032033/000091205704000312/a2130702z10-k.htm"
    },
    {
        "date": "2003-09-30",
        "symbol": "SLM",
        "reportedCurrency": "USD",
        "cik": "0001032033",
        "fillingDate": "2003-11-13",
        "acceptedDate": "2003-11-12 18:54:13",
        "calendarYear": "2003",
        "period": "Q3",
        "revenue": 483192000000,
        "costOfRevenue": 110103000000,
        "grossProfit": -109322669000,
        "grossProfitRatio": -0.2262509913,
        "researchAndDevelopmentExpenses": 0,
        "generalAndAdministrativeExpenses": 110103000,
        "sellingAndMarketingExpenses": 0,
        "sellingGeneralAndAdministrativeExpenses": 110103000,
        "otherExpenses": 670228000,
        "operatingExpenses": 184205000000,
        "costAndExpenses": 294308000000,
        "interestIncome": 483192000,
        "interestExpense": 232978000,
        "depreciationAndAmortization": -187966620000,
        "ebitda": 188884000000,
        "ebitdaratio": 0.3909087899,
        "operatingIncome": 188884000000,
        "operatingIncomeRatio": 0.3909087899,
        "totalOtherIncomeExpensesNet": 554431000,
        "incomeBeforeTax": 554431000,
        "incomeBeforeTaxRatio": 0.0011474341,
        "incomeTaxExpense": 204514000,
        "netIncome": 477013000,
        "netIncomeRatio": 0.0009872121,
        "eps": 1.06,
        "epsdiluted": 1.04,
        "weightedAverageShsOut": 450725000,
        "weightedAverageShsOutDil": 460647000,
        "link": "https://www.sec.gov/Archives/edgar/data/1032033/000104746903037093/0001047469-03-037093-index.htm",
        "finalLink": "https://www.sec.gov/Archives/edgar/data/1032033/000104746903037093/a2121999z10-q.htm"
    },
    {
        "date": "2003-06-30",
        "symbol": "SLM",
        "reportedCurrency": "USD",
        "cik": "0001032033",
        "fillingDate": "2003-08-13",
        "acceptedDate": "2003-08-13 17:11:17",
        "calendarYear": "2003",
        "period": "Q2",
        "revenue": 800326000,
        "costOfRevenue": 110722000000,
        "grossProfit": -109921674000,
        "grossProfitRatio": -137.3461239545,
        "researchAndDevelopmentExpenses": 0,
        "generalAndAdministrativeExpenses": 110722000,
        "sellingAndMarketingExpenses": 0,
        "sellingGeneralAndAdministrativeExpenses": 110722000,
        "otherExpenses": 689604000,
        "operatingExpenses": 800326000,
        "costAndExpenses": 800326000,
        "interestIncome": 611641000,
        "interestExpense": 246727000,
        "depreciationAndAmortization": -211503263000,
        "ebitda": 820737000,
        "ebitdaratio": 1.0255033574,
        "operatingIncome": 212324000000,
        "operatingIncomeRatio": 265.2968915167,
        "totalOtherIncomeExpensesNet": 300362684000,
        "incomeBeforeTax": 574010000,
        "incomeBeforeTaxRatio": 0.7172202328,
        "incomeTaxExpense": 201316000,
        "netIncome": 369819000,
        "netIncomeRatio": 0.4620854502,
        "eps": 0.82,
        "epsdiluted": 0.8,
        "weightedAverageShsOut": 452174000,
        "weightedAverageShsOutDil": 465132000,
        "link": "https://www.sec.gov/Archives/edgar/data/1032033/000104746903027470/0001047469-03-027470-index.htm",
        "finalLink": "https://www.sec.gov/Archives/edgar/data/1032033/000104746903027470/a2115883z10-q.htm"
    },
    {
        "date": "2003-03-31",
        "symbol": "SLM",
        "reportedCurrency": "USD",
        "cik": "0001032033",
        "fillingDate": "2003-05-13",
        "acceptedDate": "2003-05-13 15:55:31",
        "calendarYear": "2003",
        "period": "Q1",
        "revenue": 865151000,
        "costOfRevenue": 0,
        "grossProfit": 865151000,
        "grossProfitRatio": 1,
        "researchAndDevelopmentExpenses": 0,
        "generalAndAdministrativeExpenses": 95819000,
        "sellingAndMarketingExpenses": 0,
        "sellingGeneralAndAdministrativeExpenses": 95819000,
        "otherExpenses": 769332000,
        "operatingExpenses": 865151000,
        "costAndExpenses": 865151000,
        "interestIncome": 484717000,
        "interestExpense": 244089000,
        "depreciationAndAmortization": 0,
        "ebitda": 887330000,
        "ebitdaratio": 1.0256359872,
        "operatingIncome": 887330000,
        "operatingIncomeRatio": 1.0256359872,
        "totalOtherIncomeExpensesNet": 643241000,
        "incomeBeforeTax": 643241000,
        "incomeBeforeTaxRatio": 0.7435014235,
        "incomeTaxExpense": 226692000,
        "netIncome": 413674000,
        "netIncomeRatio": 0.4781523688,
        "eps": 0.91,
        "epsdiluted": 0.88,
        "weightedAverageShsOut": 456582000,
        "weightedAverageShsOutDil": 469695000,
        "link": "https://www.sec.gov/Archives/edgar/data/1032033/000104746903018165/0001047469-03-018165-index.htm",
        "finalLink": "https://www.sec.gov/Archives/edgar/data/1032033/000104746903018165/a2110397z10-q.htm"
    },
    {
        "date": "2002-12-31",
        "symbol": "SLM",
        "reportedCurrency": "USD",
        "cik": "0001032033",
        "fillingDate": "2003-03-27",
        "acceptedDate": "2003-03-27 17:07:10",
        "calendarYear": "2002",
        "period": "Q4",
        "revenue": 2210424943000,
        "costOfRevenue": 375045943000,
        "grossProfit": -374148301000,
        "grossProfitRatio": -0.1692653271,
        "researchAndDevelopmentExpenses": 0,
        "generalAndAdministrativeExpenses": 96334000,
        "sellingAndMarketingExpenses": 0,
        "sellingGeneralAndAdministrativeExpenses": 96334000,
        "otherExpenses": 801308000,
        "operatingExpenses": 691108057000,
        "costAndExpenses": 1066154000000,
        "interestIncome": 459900000,
        "interestExpense": 274375000,
        "depreciationAndAmortization": -1144853673000,
        "ebitda": 753327000,
        "ebitdaratio": 0.0003408064,
        "operatingIncome": 1145607000000,
        "operatingIncomeRatio": 0.5182745533,
        "totalOtherIncomeExpensesNet": -365856447000,
        "incomeBeforeTax": 779750553000,
        "incomeBeforeTaxRatio": 0.3527604751,
        "incomeTaxExpense": 172922000,
        "netIncome": 303154000,
        "netIncomeRatio": 0.0001371474,
        "eps": 0.67,
        "epsdiluted": 0.67,
        "weightedAverageShsOut": 456435000,
        "weightedAverageShsOutDil": 456582000,
        "link": "https://www.sec.gov/Archives/edgar/data/1032033/000104746903010569/0001047469-03-010569-index.htm",
        "finalLink": "https://www.sec.gov/Archives/edgar/data/1032033/000104746903010569/a2105032z10-k.htm"
    },
    {
        "date": "2002-09-30",
        "symbol": "SLM",
        "reportedCurrency": "USD",
        "cik": "0001032033",
        "fillingDate": "2002-11-14",
        "acceptedDate": "2002-11-13 18:50:42",
        "calendarYear": "2002",
        "period": "Q3",
        "revenue": 103361000,
        "costOfRevenue": 96328000000,
        "grossProfit": -96224639000,
        "grossProfitRatio": -930.9569276613,
        "researchAndDevelopmentExpenses": 0,
        "generalAndAdministrativeExpenses": 96328000,
        "sellingAndMarketingExpenses": 0,
        "sellingGeneralAndAdministrativeExpenses": 96328000,
        "otherExpenses": 174309000,
        "operatingExpenses": 103361000,
        "costAndExpenses": 103361000,
        "interestIncome": 554928000,
        "interestExpense": 300615000,
        "depreciationAndAmortization": -284096104000,
        "ebitda": 194896000,
        "ebitdaratio": 1.8855854723,
        "operatingIncome": 284291000,
        "operatingIncomeRatio": 2.7504668105,
        "totalOtherIncomeExpensesNet": -390010000,
        "incomeBeforeTax": -105719000,
        "incomeBeforeTaxRatio": -1.0228132468,
        "incomeTaxExpense": -43340000,
        "netIncome": -62379000,
        "netIncomeRatio": -0.603506158,
        "eps": -0.14,
        "epsdiluted": -0.14,
        "weightedAverageShsOut": 461159000,
        "weightedAverageShsOutDil": 461159000,
        "link": "https://www.sec.gov/Archives/edgar/data/1032033/000091205702042215/0000912057-02-042215-index.htm",
        "finalLink": "https://www.sec.gov/Archives/edgar/data/1032033/000091205702042215/a2092628z10-q.htm"
    },
    {
        "date": "2002-06-30",
        "symbol": "SLM",
        "reportedCurrency": "USD",
        "cik": "0001032033",
        "fillingDate": "2002-08-14",
        "acceptedDate": "2002-08-14 17:59:00",
        "calendarYear": "2002",
        "period": "Q2",
        "revenue": 391147000,
        "costOfRevenue": 89617000000,
        "grossProfit": -89225853000,
        "grossProfitRatio": -228.1133512465,
        "researchAndDevelopmentExpenses": 0,
        "generalAndAdministrativeExpenses": 89617000,
        "sellingAndMarketingExpenses": 0,
        "sellingGeneralAndAdministrativeExpenses": 89617000,
        "otherExpenses": 301530000,
        "operatingExpenses": 391147000,
        "costAndExpenses": 391147000,
        "interestIncome": 598956000,
        "interestExpense": 311030000,
        "depreciationAndAmortization": 0,
        "ebitda": 506685000,
        "ebitdaratio": 1.2953825544,
        "operatingIncome": 341397000,
        "operatingIncomeRatio": 0.8728099666,
        "totalOtherIncomeExpensesNet": -218271000,
        "incomeBeforeTax": 195655000,
        "incomeBeforeTaxRatio": 0.5002083616,
        "incomeTaxExpense": 69654000,
        "netIncome": 126001000,
        "netIncomeRatio": 0.3221320884,
        "eps": 0.27,
        "epsdiluted": 0.26,
        "weightedAverageShsOut": 462906000,
        "weightedAverageShsOutDil": 475845000,
        "link": "https://www.sec.gov/Archives/edgar/data/1032033/000091205702032271/0000912057-02-032271-index.htm",
        "finalLink": "https://www.sec.gov/Archives/edgar/data/1032033/000091205702032271/a2086411z10-q.htm"
    },
    {
        "date": "2002-03-31",
        "symbol": "SLM",
        "reportedCurrency": "USD",
        "cik": "0001032033",
        "fillingDate": "2002-05-15",
        "acceptedDate": "2002-05-15 16:15:16",
        "calendarYear": "2002",
        "period": "Q1",
        "revenue": 841549000,
        "costOfRevenue": 94103000000,
        "grossProfit": -93261451000,
        "grossProfitRatio": -110.8211773765,
        "researchAndDevelopmentExpenses": 0,
        "generalAndAdministrativeExpenses": 94103000,
        "sellingAndMarketingExpenses": 0,
        "sellingGeneralAndAdministrativeExpenses": 94103000,
        "otherExpenses": 747446000,
        "operatingExpenses": 841549000,
        "costAndExpenses": 841549000,
        "interestIncome": 597977000,
        "interestExpense": 316600000,
        "depreciationAndAmortization": 0,
        "ebitda": 971111000,
        "ebitdaratio": 1.1539565729,
        "operatingIncome": 337073000,
        "operatingIncomeRatio": 0.4005387684,
        "totalOtherIncomeExpensesNet": 82396000,
        "incomeBeforeTax": 654511000,
        "incomeBeforeTaxRatio": 0.7777455621,
        "incomeTaxExpense": 232167000,
        "netIncome": 419469000,
        "netIncomeRatio": 0.498448694,
        "eps": 0.9,
        "epsdiluted": 0.88,
        "weightedAverageShsOut": 466887000,
        "weightedAverageShsOutDil": 479049000,
        "link": "https://www.sec.gov/Archives/edgar/data/1032033/000091205702020783/0000912057-02-020783-index.htm",
        "finalLink": "https://www.sec.gov/Archives/edgar/data/1032033/000091205702020783/a2079298z10-q.htm"
    },
    {
        "date": "2001-12-31",
        "symbol": "SLM",
        "reportedCurrency": "USD",
        "cik": "0001032033",
        "fillingDate": "2002-03-28",
        "acceptedDate": "2002-03-28 00:00:00",
        "calendarYear": "2001",
        "period": "Q4",
        "revenue": 1075665000,
        "costOfRevenue": 0,
        "grossProfit": 1075665000,
        "grossProfitRatio": 1,
        "researchAndDevelopmentExpenses": 0,
        "generalAndAdministrativeExpenses": 97394000,
        "sellingAndMarketingExpenses": 0,
        "sellingGeneralAndAdministrativeExpenses": 97394000,
        "otherExpenses": -401459000,
        "operatingExpenses": -304065000,
        "costAndExpenses": -304065000,
        "interestIncome": 628719000,
        "interestExpense": 360133000,
        "depreciationAndAmortization": 0,
        "ebitda": 771600000,
        "ebitdaratio": 0.7173237021,
        "operatingIncome": 771600000,
        "operatingIncomeRatio": 0.7173237021,
        "totalOtherIncomeExpensesNet": -968263000,
        "incomeBeforeTax": 411467000,
        "incomeBeforeTaxRatio": 0.3825233693,
        "incomeTaxExpense": 145522000,
        "netIncome": 265945000,
        "netIncomeRatio": 0.2472377552,
        "eps": 0.57,
        "epsdiluted": 0.57,
        "weightedAverageShsOut": 466641000,
        "weightedAverageShsOutDil": 466887000,
        "link": "https://www.sec.gov/Archives/edgar/data/1032033/000091205702012292/0000912057-02-012292-index.htm",
        "finalLink": "https://www.sec.gov/Archives/edgar/data/1032033/000091205702012292/a2072483z10-k.txt"
    },
    {
        "date": "2001-09-30",
        "symbol": "SLM",
        "reportedCurrency": "USD",
        "cik": "0001032033",
        "fillingDate": "2001-11-14",
        "acceptedDate": "2001-11-14 00:00:00",
        "calendarYear": "2001",
        "period": "Q3",
        "revenue": -90116000,
        "costOfRevenue": 0,
        "grossProfit": -90116000,
        "grossProfitRatio": 1,
        "researchAndDevelopmentExpenses": 0,
        "generalAndAdministrativeExpenses": 88380000,
        "sellingAndMarketingExpenses": 0,
        "sellingGeneralAndAdministrativeExpenses": 88380000,
        "otherExpenses": 211207000,
        "operatingExpenses": 299587000,
        "costAndExpenses": 299587000,
        "interestIncome": 699291000,
        "interestExpense": 501672000,
        "depreciationAndAmortization": 0,
        "ebitda": 209471000,
        "ebitdaratio": -2.3244595854,
        "operatingIncome": 209471000,
        "operatingIncomeRatio": -2.3244595854,
        "totalOtherIncomeExpensesNet": 97502000,
        "incomeBeforeTax": -292201000,
        "incomeBeforeTaxRatio": 3.2424985574,
        "incomeTaxExpense": -98656000,
        "netIncome": -193545000,
        "netIncomeRatio": 2.1477318123,
        "eps": -0.42,
        "epsdiluted": -0.42,
        "weightedAverageShsOut": 471222000,
        "weightedAverageShsOutDil": 471222000,
        "link": "https://www.sec.gov/Archives/edgar/data/1032033/000091205701539763/0000912057-01-539763-index.htm",
        "finalLink": "https://www.sec.gov/Archives/edgar/data/1032033/000091205701539763/a2063062z10-q.txt"
    },
    {
        "date": "2001-06-30",
        "symbol": "SLM",
        "reportedCurrency": "USD",
        "cik": "0001032033",
        "fillingDate": "2001-08-14",
        "acceptedDate": "2001-08-14 00:00:00",
        "calendarYear": "2001",
        "period": "Q2",
        "revenue": 623623000,
        "costOfRevenue": 0,
        "grossProfit": 623623000,
        "grossProfitRatio": 1,
        "researchAndDevelopmentExpenses": 0,
        "generalAndAdministrativeExpenses": 84318000,
        "sellingAndMarketingExpenses": 0,
        "sellingGeneralAndAdministrativeExpenses": 84318000,
        "otherExpenses": 539305000,
        "operatingExpenses": 623623000,
        "costAndExpenses": 623623000,
        "interestIncome": 794848000,
        "interestExpense": 567445000,
        "depreciationAndAmortization": 0,
        "ebitda": 1004857000,
        "ebitdaratio": 1.611321263,
        "operatingIncome": 1004857000,
        "operatingIncomeRatio": 1.611321263,
        "totalOtherIncomeExpensesNet": 195023000,
        "incomeBeforeTax": 437412000,
        "incomeBeforeTaxRatio": 0.7014045345,
        "incomeTaxExpense": 155617000,
        "netIncome": 281795000,
        "netIncomeRatio": 0.4518675546,
        "eps": 0.58,
        "epsdiluted": 0.56,
        "weightedAverageShsOut": 482121000,
        "weightedAverageShsOutDil": 499224000,
        "link": "https://www.sec.gov/Archives/edgar/data/1032033/000091205701528717/0000912057-01-528717-index.htm",
        "finalLink": "https://www.sec.gov/Archives/edgar/data/1032033/000091205701528717/a2056448z10-q.txt"
    },
    {
        "date": "2001-03-31",
        "symbol": "SLM",
        "reportedCurrency": "USD",
        "cik": "0001032033",
        "fillingDate": "2001-05-15",
        "acceptedDate": "2001-05-15 00:00:00",
        "calendarYear": "2001",
        "period": "Q1",
        "revenue": 234286000,
        "costOfRevenue": 0,
        "grossProfit": 234286000,
        "grossProfitRatio": 1,
        "researchAndDevelopmentExpenses": 0,
        "generalAndAdministrativeExpenses": 92567000,
        "sellingAndMarketingExpenses": 0,
        "sellingGeneralAndAdministrativeExpenses": 92567000,
        "otherExpenses": 418652000,
        "operatingExpenses": 511219000,
        "costAndExpenses": 511219000,
        "interestIncome": 874673000,
        "interestExpense": 694865000,
        "depreciationAndAmortization": 0,
        "ebitda": 745505000,
        "ebitdaratio": 3.1820296561,
        "operatingIncome": 745505000,
        "operatingIncomeRatio": 3.1820296561,
        "totalOtherIncomeExpensesNet": 327573000,
        "incomeBeforeTax": 50640000,
        "incomeBeforeTaxRatio": 0.2161460779,
        "incomeTaxExpense": 20839000,
        "netIncome": 29801000,
        "netIncomeRatio": 0.1271992351,
        "eps": 0.0567,
        "epsdiluted": 0.0533,
        "weightedAverageShsOut": 489153000,
        "weightedAverageShsOutDil": 509817000,
        "link": "https://www.sec.gov/Archives/edgar/data/1032033/000091205701516151/0000912057-01-516151-index.htm",
        "finalLink": "https://www.sec.gov/Archives/edgar/data/1032033/000091205701516151/a2048815z10-q.txt"
    },
    {
        "date": "2000-12-31",
        "symbol": "SLM",
        "reportedCurrency": "USD",
        "cik": "0001032033",
        "fillingDate": "2001-04-02",
        "acceptedDate": "2001-04-02 00:00:00",
        "calendarYear": "2000",
        "period": "Q4",
        "revenue": 338756000,
        "costOfRevenue": 0,
        "grossProfit": 338756000,
        "grossProfitRatio": 1,
        "researchAndDevelopmentExpenses": 0,
        "generalAndAdministrativeExpenses": 92941000,
        "sellingAndMarketingExpenses": 0,
        "sellingGeneralAndAdministrativeExpenses": 92941000,
        "otherExpenses": 515686000,
        "operatingExpenses": 608627000,
        "costAndExpenses": 608627000,
        "interestIncome": 952909000,
        "interestExpense": 794964000,
        "depreciationAndAmortization": 0,
        "ebitda": 947383000,
        "ebitdaratio": 2.7966530482,
        "operatingIncome": 947383000,
        "operatingIncomeRatio": 2.7966530482,
        "totalOtherIncomeExpensesNet": 152419000,
        "incomeBeforeTax": 152419000,
        "incomeBeforeTaxRatio": 0.4499374181,
        "incomeTaxExpense": 53762000,
        "netIncome": 98657000,
        "netIncomeRatio": 0.291233218,
        "eps": 0.2,
        "epsdiluted": 0.2,
        "weightedAverageShsOut": 489153000,
        "weightedAverageShsOutDil": 489153000,
        "link": "https://www.sec.gov/Archives/edgar/data/1032033/000092838501500211/0000928385-01-500211-index.htm",
        "finalLink": "https://www.sec.gov/Archives/edgar/data/1032033/000092838501500211/d10k405.txt"
    },
    {
        "date": "2000-09-30",
        "symbol": "SLM",
        "reportedCurrency": "USD",
        "cik": "0001032033",
        "fillingDate": "2000-11-14",
        "acceptedDate": "2000-11-14 00:00:00",
        "calendarYear": "2000",
        "period": "Q3",
        "revenue": 366249000,
        "costOfRevenue": 0,
        "grossProfit": 366249000,
        "grossProfitRatio": 1,
        "researchAndDevelopmentExpenses": 0,
        "generalAndAdministrativeExpenses": 86727000,
        "sellingAndMarketingExpenses": 0,
        "sellingGeneralAndAdministrativeExpenses": 86727000,
        "otherExpenses": 279522000,
        "operatingExpenses": 366249000,
        "costAndExpenses": 366249000,
        "interestIncome": 898986000,
        "interestExpense": 738653000,
        "depreciationAndAmortization": 0,
        "ebitda": 876684000,
        "ebitdaratio": 2.3936829862,
        "operatingIncome": 876684000,
        "operatingIncomeRatio": 2.3936829862,
        "totalOtherIncomeExpensesNet": 138031000,
        "incomeBeforeTax": 138031000,
        "incomeBeforeTaxRatio": 0.3768774795,
        "incomeTaxExpense": 45813000,
        "netIncome": 92218000,
        "netIncomeRatio": 0.2517904486,
        "eps": 0.19,
        "epsdiluted": 0.18,
        "weightedAverageShsOut": 481956000,
        "weightedAverageShsOutDil": 489837000,
        "link": "https://www.sec.gov/Archives/edgar/data/1032033/000091205700050216/0000912057-00-050216-index.htm",
        "finalLink": "https://www.sec.gov/Archives/edgar/data/1032033/000091205700050216/a2030171z10-q.txt"
    },
    {
        "date": "2000-06-30",
        "symbol": "SLM",
        "reportedCurrency": "USD",
        "cik": "0001032033",
        "fillingDate": "2000-08-14",
        "acceptedDate": "2000-08-14 00:00:00",
        "calendarYear": "2000",
        "period": "Q2",
        "revenue": 286955000,
        "costOfRevenue": 0,
        "grossProfit": 286955000,
        "grossProfitRatio": 1,
        "researchAndDevelopmentExpenses": 0,
        "generalAndAdministrativeExpenses": 47347000,
        "sellingAndMarketingExpenses": 0,
        "sellingGeneralAndAdministrativeExpenses": 47347000,
        "otherExpenses": 239608000,
        "operatingExpenses": 286955000,
        "costAndExpenses": 286955000,
        "interestIncome": 807048000,
        "interestExpense": 645407000,
        "depreciationAndAmortization": 0,
        "ebitda": 826745000,
        "ebitdaratio": 2.8810963391,
        "operatingIncome": 826745000,
        "operatingIncomeRatio": 2.8810963391,
        "totalOtherIncomeExpensesNet": 181338000,
        "incomeBeforeTax": 181338000,
        "incomeBeforeTaxRatio": 0.6319388057,
        "incomeTaxExpense": 60844000,
        "netIncome": 120494000,
        "netIncomeRatio": 0.4199055601,
        "eps": 0.25,
        "epsdiluted": 0.24,
        "weightedAverageShsOut": 468270000,
        "weightedAverageShsOutDil": 485907000,
        "link": "https://www.sec.gov/Archives/edgar/data/1032033/000091205700037513/0000912057-00-037513-index.htm",
        "finalLink": "https://www.sec.gov/Archives/edgar/data/1032033/000091205700037513/a10-q.txt"
    },
    {
        "date": "2000-03-31",
        "symbol": "SLM",
        "reportedCurrency": "USD",
        "cik": "0001032033",
        "fillingDate": "2000-05-15",
        "acceptedDate": "2000-05-15 00:00:00",
        "calendarYear": "2000",
        "period": "Q1",
        "revenue": 337460000,
        "costOfRevenue": 0,
        "grossProfit": 337460000,
        "grossProfitRatio": 1,
        "researchAndDevelopmentExpenses": 0,
        "generalAndAdministrativeExpenses": 53871000,
        "sellingAndMarketingExpenses": 0,
        "sellingGeneralAndAdministrativeExpenses": 53871000,
        "otherExpenses": 283589000,
        "operatingExpenses": 337460000,
        "costAndExpenses": 337460000,
        "interestIncome": 819716000,
        "interestExpense": 657847000,
        "depreciationAndAmortization": 0,
        "ebitda": 886957000,
        "ebitdaratio": 2.6283322468,
        "operatingIncome": 886957000,
        "operatingIncomeRatio": 2.6283322468,
        "totalOtherIncomeExpensesNet": 229110000,
        "incomeBeforeTax": 229110000,
        "incomeBeforeTaxRatio": 0.6789249096,
        "incomeTaxExpense": 75461000,
        "netIncome": 153649000,
        "netIncomeRatio": 0.455310259,
        "eps": 0.32,
        "epsdiluted": 0.31,
        "weightedAverageShsOut": 471591000,
        "weightedAverageShsOutDil": 486768000,
        "link": "https://www.sec.gov/Archives/edgar/data/1032033/000091205700024831/0000912057-00-024831-index.html",
        "finalLink": "https://www.sec.gov/Archives/edgar/data/1032033/000091205700024831/"
    },
    {
        "date": "1999-12-31",
        "symbol": "SLM",
        "reportedCurrency": "USD",
        "cik": "0001032033",
        "fillingDate": "2000-03-29",
        "acceptedDate": "2000-03-29 00:00:00",
        "calendarYear": "1999",
        "period": "Q4",
        "revenue": 316300000,
        "costOfRevenue": 0,
        "grossProfit": 316300000,
        "grossProfitRatio": 1,
        "researchAndDevelopmentExpenses": 0,
        "generalAndAdministrativeExpenses": 45500000,
        "sellingAndMarketingExpenses": 0,
        "sellingGeneralAndAdministrativeExpenses": 45500000,
        "otherExpenses": 270800000,
        "operatingExpenses": 316300000,
        "costAndExpenses": 316300000,
        "interestIncome": 809700000,
        "interestExpense": 630600000,
        "depreciationAndAmortization": 0,
        "ebitda": 842600000,
        "ebitdaratio": 2.6639266519,
        "operatingIncome": 842600000,
        "operatingIncomeRatio": 2.6639266519,
        "totalOtherIncomeExpensesNet": 212000000,
        "incomeBeforeTax": 212000000,
        "incomeBeforeTaxRatio": 0.6702497629,
        "incomeTaxExpense": 70100000,
        "netIncome": 141900000,
        "netIncomeRatio": 0.4486247234,
        "eps": 0.3,
        "epsdiluted": 0.3,
        "weightedAverageShsOut": 470468000,
        "weightedAverageShsOutDil": 471591000,
        "link": "https://www.sec.gov/Archives/edgar/data/1032033/000091205700014475/0000912057-00-014475-index.html",
        "finalLink": "https://www.sec.gov/Archives/edgar/data/1032033/000091205700014475/"
    },
    {
        "date": "1999-09-30",
        "symbol": "SLM",
        "reportedCurrency": "USD",
        "cik": "0001032033",
        "fillingDate": "1999-11-15",
        "acceptedDate": "1999-11-15 00:00:00",
        "calendarYear": "1999",
        "period": "Q3",
        "revenue": 279700000,
        "costOfRevenue": 0,
        "grossProfit": 279700000,
        "grossProfitRatio": 1,
        "researchAndDevelopmentExpenses": 0,
        "generalAndAdministrativeExpenses": 49500000,
        "sellingAndMarketingExpenses": 0,
        "sellingGeneralAndAdministrativeExpenses": 49500000,
        "otherExpenses": 230200000,
        "operatingExpenses": 279700000,
        "costAndExpenses": 279700000,
        "interestIncome": 725400000,
        "interestExpense": 541000000,
        "depreciationAndAmortization": 0,
        "ebitda": 719900000,
        "ebitdaratio": 2.5738291026,
        "operatingIncome": 719900000,
        "operatingIncomeRatio": 2.5738291026,
        "totalOtherIncomeExpensesNet": 178900000,
        "incomeBeforeTax": 178900000,
        "incomeBeforeTaxRatio": 0.639613872,
        "incomeTaxExpense": 57500000,
        "netIncome": 121400000,
        "netIncomeRatio": 0.4340364676,
        "eps": 0.25,
        "epsdiluted": 0.25,
        "weightedAverageShsOut": 479690000,
        "weightedAverageShsOutDil": 486086000,
        "link": "https://www.sec.gov/Archives/edgar/data/1032033/000091205799005998/0000912057-99-005998-index.html",
        "finalLink": "https://www.sec.gov/Archives/edgar/data/1032033/000091205799005998/"
    },
    {
        "date": "1999-06-30",
        "symbol": "SLM",
        "reportedCurrency": "USD",
        "cik": "0001032033",
        "fillingDate": "1999-08-16",
        "acceptedDate": "1999-08-16 00:00:00",
        "calendarYear": "1999",
        "period": "Q2",
        "revenue": 284300000,
        "costOfRevenue": 0,
        "grossProfit": 284300000,
        "grossProfitRatio": 1,
        "researchAndDevelopmentExpenses": 0,
        "generalAndAdministrativeExpenses": 45000000,
        "sellingAndMarketingExpenses": 0,
        "sellingGeneralAndAdministrativeExpenses": 45000000,
        "otherExpenses": 239331000,
        "operatingExpenses": 284331000,
        "costAndExpenses": 284331000,
        "interestIncome": 658200000,
        "interestExpense": 485500000,
        "depreciationAndAmortization": 0,
        "ebitda": 667800000,
        "ebitdaratio": 2.3489271896,
        "operatingIncome": 667800000,
        "operatingIncomeRatio": 2.3489271896,
        "totalOtherIncomeExpensesNet": 182300000,
        "incomeBeforeTax": 182300000,
        "incomeBeforeTaxRatio": 0.6412240591,
        "incomeTaxExpense": 58600000,
        "netIncome": 123700000,
        "netIncomeRatio": 0.4351037636,
        "eps": 0.26,
        "epsdiluted": 0.25,
        "weightedAverageShsOut": 482430000,
        "weightedAverageShsOutDil": 488778000,
        "link": "https://www.sec.gov/Archives/edgar/data/1032033/000104746999032487/0001047469-99-032487-index.html",
        "finalLink": "https://www.sec.gov/Archives/edgar/data/1032033/000104746999032487/"
    },
    {
        "date": "1999-03-31",
        "symbol": "SLM",
        "reportedCurrency": "USD",
        "cik": "0001032033",
        "fillingDate": "1999-05-14",
        "acceptedDate": "1999-05-14 00:00:00",
        "calendarYear": "1999",
        "period": "Q1",
        "revenue": 264300000,
        "costOfRevenue": 0,
        "grossProfit": 264300000,
        "grossProfitRatio": 1,
        "researchAndDevelopmentExpenses": 0,
        "generalAndAdministrativeExpenses": 44100000,
        "sellingAndMarketingExpenses": 0,
        "sellingGeneralAndAdministrativeExpenses": 44100000,
        "otherExpenses": 220239000,
        "operatingExpenses": 264339000,
        "costAndExpenses": 264339000,
        "interestIncome": 615400000,
        "interestExpense": 457700000,
        "depreciationAndAmortization": 0,
        "ebitda": 625400000,
        "ebitdaratio": 2.3662504729,
        "operatingIncome": 625400000,
        "operatingIncomeRatio": 2.3662504729,
        "totalOtherIncomeExpensesNet": 167700000,
        "incomeBeforeTax": 167700000,
        "incomeBeforeTaxRatio": 0.6345062429,
        "incomeTaxExpense": 53900000,
        "netIncome": 113800000,
        "netIncomeRatio": 0.4305713205,
        "eps": 0.23,
        "epsdiluted": 0.23,
        "weightedAverageShsOut": 488202000,
        "weightedAverageShsOutDil": 495278000,
        "link": "https://www.sec.gov/Archives/edgar/data/1032033/000104746999020694/0001047469-99-020694-index.html",
        "finalLink": "https://www.sec.gov/Archives/edgar/data/1032033/"
    },
    {
        "date": "1998-12-31",
        "symbol": "SLM",
        "reportedCurrency": "USD",
        "cik": "0001032033",
        "fillingDate": "1999-03-29",
        "acceptedDate": "1999-03-29 00:00:00",
        "calendarYear": "1998",
        "period": "Q4",
        "revenue": 282800000,
        "costOfRevenue": 0,
        "grossProfit": 282800000,
        "grossProfitRatio": 1,
        "researchAndDevelopmentExpenses": 0,
        "generalAndAdministrativeExpenses": 46000000,
        "sellingAndMarketingExpenses": 0,
        "sellingGeneralAndAdministrativeExpenses": 46000000,
        "otherExpenses": 236800000,
        "operatingExpenses": 282800000,
        "costAndExpenses": 282800000,
        "interestIncome": 608100000,
        "interestExpense": 433700000,
        "depreciationAndAmortization": 0,
        "ebitda": 595400000,
        "ebitdaratio": 2.1053748232,
        "operatingIncome": 595400000,
        "operatingIncomeRatio": 2.1053748232,
        "totalOtherIncomeExpensesNet": 161700000,
        "incomeBeforeTax": 161700000,
        "incomeBeforeTaxRatio": 0.5717821782,
        "incomeTaxExpense": 51300000,
        "netIncome": 110400000,
        "netIncomeRatio": 0.3903818953,
        "eps": 0.23,
        "epsdiluted": 0.23,
        "weightedAverageShsOut": 488202000,
        "weightedAverageShsOutDil": 488202000,
        "link": "https://www.sec.gov/Archives/edgar/data/1032033/000104746999012099/0001047469-99-012099-index.html",
        "finalLink": "https://www.sec.gov/Archives/edgar/data/1032033/"
    },
    {
        "date": "1998-09-30",
        "symbol": "SLM",
        "reportedCurrency": "USD",
        "cik": "0001032033",
        "fillingDate": "1998-10-29",
        "acceptedDate": "1998-10-29 00:00:00",
        "calendarYear": "1998",
        "period": "Q3",
        "revenue": 254200000,
        "costOfRevenue": 0,
        "grossProfit": 247500000,
        "grossProfitRatio": 0.9736428009,
        "researchAndDevelopmentExpenses": 0,
        "generalAndAdministrativeExpenses": 45800000,
        "sellingAndMarketingExpenses": 0,
        "sellingGeneralAndAdministrativeExpenses": 45800000,
        "otherExpenses": 322200000,
        "operatingExpenses": 368000000,
        "costAndExpenses": 368000000,
        "interestIncome": 605200000,
        "interestExpense": 457200000,
        "depreciationAndAmortization": 0,
        "ebitda": 615500000,
        "ebitdaratio": 2.4213217939,
        "operatingIncome": 615500000,
        "operatingIncomeRatio": 2.4213217939,
        "totalOtherIncomeExpensesNet": 158300000,
        "incomeBeforeTax": 158300000,
        "incomeBeforeTaxRatio": 0.6227380016,
        "incomeTaxExpense": 50500000,
        "netIncome": 107800000,
        "netIncomeRatio": 0.4240755311,
        "eps": 0.22,
        "epsdiluted": 0.21,
        "weightedAverageShsOut": 498036000,
        "weightedAverageShsOutDil": 505818000,
        "link": "https://www.sec.gov/Archives/edgar/data/1032033/000095013398003611/0000950133-98-003611-index.html",
        "finalLink": "https://www.sec.gov/Archives/edgar/data/1032033/"
    },
    {
        "date": "1998-06-30",
        "symbol": "SLM",
        "reportedCurrency": "USD",
        "cik": "0001032033",
        "fillingDate": "1998-08-12",
        "acceptedDate": "1998-08-12 00:00:00",
        "calendarYear": "1998",
        "period": "Q2",
        "revenue": 309900000,
        "costOfRevenue": 0,
        "grossProfit": 309900000,
        "grossProfitRatio": 1,
        "researchAndDevelopmentExpenses": 0,
        "generalAndAdministrativeExpenses": 49300000,
        "sellingAndMarketingExpenses": 0,
        "sellingGeneralAndAdministrativeExpenses": 49300000,
        "otherExpenses": 350000000,
        "operatingExpenses": 399300000,
        "costAndExpenses": 399300000,
        "interestIncome": 667000000,
        "interestExpense": 495700000,
        "depreciationAndAmortization": 0,
        "ebitda": 709200000,
        "ebitdaratio": 2.2884801549,
        "operatingIncome": 709200000,
        "operatingIncomeRatio": 2.2884801549,
        "totalOtherIncomeExpensesNet": 213500000,
        "incomeBeforeTax": 213500000,
        "incomeBeforeTaxRatio": 0.6889319135,
        "incomeTaxExpense": 69300000,
        "netIncome": 144200000,
        "netIncomeRatio": 0.4653113908,
        "eps": 0.29,
        "epsdiluted": 0.28,
        "weightedAverageShsOut": 503527000,
        "weightedAverageShsOutDil": 515516000,
        "link": "https://www.sec.gov/Archives/edgar/data/1032033/000095013398002977/0000950133-98-002977-index.html",
        "finalLink": "https://www.sec.gov/Archives/edgar/data/1032033/"
    },
    {
        "date": "1998-03-31",
        "symbol": "SLM",
        "reportedCurrency": "USD",
        "cik": "0001032033",
        "fillingDate": "1998-05-15",
        "acceptedDate": "1998-05-15 00:00:00",
        "calendarYear": "1998",
        "period": "Q1",
        "revenue": 309000000,
        "costOfRevenue": 0,
        "grossProfit": 299500000,
        "grossProfitRatio": 0.9692556634,
        "researchAndDevelopmentExpenses": 0,
        "generalAndAdministrativeExpenses": 48800000,
        "sellingAndMarketingExpenses": 0,
        "sellingGeneralAndAdministrativeExpenses": 48800000,
        "otherExpenses": 260200000,
        "operatingExpenses": 309000000,
        "costAndExpenses": 309000000,
        "interestIncome": 707500000,
        "interestExpense": 541400000,
        "depreciationAndAmortization": 0,
        "ebitda": 0,
        "ebitdaratio": 0,
        "operatingIncome": 747300000,
        "operatingIncomeRatio": 2.4184466019,
        "totalOtherIncomeExpensesNet": 205900000,
        "incomeBeforeTax": 205900000,
        "incomeBeforeTaxRatio": 0.6663430421,
        "incomeTaxExpense": 66900000,
        "netIncome": 139000000,
        "netIncomeRatio": 0.4498381877,
        "eps": 0.27,
        "epsdiluted": 0.27,
        "weightedAverageShsOut": 515330000,
        "weightedAverageShsOutDil": 521772000,
        "link": "https://www.sec.gov/Archives/edgar/data/1032033/000095013398001922/0000950133-98-001922-index.html",
        "finalLink": "https://www.sec.gov/Archives/edgar/data/1032033/"
    },
    {
        "date": "1997-12-31",
        "symbol": "SLM",
        "reportedCurrency": "USD",
        "cik": "0001032033",
        "fillingDate": "1998-03-30",
        "acceptedDate": "1998-03-30 00:00:00",
        "calendarYear": "1997",
        "period": "Q4",
        "revenue": 305600000,
        "costOfRevenue": 0,
        "grossProfit": 305600000,
        "grossProfitRatio": 1,
        "researchAndDevelopmentExpenses": 0,
        "generalAndAdministrativeExpenses": 49900000,
        "sellingAndMarketingExpenses": 0,
        "sellingGeneralAndAdministrativeExpenses": 49900000,
        "otherExpenses": 255700000,
        "operatingExpenses": 305600000,
        "costAndExpenses": 305600000,
        "interestIncome": 760000000,
        "interestExpense": 579100000,
        "depreciationAndAmortization": 0,
        "ebitda": 777000000,
        "ebitdaratio": 2.542539267,
        "operatingIncome": 777000000,
        "operatingIncomeRatio": 2.542539267,
        "totalOtherIncomeExpensesNet": 197900000,
        "incomeBeforeTax": 197900000,
        "incomeBeforeTaxRatio": 0.647578534,
        "incomeTaxExpense": 65200000,
        "netIncome": 132700000,
        "netIncomeRatio": 0.4342277487,
        "eps": 0.26,
        "epsdiluted": 0.26,
        "weightedAverageShsOut": 515330000,
        "weightedAverageShsOutDil": 515330000,
        "link": "https://www.sec.gov/Archives/edgar/data/1032033/000102473998000335/0001024739-98-000335-index.html",
        "finalLink": "https://www.sec.gov/Archives/edgar/data/1032033/"
    },
    {
        "date": "1997-09-30",
        "symbol": "SLM",
        "reportedCurrency": "USD",
        "cik": "0001032033",
        "fillingDate": "1997-11-14",
        "acceptedDate": "1997-11-14 00:00:00",
        "calendarYear": "1997",
        "period": "Q3",
        "revenue": 392500000,
        "costOfRevenue": 0,
        "grossProfit": 392500000,
        "grossProfitRatio": 1,
        "researchAndDevelopmentExpenses": 0,
        "generalAndAdministrativeExpenses": 71900000,
        "sellingAndMarketingExpenses": 0,
        "sellingGeneralAndAdministrativeExpenses": 71900000,
        "otherExpenses": 317100000,
        "operatingExpenses": 389000000,
        "costAndExpenses": 389000000,
        "interestIncome": 811800000,
        "interestExpense": 641500000,
        "depreciationAndAmortization": 0,
        "ebitda": 856100000,
        "ebitdaratio": 2.1811464968,
        "operatingIncome": 856100000,
        "operatingIncomeRatio": 2.1811464968,
        "totalOtherIncomeExpensesNet": 213400000,
        "incomeBeforeTax": 214600000,
        "incomeBeforeTaxRatio": 0.5467515924,
        "incomeTaxExpense": 72000000,
        "netIncome": 142600000,
        "netIncomeRatio": 0.3633121019,
        "eps": 0.26,
        "epsdiluted": 0.26,
        "weightedAverageShsOut": 542061000,
        "weightedAverageShsOutDil": 549011000,
        "link": "https://www.sec.gov/Archives/edgar/data/1032033/000095013397003982/0000950133-97-003982-index.html",
        "finalLink": "https://www.sec.gov/Archives/edgar/data/1032033/"
    },
    {
        "date": "1997-06-30",
        "symbol": "SLM",
        "reportedCurrency": "USD",
        "cik": "0001032033",
        "fillingDate": "1997-08-06",
        "acceptedDate": "1997-08-06 00:00:00",
        "calendarYear": "1997",
        "period": "Q2",
        "revenue": 285600000,
        "costOfRevenue": 0,
        "grossProfit": 285600000,
        "grossProfitRatio": 1,
        "researchAndDevelopmentExpenses": 0,
        "generalAndAdministrativeExpenses": 71900000,
        "sellingAndMarketingExpenses": 0,
        "sellingGeneralAndAdministrativeExpenses": 71900000,
        "otherExpenses": 213700000,
        "operatingExpenses": 285600000,
        "costAndExpenses": 285600000,
        "interestIncome": 859700000,
        "interestExpense": 652200000,
        "depreciationAndAmortization": 0,
        "ebitda": 822500000,
        "ebitdaratio": 2.8799019608,
        "operatingIncome": 822500000,
        "operatingIncomeRatio": 2.8799019608,
        "totalOtherIncomeExpensesNet": 170300000,
        "incomeBeforeTax": 170300000,
        "incomeBeforeTaxRatio": 0.5962885154,
        "incomeTaxExpense": 51100000,
        "netIncome": 119200000,
        "netIncomeRatio": 0.4173669468,
        "eps": 0.21,
        "epsdiluted": 0.21,
        "weightedAverageShsOut": 555317000,
        "weightedAverageShsOutDil": 555317000,
        "link": "https://www.sec.gov/Archives/edgar/data/1032033/000095013397002709/0000950133-97-002709-index.html",
        "finalLink": "https://www.sec.gov/Archives/edgar/data/1032033/"
    },
    {
        "date": "1997-03-31",
        "symbol": "SLM",
        "reportedCurrency": "USD",
        "cik": "0001032033",
        "fillingDate": "1997-03-31",
        "acceptedDate": "1997-03-31 00:00:00",
        "calendarYear": "1997",
        "period": "Q1",
        "revenue": 274900000,
        "costOfRevenue": 0,
        "grossProfit": 274900000,
        "grossProfitRatio": 1,
        "researchAndDevelopmentExpenses": 0,
        "generalAndAdministrativeExpenses": 30900000,
        "sellingAndMarketingExpenses": 0,
        "sellingGeneralAndAdministrativeExpenses": 30900000,
        "otherExpenses": 244000000,
        "operatingExpenses": 274900000,
        "costAndExpenses": 274900000,
        "interestIncome": 846200000,
        "interestExpense": 647200000,
        "depreciationAndAmortization": 0,
        "ebitda": 820600000,
        "ebitdaratio": 2.9850854856,
        "operatingIncome": 820600000,
        "operatingIncomeRatio": 2.9850854856,
        "totalOtherIncomeExpensesNet": 173400000,
        "incomeBeforeTax": 173400000,
        "incomeBeforeTaxRatio": 0.6307748272,
        "incomeTaxExpense": 54600000,
        "netIncome": 118800000,
        "netIncomeRatio": 0.4321571481,
        "eps": 0.21,
        "epsdiluted": 0.21,
        "weightedAverageShsOut": 562337000,
        "weightedAverageShsOutDil": 562337000,
        "link": null,
        "finalLink": null
    },
    {
        "date": "1996-12-31",
        "symbol": "SLM",
        "reportedCurrency": "USD",
        "cik": "0001032033",
        "fillingDate": "1996-12-31",
        "acceptedDate": "1996-12-31 00:00:00",
        "calendarYear": "1996",
        "period": "Q4",
        "revenue": 469900000,
        "costOfRevenue": 0,
        "grossProfit": 469900000,
        "grossProfitRatio": 1,
        "researchAndDevelopmentExpenses": 0,
        "generalAndAdministrativeExpenses": 0,
        "sellingAndMarketingExpenses": 0,
        "sellingGeneralAndAdministrativeExpenses": 0,
        "otherExpenses": 469900000,
        "operatingExpenses": 469900000,
        "costAndExpenses": 469900000,
        "interestIncome": 961000000,
        "interestExpense": 638000000,
        "depreciationAndAmortization": 0,
        "ebitda": 798600000,
        "ebitdaratio": 1.6995105342,
        "operatingIncome": 798600000,
        "operatingIncomeRatio": 1.6995105342,
        "totalOtherIncomeExpensesNet": 19400000,
        "incomeBeforeTax": 160600000,
        "incomeBeforeTaxRatio": 0.3417748457,
        "incomeTaxExpense": 48300000,
        "netIncome": 112300000,
        "netIncomeRatio": 0.2389870185,
        "eps": 0.2,
        "epsdiluted": 0.19,
        "weightedAverageShsOut": 563751000,
        "weightedAverageShsOutDil": 579992000,
        "link": null,
        "finalLink": null
    },
    {
        "date": "1996-09-30",
        "symbol": "SLM",
        "reportedCurrency": "USD",
        "cik": "0001032033",
        "fillingDate": "1996-09-30",
        "acceptedDate": "1996-09-30 00:00:00",
        "calendarYear": "1996",
        "period": "Q3",
        "revenue": 176600000,
        "costOfRevenue": 0,
        "grossProfit": 176600000,
        "grossProfitRatio": 1,
        "researchAndDevelopmentExpenses": 0,
        "generalAndAdministrativeExpenses": 32500000,
        "sellingAndMarketingExpenses": 0,
        "sellingGeneralAndAdministrativeExpenses": 32500000,
        "otherExpenses": 578900000,
        "operatingExpenses": 611400000,
        "costAndExpenses": 611400000,
        "interestIncome": 820500000,
        "interestExpense": 643900000,
        "depreciationAndAmortization": 0,
        "ebitda": 788000000,
        "ebitdaratio": 4.4620611552,
        "operatingIncome": 788000000,
        "operatingIncomeRatio": 4.4620611552,
        "totalOtherIncomeExpensesNet": 578900000,
        "incomeBeforeTax": 144100000,
        "incomeBeforeTaxRatio": 0.8159682899,
        "incomeTaxExpense": 42900000,
        "netIncome": 101200000,
        "netIncomeRatio": 0.5730464326,
        "eps": 0.17,
        "epsdiluted": 0.17,
        "weightedAverageShsOut": 579992000,
        "weightedAverageShsOutDil": 579992000,
        "link": null,
        "finalLink": null
    },
    {
        "date": "1996-06-30",
        "symbol": "SLM",
        "reportedCurrency": "USD",
        "cik": "0001032033",
        "fillingDate": "1996-06-30",
        "acceptedDate": "1996-06-30 00:00:00",
        "calendarYear": "1996",
        "period": "Q2",
        "revenue": 181100000,
        "costOfRevenue": 0,
        "grossProfit": 181100000,
        "grossProfitRatio": 1,
        "researchAndDevelopmentExpenses": 0,
        "generalAndAdministrativeExpenses": 33700000,
        "sellingAndMarketingExpenses": 0,
        "sellingGeneralAndAdministrativeExpenses": 33700000,
        "otherExpenses": 572600000,
        "operatingExpenses": 606300000,
        "costAndExpenses": 606300000,
        "interestIncome": 821200000,
        "interestExpense": 640100000,
        "depreciationAndAmortization": 0,
        "ebitda": 787400000,
        "ebitdaratio": 4.3478741027,
        "operatingIncome": 787400000,
        "operatingIncomeRatio": 4.3478741027,
        "totalOtherIncomeExpensesNet": 572500000,
        "incomeBeforeTax": 147300000,
        "incomeBeforeTaxRatio": 0.813362783,
        "incomeTaxExpense": 44300000,
        "netIncome": 103000000,
        "netIncomeRatio": 0.5687465489,
        "eps": 0.17,
        "epsdiluted": 0.17,
        "weightedAverageShsOut": 590591000,
        "weightedAverageShsOutDil": 590591000,
        "link": null,
        "finalLink": null
    },
    {
        "date": "1996-03-31",
        "symbol": "SLM",
        "reportedCurrency": "USD",
        "cik": "0001032033",
        "fillingDate": "1996-03-31",
        "acceptedDate": "1996-03-31 00:00:00",
        "calendarYear": "1996",
        "period": "Q1",
        "revenue": 185800000,
        "costOfRevenue": 0,
        "grossProfit": 185800000,
        "grossProfitRatio": 1,
        "researchAndDevelopmentExpenses": 0,
        "generalAndAdministrativeExpenses": 16400000,
        "sellingAndMarketingExpenses": 2100000,
        "sellingGeneralAndAdministrativeExpenses": 18500000,
        "otherExpenses": 601400000,
        "operatingExpenses": 619900000,
        "costAndExpenses": 619900000,
        "interestIncome": 840600000,
        "interestExpense": 654800000,
        "depreciationAndAmortization": 0,
        "ebitda": 805700000,
        "ebitdaratio": 4.3363832078,
        "operatingIncome": 805700000,
        "operatingIncomeRatio": 4.3363832078,
        "totalOtherIncomeExpensesNet": 585000000,
        "incomeBeforeTax": 150900000,
        "incomeBeforeTaxRatio": 0.8121636168,
        "incomeTaxExpense": 48000000,
        "netIncome": 102900000,
        "netIncomeRatio": 0.5538213132,
        "eps": 0.17,
        "epsdiluted": 0.17,
        "weightedAverageShsOut": 601802000,
        "weightedAverageShsOutDil": 601802000,
        "link": null,
        "finalLink": null
    },
    {
        "date": "1995-12-31",
        "symbol": "SLM",
        "reportedCurrency": "USD",
        "cik": "0001032033",
        "fillingDate": "1995-12-31",
        "acceptedDate": "1995-12-31 00:00:00",
        "calendarYear": "1995",
        "period": "Q4",
        "revenue": 214400000,
        "costOfRevenue": 0,
        "grossProfit": 214400000,
        "grossProfitRatio": 1,
        "researchAndDevelopmentExpenses": 0,
        "generalAndAdministrativeExpenses": 0,
        "sellingAndMarketingExpenses": 0,
        "sellingGeneralAndAdministrativeExpenses": 0,
        "otherExpenses": 825400000,
        "operatingExpenses": 825400000,
        "costAndExpenses": 825400000,
        "interestIncome": 950500000,
        "interestExpense": 736100000,
        "depreciationAndAmortization": 0,
        "ebitda": 0,
        "ebitdaratio": 0,
        "operatingIncome": 1039800000,
        "operatingIncomeRatio": 4.8498134328,
        "totalOtherIncomeExpensesNet": 784600000,
        "incomeBeforeTax": 173600000,
        "incomeBeforeTaxRatio": 0.8097014925,
        "incomeTaxExpense": 55400000,
        "netIncome": 248300000,
        "netIncomeRatio": 1.1581156716,
        "eps": 0.36,
        "epsdiluted": 0.36,
        "weightedAverageShsOut": 694224000,
        "weightedAverageShsOutDil": 694224000,
        "link": null,
        "finalLink": null
    },
    {
        "date": "1995-09-30",
        "symbol": "SLM",
        "reportedCurrency": "USD",
        "cik": "0001032033",
        "fillingDate": "1995-09-30",
        "acceptedDate": "1995-09-30 00:00:00",
        "calendarYear": "1995",
        "period": "Q3",
        "revenue": 157900000,
        "costOfRevenue": 0,
        "grossProfit": 157900000,
        "grossProfitRatio": 1,
        "researchAndDevelopmentExpenses": 0,
        "generalAndAdministrativeExpenses": 0,
        "sellingAndMarketingExpenses": 0,
        "sellingGeneralAndAdministrativeExpenses": 0,
        "otherExpenses": 713400000,
        "operatingExpenses": 713400000,
        "costAndExpenses": 713400000,
        "interestIncome": 918700000,
        "interestExpense": 760800000,
        "depreciationAndAmortization": 0,
        "ebitda": 871300000,
        "ebitdaratio": 5.5180493984,
        "operatingIncome": 871300000,
        "operatingIncomeRatio": 5.5180493984,
        "totalOtherIncomeExpensesNet": 666000000,
        "incomeBeforeTax": 110500000,
        "incomeBeforeTaxRatio": 0.6998100063,
        "incomeTaxExpense": 29200000,
        "netIncome": 81300000,
        "netIncomeRatio": 0.5148828372,
        "eps": 0.11,
        "epsdiluted": 0.11,
        "weightedAverageShsOut": 694224000,
        "weightedAverageShsOutDil": 694224000,
        "link": null,
        "finalLink": null
    },
    {
        "date": "1995-06-30",
        "symbol": "SLM",
        "reportedCurrency": "USD",
        "cik": "0001032033",
        "fillingDate": "1995-06-30",
        "acceptedDate": "1995-06-30 00:00:00",
        "calendarYear": "1995",
        "period": "Q2",
        "revenue": 152700000,
        "costOfRevenue": 0,
        "grossProfit": 152700000,
        "grossProfitRatio": 1,
        "researchAndDevelopmentExpenses": 0,
        "generalAndAdministrativeExpenses": 0,
        "sellingAndMarketingExpenses": 0,
        "sellingGeneralAndAdministrativeExpenses": 0,
        "otherExpenses": 152700000,
        "operatingExpenses": 152700000,
        "costAndExpenses": 152700000,
        "interestIncome": 916400000,
        "interestExpense": 763700000,
        "depreciationAndAmortization": 0,
        "ebitda": 875300000,
        "ebitdaratio": 5.7321545514,
        "operatingIncome": 875300000,
        "operatingIncomeRatio": 5.7321545514,
        "totalOtherIncomeExpensesNet": 111600000,
        "incomeBeforeTax": 111600000,
        "incomeBeforeTaxRatio": 0.7308447937,
        "incomeTaxExpense": 28500000,
        "netIncome": 83100000,
        "netIncomeRatio": 0.5442043222,
        "eps": 0.11,
        "epsdiluted": 0.11,
        "weightedAverageShsOut": 754505000,
        "weightedAverageShsOutDil": 754505000,
        "link": null,
        "finalLink": null
    },
    {
        "date": "1995-03-31",
        "symbol": "SLM",
        "reportedCurrency": "USD",
        "cik": "0001032033",
        "fillingDate": "1995-03-31",
        "acceptedDate": "1995-03-31 00:00:00",
        "calendarYear": "1995",
        "period": "Q1",
        "revenue": 148000000,
        "costOfRevenue": 0,
        "grossProfit": 148000000,
        "grossProfitRatio": 1,
        "researchAndDevelopmentExpenses": 0,
        "generalAndAdministrativeExpenses": 0,
        "sellingAndMarketingExpenses": 0,
        "sellingGeneralAndAdministrativeExpenses": 0,
        "otherExpenses": 148000000,
        "operatingExpenses": 148000000,
        "costAndExpenses": 148000000,
        "interestIncome": 908100000,
        "interestExpense": 760100000,
        "depreciationAndAmortization": 0,
        "ebitda": 872000000,
        "ebitdaratio": 5.8918918919,
        "operatingIncome": 872000000,
        "operatingIncomeRatio": 5.8918918919,
        "totalOtherIncomeExpensesNet": 111900000,
        "incomeBeforeTax": 111900000,
        "incomeBeforeTaxRatio": 0.7560810811,
        "incomeTaxExpense": 28200000,
        "netIncome": 83700000,
        "netIncomeRatio": 0.5655405405,
        "eps": 0.11,
        "epsdiluted": 0.11,
        "weightedAverageShsOut": 760135000,
        "weightedAverageShsOutDil": 760135000,
        "link": null,
        "finalLink": null
    },
    {
        "date": "1994-12-31",
        "symbol": "SLM",
        "reportedCurrency": "USD",
        "cik": "0001032033",
        "fillingDate": "1994-12-31",
        "acceptedDate": "1994-12-31 00:00:00",
        "calendarYear": "1994",
        "period": "Q4",
        "revenue": 154100000,
        "costOfRevenue": 0,
        "grossProfit": 154100000,
        "grossProfitRatio": 1,
        "researchAndDevelopmentExpenses": 0,
        "generalAndAdministrativeExpenses": 0,
        "sellingAndMarketingExpenses": 0,
        "sellingGeneralAndAdministrativeExpenses": 0,
        "otherExpenses": 154100000,
        "operatingExpenses": 154100000,
        "costAndExpenses": 154100000,
        "interestIncome": 842900000,
        "interestExpense": 688800000,
        "depreciationAndAmortization": 0,
        "ebitda": 803000000,
        "ebitdaratio": 5.2109020117,
        "operatingIncome": 803000000,
        "operatingIncomeRatio": 5.2109020117,
        "totalOtherIncomeExpensesNet": 114200000,
        "incomeBeforeTax": 114200000,
        "incomeBeforeTaxRatio": 0.7410772226,
        "incomeTaxExpense": 28900000,
        "netIncome": 85300000,
        "netIncomeRatio": 0.5535366645,
        "eps": 0.1,
        "epsdiluted": 0.1,
        "weightedAverageShsOut": 803585000,
        "weightedAverageShsOutDil": 826709000,
        "link": null,
        "finalLink": null
    },
    {
        "date": "1994-09-30",
        "symbol": "SLM",
        "reportedCurrency": "USD",
        "cik": "0001032033",
        "fillingDate": "1994-09-30",
        "acceptedDate": "1994-09-30 00:00:00",
        "calendarYear": "1994",
        "period": "Q3",
        "revenue": 168500000,
        "costOfRevenue": 0,
        "grossProfit": 168500000,
        "grossProfitRatio": 1,
        "researchAndDevelopmentExpenses": 0,
        "generalAndAdministrativeExpenses": 0,
        "sellingAndMarketingExpenses": 0,
        "sellingGeneralAndAdministrativeExpenses": 0,
        "otherExpenses": 168500000,
        "operatingExpenses": 168500000,
        "costAndExpenses": 168500000,
        "interestIncome": 753100000,
        "interestExpense": 584600000,
        "depreciationAndAmortization": 0,
        "ebitda": 718900000,
        "ebitdaratio": 4.2664688427,
        "operatingIncome": 718900000,
        "operatingIncomeRatio": 4.2664688427,
        "totalOtherIncomeExpensesNet": 134300000,
        "incomeBeforeTax": 134300000,
        "incomeBeforeTaxRatio": 0.7970326409,
        "incomeTaxExpense": 38000000,
        "netIncome": 96300000,
        "netIncomeRatio": 0.5715133531,
        "eps": 0.11,
        "epsdiluted": 0.11,
        "weightedAverageShsOut": 826709000,
        "weightedAverageShsOutDil": 826709000,
        "link": null,
        "finalLink": null
    },
    {
        "date": "1994-06-30",
        "symbol": "SLM",
        "reportedCurrency": "USD",
        "cik": "0001032033",
        "fillingDate": "1994-06-30",
        "acceptedDate": "1994-06-30 00:00:00",
        "calendarYear": "1994",
        "period": "Q2",
        "revenue": 184800000,
        "costOfRevenue": 0,
        "grossProfit": 184800000,
        "grossProfitRatio": 1,
        "researchAndDevelopmentExpenses": 0,
        "generalAndAdministrativeExpenses": 0,
        "sellingAndMarketingExpenses": 0,
        "sellingGeneralAndAdministrativeExpenses": 0,
        "otherExpenses": 445700000,
        "operatingExpenses": 445700000,
        "costAndExpenses": 184800000,
        "interestIncome": 660700000,
        "interestExpense": 475900000,
        "depreciationAndAmortization": 0,
        "ebitda": 630500000,
        "ebitdaratio": 3.4117965368,
        "operatingIncome": 630500000,
        "operatingIncomeRatio": 3.4117965368,
        "totalOtherIncomeExpensesNet": 154600000,
        "incomeBeforeTax": 154600000,
        "incomeBeforeTaxRatio": 0.8365800866,
        "incomeTaxExpense": 45900000,
        "netIncome": 108700000,
        "netIncomeRatio": 0.5882034632,
        "eps": 0.12,
        "epsdiluted": 0.12,
        "weightedAverageShsOut": 860320000,
        "weightedAverageShsOutDil": 860320000,
        "link": null,
        "finalLink": null
    },
    {
        "date": "1994-03-31",
        "symbol": "SLM",
        "reportedCurrency": "USD",
        "cik": "0001032033",
        "fillingDate": "1994-03-31",
        "acceptedDate": "1994-03-31 00:00:00",
        "calendarYear": "1994",
        "period": "Q1",
        "revenue": 201700000,
        "costOfRevenue": 0,
        "grossProfit": 201700000,
        "grossProfitRatio": 1,
        "researchAndDevelopmentExpenses": 0,
        "generalAndAdministrativeExpenses": 0,
        "sellingAndMarketingExpenses": 0,
        "sellingGeneralAndAdministrativeExpenses": 0,
        "otherExpenses": 357700000,
        "operatingExpenses": 357700000,
        "costAndExpenses": 357700000,
        "interestIncome": 594900000,
        "interestExpense": 393200000,
        "depreciationAndAmortization": 0,
        "ebitda": 559400000,
        "ebitdaratio": 2.77342588,
        "operatingIncome": 559400000,
        "operatingIncomeRatio": 2.77342588,
        "totalOtherIncomeExpensesNet": 166200000,
        "incomeBeforeTax": 166200000,
        "incomeBeforeTaxRatio": 0.8239960337,
        "incomeTaxExpense": 53700000,
        "netIncome": 112500000,
        "netIncomeRatio": 0.5577590481,
        "eps": 0.12,
        "epsdiluted": 0.12,
        "weightedAverageShsOut": 891161000,
        "weightedAverageShsOutDil": 891161000,
        "link": null,
        "finalLink": null
    },
    {
        "date": "1993-12-31",
        "symbol": "SLM",
        "reportedCurrency": "USD",
        "cik": "0001032033",
        "fillingDate": "1993-12-31",
        "acceptedDate": "1993-12-31 00:00:00",
        "calendarYear": "1993",
        "period": "Q4",
        "revenue": 246400000,
        "costOfRevenue": 0,
        "grossProfit": 246400000,
        "grossProfitRatio": 1,
        "researchAndDevelopmentExpenses": 0,
        "generalAndAdministrativeExpenses": 0,
        "sellingAndMarketingExpenses": 0,
        "sellingGeneralAndAdministrativeExpenses": 0,
        "otherExpenses": 299200000,
        "operatingExpenses": 299200000,
        "costAndExpenses": 299200000,
        "interestIncome": 613100000,
        "interestExpense": 366700000,
        "depreciationAndAmortization": 0,
        "ebitda": 545600000,
        "ebitdaratio": 2.2142857143,
        "operatingIncome": 545600000,
        "operatingIncomeRatio": 2.2142857143,
        "totalOtherIncomeExpensesNet": 231700000,
        "incomeBeforeTax": 178900000,
        "incomeBeforeTaxRatio": 0.7260551948,
        "incomeTaxExpense": 69300000,
        "netIncome": 109600000,
        "netIncomeRatio": 0.4448051948,
        "eps": 0.12,
        "epsdiluted": 0.12,
        "weightedAverageShsOut": 890494000,
        "weightedAverageShsOutDil": 912913000,
        "link": null,
        "finalLink": null
    },
    {
        "date": "1993-09-30",
        "symbol": "SLM",
        "reportedCurrency": "USD",
        "cik": "0001032033",
        "fillingDate": "1993-09-30",
        "acceptedDate": "1993-09-30 00:00:00",
        "calendarYear": "1993",
        "period": "Q3",
        "revenue": 226500000,
        "costOfRevenue": 0,
        "grossProfit": 226500000,
        "grossProfitRatio": 1,
        "researchAndDevelopmentExpenses": 0,
        "generalAndAdministrativeExpenses": 0,
        "sellingAndMarketingExpenses": 0,
        "sellingGeneralAndAdministrativeExpenses": 0,
        "otherExpenses": 226500000,
        "operatingExpenses": 226500000,
        "costAndExpenses": 226500000,
        "interestIncome": 588600000,
        "interestExpense": 362100000,
        "depreciationAndAmortization": 0,
        "ebitda": 537100000,
        "ebitdaratio": 2.3713024283,
        "operatingIncome": 537100000,
        "operatingIncomeRatio": 2.3713024283,
        "totalOtherIncomeExpensesNet": 175000000,
        "incomeBeforeTax": 175000000,
        "incomeBeforeTaxRatio": 0.7726269316,
        "incomeTaxExpense": 65900000,
        "netIncome": 109100000,
        "netIncomeRatio": 0.4816777042,
        "eps": 0.12,
        "epsdiluted": 0.12,
        "weightedAverageShsOut": 912913000,
        "weightedAverageShsOutDil": 912913000,
        "link": null,
        "finalLink": null
    },
    {
        "date": "1993-06-30",
        "symbol": "SLM",
        "reportedCurrency": "USD",
        "cik": "0001032033",
        "fillingDate": "1993-06-30",
        "acceptedDate": "1993-06-30 00:00:00",
        "calendarYear": "1993",
        "period": "Q2",
        "revenue": 225400000,
        "costOfRevenue": 0,
        "grossProfit": 225400000,
        "grossProfitRatio": 1,
        "researchAndDevelopmentExpenses": 0,
        "generalAndAdministrativeExpenses": 0,
        "sellingAndMarketingExpenses": 0,
        "sellingGeneralAndAdministrativeExpenses": 0,
        "otherExpenses": 225400000,
        "operatingExpenses": 225400000,
        "costAndExpenses": 225400000,
        "interestIncome": 591200000,
        "interestExpense": 365800000,
        "depreciationAndAmortization": 0,
        "ebitda": 531500000,
        "ebitdaratio": 2.3580301686,
        "operatingIncome": 531500000,
        "operatingIncomeRatio": 2.3580301686,
        "totalOtherIncomeExpensesNet": 165700000,
        "incomeBeforeTax": 165700000,
        "incomeBeforeTaxRatio": 0.7351375333,
        "incomeTaxExpense": 59000000,
        "netIncome": 106700000,
        "netIncomeRatio": 0.4733806566,
        "eps": 0.11,
        "epsdiluted": 0.11,
        "weightedAverageShsOut": 918566000,
        "weightedAverageShsOutDil": 918566000,
        "link": null,
        "finalLink": null
    },
    {
        "date": "1993-03-31",
        "symbol": "SLM",
        "reportedCurrency": "USD",
        "cik": "0001032033",
        "fillingDate": "1993-03-31",
        "acceptedDate": "1993-03-31 00:00:00",
        "calendarYear": "1993",
        "period": "Q1",
        "revenue": 238500000,
        "costOfRevenue": 0,
        "grossProfit": 238500000,
        "grossProfitRatio": 1,
        "researchAndDevelopmentExpenses": 0,
        "generalAndAdministrativeExpenses": 0,
        "sellingAndMarketingExpenses": 0,
        "sellingGeneralAndAdministrativeExpenses": 0,
        "otherExpenses": 238500000,
        "operatingExpenses": 238500000,
        "costAndExpenses": 238500000,
        "interestIncome": 624600000,
        "interestExpense": 386100000,
        "depreciationAndAmortization": 0,
        "ebitda": 556600000,
        "ebitdaratio": 2.3337526205,
        "operatingIncome": 556600000,
        "operatingIncomeRatio": 2.3337526205,
        "totalOtherIncomeExpensesNet": 170500000,
        "incomeBeforeTax": 170500000,
        "incomeBeforeTaxRatio": 0.714884696,
        "incomeTaxExpense": 65800000,
        "netIncome": 104700000,
        "netIncomeRatio": 0.4389937107,
        "eps": 0.11,
        "epsdiluted": 0.11,
        "weightedAverageShsOut": 928201000,
        "weightedAverageShsOutDil": 928201000,
        "link": null,
        "finalLink": null
    },
    {
        "date": "1992-12-31",
        "symbol": "SLM",
        "reportedCurrency": "USD",
        "cik": "0001032033",
        "fillingDate": "1992-12-31",
        "acceptedDate": "1992-12-31 00:00:00",
        "calendarYear": "1992",
        "period": "Q4",
        "revenue": 221400000,
        "costOfRevenue": 0,
        "grossProfit": 221400000,
        "grossProfitRatio": 1,
        "researchAndDevelopmentExpenses": 0,
        "generalAndAdministrativeExpenses": 0,
        "sellingAndMarketingExpenses": 0,
        "sellingGeneralAndAdministrativeExpenses": 0,
        "otherExpenses": 221400000,
        "operatingExpenses": 221400000,
        "costAndExpenses": 221400000,
        "interestIncome": 0,
        "interestExpense": 393300000,
        "depreciationAndAmortization": 0,
        "ebitda": 556700000,
        "ebitdaratio": 2.5144534779,
        "operatingIncome": 556700000,
        "operatingIncomeRatio": 2.5144534779,
        "totalOtherIncomeExpensesNet": 163400000,
        "incomeBeforeTax": 163400000,
        "incomeBeforeTaxRatio": 0.7380307136,
        "incomeTaxExpense": 62200000,
        "netIncome": 101200000,
        "netIncomeRatio": 0.4570912376,
        "eps": 0.11,
        "epsdiluted": 0.11,
        "weightedAverageShsOut": 943524000,
        "weightedAverageShsOutDil": 943524000,
        "link": null,
        "finalLink": null
    },
    {
        "date": "1992-09-30",
        "symbol": "SLM",
        "reportedCurrency": "USD",
        "cik": "0001032033",
        "fillingDate": "1992-09-30",
        "acceptedDate": "1992-09-30 00:00:00",
        "calendarYear": "1992",
        "period": "Q3",
        "revenue": 227700000,
        "costOfRevenue": 0,
        "grossProfit": 227700000,
        "grossProfitRatio": 1,
        "researchAndDevelopmentExpenses": 0,
        "generalAndAdministrativeExpenses": 0,
        "sellingAndMarketingExpenses": 0,
        "sellingGeneralAndAdministrativeExpenses": 0,
        "otherExpenses": 356000000,
        "operatingExpenses": 356000000,
        "costAndExpenses": 356000000,
        "interestIncome": 648600000,
        "interestExpense": 420900000,
        "depreciationAndAmortization": 0,
        "ebitda": 583700000,
        "ebitdaratio": 2.5634606939,
        "operatingIncome": 583700000,
        "operatingIncomeRatio": 2.5634606939,
        "totalOtherIncomeExpensesNet": 162800000,
        "incomeBeforeTax": 162800000,
        "incomeBeforeTaxRatio": 0.7149758454,
        "incomeTaxExpense": 62700000,
        "netIncome": 100100000,
        "netIncomeRatio": 0.4396135266,
        "eps": 0.1,
        "epsdiluted": 0.1,
        "weightedAverageShsOut": 943524000,
        "weightedAverageShsOutDil": 943524000,
        "link": null,
        "finalLink": null
    },
    {
        "date": "1992-06-30",
        "symbol": "SLM",
        "reportedCurrency": "USD",
        "cik": "0001032033",
        "fillingDate": "1992-06-30",
        "acceptedDate": "1992-06-30 00:00:00",
        "calendarYear": "1992",
        "period": "Q2",
        "revenue": 163700000,
        "costOfRevenue": 0,
        "grossProfit": 163700000,
        "grossProfitRatio": 1,
        "researchAndDevelopmentExpenses": 0,
        "generalAndAdministrativeExpenses": 0,
        "sellingAndMarketingExpenses": 0,
        "sellingGeneralAndAdministrativeExpenses": 0,
        "otherExpenses": 486700000,
        "operatingExpenses": 486700000,
        "costAndExpenses": 486700000,
        "interestIncome": 0,
        "interestExpense": 511100000,
        "depreciationAndAmortization": 0,
        "ebitda": 650400000,
        "ebitdaratio": 3.9731215638,
        "operatingIncome": 650400000,
        "operatingIncomeRatio": 3.9731215638,
        "totalOtherIncomeExpensesNet": 462300000,
        "incomeBeforeTax": 139300000,
        "incomeBeforeTaxRatio": 0.850946854,
        "incomeTaxExpense": 41800000,
        "netIncome": 97500000,
        "netIncomeRatio": 0.5956017104,
        "eps": 0.1,
        "epsdiluted": 0.1,
        "weightedAverageShsOut": 948949000,
        "weightedAverageShsOutDil": 948949000,
        "link": null,
        "finalLink": null
    },
    {
        "date": "1992-03-31",
        "symbol": "SLM",
        "reportedCurrency": "USD",
        "cik": "0001032033",
        "fillingDate": "1992-03-31",
        "acceptedDate": "1992-03-31 00:00:00",
        "calendarYear": "1992",
        "period": "Q1",
        "revenue": 152800000,
        "costOfRevenue": 0,
        "grossProfit": 152800000,
        "grossProfitRatio": 1,
        "researchAndDevelopmentExpenses": 0,
        "generalAndAdministrativeExpenses": 0,
        "sellingAndMarketingExpenses": 0,
        "sellingGeneralAndAdministrativeExpenses": 0,
        "otherExpenses": 501200000,
        "operatingExpenses": 501200000,
        "costAndExpenses": 501200000,
        "interestIncome": 0,
        "interestExpense": 523900000,
        "depreciationAndAmortization": 0,
        "ebitda": 654000000,
        "ebitdaratio": 4.280104712,
        "operatingIncome": 654000000,
        "operatingIncomeRatio": 4.280104712,
        "totalOtherIncomeExpensesNet": 478500000,
        "incomeBeforeTax": 130100000,
        "incomeBeforeTaxRatio": 0.8514397906,
        "incomeTaxExpense": 35000000,
        "netIncome": 95100000,
        "netIncomeRatio": 0.622382199,
        "eps": 0.0966,
        "epsdiluted": 0.0966,
        "weightedAverageShsOut": 956819000,
        "weightedAverageShsOutDil": 956819000,
        "link": null,
        "finalLink": null
    },
    {
        "date": "1991-12-31",
        "symbol": "SLM",
        "reportedCurrency": "USD",
        "cik": "0001032033",
        "fillingDate": "1991-12-31",
        "acceptedDate": "1991-12-31 00:00:00",
        "calendarYear": "1991",
        "period": "Q4",
        "revenue": 146900000,
        "costOfRevenue": 0,
        "grossProfit": 146900000,
        "grossProfitRatio": 1,
        "researchAndDevelopmentExpenses": 0,
        "generalAndAdministrativeExpenses": 0,
        "sellingAndMarketingExpenses": 0,
        "sellingGeneralAndAdministrativeExpenses": 0,
        "otherExpenses": 547500000,
        "operatingExpenses": 547500000,
        "costAndExpenses": 547500000,
        "interestIncome": 716600000,
        "interestExpense": 569700000,
        "depreciationAndAmortization": 0,
        "ebitda": 694400000,
        "ebitdaratio": 4.7270251872,
        "operatingIncome": 694400000,
        "operatingIncomeRatio": 4.7270251872,
        "totalOtherIncomeExpensesNet": 525300000,
        "incomeBeforeTax": 124700000,
        "incomeBeforeTaxRatio": 0.8488767869,
        "incomeTaxExpense": 33600000,
        "netIncome": 91100000,
        "netIncomeRatio": 0.6201497617,
        "eps": 0.0933,
        "epsdiluted": 0.0933,
        "weightedAverageShsOut": 943169000,
        "weightedAverageShsOutDil": 975976000,
        "link": null,
        "finalLink": null
    },
    {
        "date": "1991-09-30",
        "symbol": "SLM",
        "reportedCurrency": "USD",
        "cik": "0001032033",
        "fillingDate": "1991-09-30",
        "acceptedDate": "1991-09-30 00:00:00",
        "calendarYear": "1991",
        "period": "Q3",
        "revenue": 143500000,
        "costOfRevenue": 0,
        "grossProfit": 143500000,
        "grossProfitRatio": 1,
        "researchAndDevelopmentExpenses": 0,
        "generalAndAdministrativeExpenses": 0,
        "sellingAndMarketingExpenses": 0,
        "sellingGeneralAndAdministrativeExpenses": 0,
        "otherExpenses": 616300000,
        "operatingExpenses": 616300000,
        "costAndExpenses": 616300000,
        "interestIncome": 783400000,
        "interestExpense": 639900000,
        "depreciationAndAmortization": 0,
        "ebitda": 759800000,
        "ebitdaratio": 5.2947735192,
        "operatingIncome": 759800000,
        "operatingIncomeRatio": 5.2947735192,
        "totalOtherIncomeExpensesNet": 592700000,
        "incomeBeforeTax": 119900000,
        "incomeBeforeTaxRatio": 0.8355400697,
        "incomeTaxExpense": 32700000,
        "netIncome": 87200000,
        "netIncomeRatio": 0.6076655052,
        "eps": 0.0866,
        "epsdiluted": 0.0866,
        "weightedAverageShsOut": 975976000,
        "weightedAverageShsOutDil": 975976000,
        "link": null,
        "finalLink": null
    },
    {
        "date": "1991-06-30",
        "symbol": "SLM",
        "reportedCurrency": "USD",
        "cik": "0001032033",
        "fillingDate": "1991-06-30",
        "acceptedDate": "1991-06-30 00:00:00",
        "calendarYear": "1991",
        "period": "Q2",
        "revenue": 137200000,
        "costOfRevenue": 0,
        "grossProfit": 137200000,
        "grossProfitRatio": 1,
        "researchAndDevelopmentExpenses": 0,
        "generalAndAdministrativeExpenses": 0,
        "sellingAndMarketingExpenses": 0,
        "sellingGeneralAndAdministrativeExpenses": 0,
        "otherExpenses": 624200000,
        "operatingExpenses": 624200000,
        "costAndExpenses": 624200000,
        "interestIncome": 784400000,
        "interestExpense": 647200000,
        "depreciationAndAmortization": 0,
        "ebitda": 761400000,
        "ebitdaratio": 5.5495626822,
        "operatingIncome": 761400000,
        "operatingIncomeRatio": 5.5495626822,
        "totalOtherIncomeExpensesNet": 114200000,
        "incomeBeforeTax": 114200000,
        "incomeBeforeTaxRatio": 0.832361516,
        "incomeTaxExpense": 29500000,
        "netIncome": 84700000,
        "netIncomeRatio": 0.6173469388,
        "eps": 0.0833,
        "epsdiluted": 0.0833,
        "weightedAverageShsOut": 984985000,
        "weightedAverageShsOutDil": 984985000,
        "link": null,
        "finalLink": null
    },
    {
        "date": "1991-03-31",
        "symbol": "SLM",
        "reportedCurrency": "USD",
        "cik": "0001032033",
        "fillingDate": "1991-03-31",
        "acceptedDate": "1991-03-31 00:00:00",
        "calendarYear": "1991",
        "period": "Q1",
        "revenue": 131600000,
        "costOfRevenue": 0,
        "grossProfit": 131600000,
        "grossProfitRatio": 1,
        "researchAndDevelopmentExpenses": 0,
        "generalAndAdministrativeExpenses": 0,
        "sellingAndMarketingExpenses": 0,
        "sellingGeneralAndAdministrativeExpenses": 0,
        "otherExpenses": 684600000,
        "operatingExpenses": 684600000,
        "costAndExpenses": 684600000,
        "interestIncome": 837200000,
        "interestExpense": 705600000,
        "depreciationAndAmortization": 0,
        "ebitda": 816200000,
        "ebitdaratio": 6.2021276596,
        "operatingIncome": 816200000,
        "operatingIncomeRatio": 6.2021276596,
        "totalOtherIncomeExpensesNet": 663600000,
        "incomeBeforeTax": 110600000,
        "incomeBeforeTaxRatio": 0.8404255319,
        "incomeTaxExpense": 28500000,
        "netIncome": 82100000,
        "netIncomeRatio": 0.6238601824,
        "eps": 0.0799,
        "epsdiluted": 0.0799,
        "weightedAverageShsOut": 993493000,
        "weightedAverageShsOutDil": 993493000,
        "link": null,
        "finalLink": null
    },
    {
        "date": "1990-12-31",
        "symbol": "SLM",
        "reportedCurrency": "USD",
        "cik": "0001032033",
        "fillingDate": "1990-12-31",
        "acceptedDate": "1990-12-31 00:00:00",
        "calendarYear": "1990",
        "period": "Q4",
        "revenue": 125700000,
        "costOfRevenue": 0,
        "grossProfit": 125700000,
        "grossProfitRatio": 1,
        "researchAndDevelopmentExpenses": 0,
        "generalAndAdministrativeExpenses": 0,
        "sellingAndMarketingExpenses": 0,
        "sellingGeneralAndAdministrativeExpenses": 0,
        "otherExpenses": 741500000,
        "operatingExpenses": 741500000,
        "costAndExpenses": 741500000,
        "interestIncome": 889800000,
        "interestExpense": 764100000,
        "depreciationAndAmortization": 0,
        "ebitda": 867200000,
        "ebitdaratio": 6.8989657916,
        "operatingIncome": 867200000,
        "operatingIncomeRatio": 6.8989657916,
        "totalOtherIncomeExpensesNet": 718900000,
        "incomeBeforeTax": 103100000,
        "incomeBeforeTaxRatio": 0.8202068417,
        "incomeTaxExpense": 25200000,
        "netIncome": 77900000,
        "netIncomeRatio": 0.6197295147,
        "eps": 0.0759,
        "epsdiluted": 0.0759,
        "weightedAverageShsOut": 976950000,
        "weightedAverageShsOutDil": 1026481000,
        "link": null,
        "finalLink": null
    },
    {
        "date": "1990-09-30",
        "symbol": "SLM",
        "reportedCurrency": "USD",
        "cik": "0001032033",
        "fillingDate": "1990-09-30",
        "acceptedDate": "1990-09-30 00:00:00",
        "calendarYear": "1990",
        "period": "Q3",
        "revenue": 122600000,
        "costOfRevenue": 0,
        "grossProfit": 122600000,
        "grossProfitRatio": 1,
        "researchAndDevelopmentExpenses": 0,
        "generalAndAdministrativeExpenses": 0,
        "sellingAndMarketingExpenses": 0,
        "sellingGeneralAndAdministrativeExpenses": 0,
        "otherExpenses": 750400000,
        "operatingExpenses": 750400000,
        "costAndExpenses": 750400000,
        "interestIncome": 892000000,
        "interestExpense": 769400000,
        "depreciationAndAmortization": 0,
        "ebitda": 873000000,
        "ebitdaratio": 7.1207177814,
        "operatingIncome": 873000000,
        "operatingIncomeRatio": 7.1207177814,
        "totalOtherIncomeExpensesNet": 731400000,
        "incomeBeforeTax": 103600000,
        "incomeBeforeTaxRatio": 0.8450244698,
        "incomeTaxExpense": 25700000,
        "netIncome": 77900000,
        "netIncomeRatio": 0.6353996737,
        "eps": 0.0733,
        "epsdiluted": 0.0733,
        "weightedAverageShsOut": 1026481000,
        "weightedAverageShsOutDil": 1026481000,
        "link": null,
        "finalLink": null
    },
    {
        "date": "1990-06-30",
        "symbol": "SLM",
        "reportedCurrency": "USD",
        "cik": "0001032033",
        "fillingDate": "1990-06-30",
        "acceptedDate": "1990-06-30 00:00:00",
        "calendarYear": "1990",
        "period": "Q2",
        "revenue": 117900000,
        "costOfRevenue": 0,
        "grossProfit": 117900000,
        "grossProfitRatio": 1,
        "researchAndDevelopmentExpenses": 0,
        "generalAndAdministrativeExpenses": 0,
        "sellingAndMarketingExpenses": 0,
        "sellingGeneralAndAdministrativeExpenses": 0,
        "otherExpenses": 747300000,
        "operatingExpenses": 747300000,
        "costAndExpenses": 117900000,
        "interestIncome": 884500000,
        "interestExpense": 766600000,
        "depreciationAndAmortization": 0,
        "ebitda": 865200000,
        "ebitdaratio": 7.3384223919,
        "operatingIncome": 865200000,
        "operatingIncomeRatio": 7.3384223919,
        "totalOtherIncomeExpensesNet": 98600000,
        "incomeBeforeTax": 98600000,
        "incomeBeforeTaxRatio": 0.8363019508,
        "incomeTaxExpense": 24600000,
        "netIncome": 74000000,
        "netIncomeRatio": 0.6276505513,
        "eps": 0.0699,
        "epsdiluted": 0.0699,
        "weightedAverageShsOut": 1019591000,
        "weightedAverageShsOutDil": 1019591000,
        "link": null,
        "finalLink": null
    },
    {
        "date": "1990-03-31",
        "symbol": "SLM",
        "reportedCurrency": "USD",
        "cik": "0001032033",
        "fillingDate": "1990-03-31",
        "acceptedDate": "1990-03-31 00:00:00",
        "calendarYear": "1990",
        "period": "Q1",
        "revenue": 112700000,
        "costOfRevenue": 0,
        "grossProfit": 112700000,
        "grossProfitRatio": 1,
        "researchAndDevelopmentExpenses": 0,
        "generalAndAdministrativeExpenses": 0,
        "sellingAndMarketingExpenses": 0,
        "sellingGeneralAndAdministrativeExpenses": 0,
        "otherExpenses": 706100000,
        "operatingExpenses": 706100000,
        "costAndExpenses": 112700000,
        "interestIncome": 836800000,
        "interestExpense": 724100000,
        "depreciationAndAmortization": 0,
        "ebitda": 818800000,
        "ebitdaratio": 7.2653061224,
        "operatingIncome": 818800000,
        "operatingIncomeRatio": 7.2653061224,
        "totalOtherIncomeExpensesNet": 94700000,
        "incomeBeforeTax": 94700000,
        "incomeBeforeTaxRatio": 0.8402839397,
        "incomeTaxExpense": 23700000,
        "netIncome": 71000000,
        "netIncomeRatio": 0.6299911269,
        "eps": 0.0666,
        "epsdiluted": 0.0666,
        "weightedAverageShsOut": 1025526000,
        "weightedAverageShsOutDil": 1025526000,
        "link": null,
        "finalLink": null
    },
    {
        "date": "1989-12-31",
        "symbol": "SLM",
        "reportedCurrency": "USD",
        "cik": "0001032033",
        "fillingDate": "1989-12-31",
        "acceptedDate": "1989-12-31 00:00:00",
        "calendarYear": "1989",
        "period": "Q4",
        "revenue": 109500000,
        "costOfRevenue": 0,
        "grossProfit": 109500000,
        "grossProfitRatio": 1,
        "researchAndDevelopmentExpenses": 0,
        "generalAndAdministrativeExpenses": 0,
        "sellingAndMarketingExpenses": 0,
        "sellingGeneralAndAdministrativeExpenses": 0,
        "otherExpenses": 674200000,
        "operatingExpenses": 674200000,
        "costAndExpenses": 674200000,
        "interestIncome": 801900000,
        "interestExpense": 692400000,
        "depreciationAndAmortization": 0,
        "ebitda": 783700000,
        "ebitdaratio": 7.1570776256,
        "operatingIncome": 783700000,
        "operatingIncomeRatio": 7.1570776256,
        "totalOtherIncomeExpensesNet": 656000000,
        "incomeBeforeTax": 91300000,
        "incomeBeforeTaxRatio": 0.8337899543,
        "incomeTaxExpense": 23300000,
        "netIncome": 68000000,
        "netIncomeRatio": 0.6210045662,
        "eps": 0.0681,
        "epsdiluted": 0.0681,
        "weightedAverageShsOut": 998894000,
        "weightedAverageShsOutDil": 998894000,
        "link": null,
        "finalLink": null
    },
    {
        "date": "1989-09-30",
        "symbol": "SLM",
        "reportedCurrency": "USD",
        "cik": "0001032033",
        "fillingDate": "1989-09-30",
        "acceptedDate": "1989-09-30 00:00:00",
        "calendarYear": "1989",
        "period": "Q3",
        "revenue": 106000000,
        "costOfRevenue": 0,
        "grossProfit": 106000000,
        "grossProfitRatio": 1,
        "researchAndDevelopmentExpenses": 0,
        "generalAndAdministrativeExpenses": 0,
        "sellingAndMarketingExpenses": 0,
        "sellingGeneralAndAdministrativeExpenses": 0,
        "otherExpenses": 681800000,
        "operatingExpenses": 681800000,
        "costAndExpenses": 106000000,
        "interestIncome": 805300000,
        "interestExpense": 699300000,
        "depreciationAndAmortization": 0,
        "ebitda": 787800000,
        "ebitdaratio": 7.4320754717,
        "operatingIncome": 0,
        "operatingIncomeRatio": 0,
        "totalOtherIncomeExpensesNet": 88500000,
        "incomeBeforeTax": 88500000,
        "incomeBeforeTaxRatio": 0.8349056604,
        "incomeTaxExpense": 22600000,
        "netIncome": 65900000,
        "netIncomeRatio": 0.6216981132,
        "eps": 0.0633,
        "epsdiluted": 0.0633,
        "weightedAverageShsOut": 998894000,
        "weightedAverageShsOutDil": 998894000,
        "link": null,
        "finalLink": null
    },
    {
        "date": "1989-06-30",
        "symbol": "SLM",
        "reportedCurrency": "USD",
        "cik": "0001032033",
        "fillingDate": "1989-06-30",
        "acceptedDate": "1989-06-29 20:00:00",
        "calendarYear": "1989",
        "period": "Q2",
        "revenue": 101600000,
        "costOfRevenue": 0,
        "grossProfit": 101600000,
        "grossProfitRatio": 1,
        "researchAndDevelopmentExpenses": 0,
        "generalAndAdministrativeExpenses": 0,
        "sellingAndMarketingExpenses": 0,
        "sellingGeneralAndAdministrativeExpenses": 0,
        "otherExpenses": 687000000,
        "operatingExpenses": 687000000,
        "costAndExpenses": 101600000,
        "interestIncome": 805700000,
        "interestExpense": 704100000,
        "depreciationAndAmortization": 0,
        "ebitda": 788600000,
        "ebitdaratio": 7.7618110236,
        "operatingIncome": 0,
        "operatingIncomeRatio": 0,
        "totalOtherIncomeExpensesNet": 84500000,
        "incomeBeforeTax": 84500000,
        "incomeBeforeTaxRatio": 0.8316929134,
        "incomeTaxExpense": 22000000,
        "netIncome": 62500000,
        "netIncomeRatio": 0.6151574803,
        "eps": 0.0599,
        "epsdiluted": 0.0599,
        "weightedAverageShsOut": 997664000,
        "weightedAverageShsOutDil": 997664000,
        "link": "",
        "finalLink": ""
    },
    {
        "date": "1989-03-31",
        "symbol": "SLM",
        "reportedCurrency": "USD",
        "cik": "0001032033",
        "fillingDate": "1989-03-31",
        "acceptedDate": "1989-03-30 19:00:00",
        "calendarYear": "1989",
        "period": "Q1",
        "revenue": 0,
        "costOfRevenue": 0,
        "grossProfit": 0,
        "grossProfitRatio": 0,
        "researchAndDevelopmentExpenses": 0,
        "generalAndAdministrativeExpenses": 0,
        "sellingAndMarketingExpenses": 0,
        "sellingGeneralAndAdministrativeExpenses": 0,
        "otherExpenses": 0,
        "operatingExpenses": 0,
        "costAndExpenses": 0,
        "interestIncome": 0,
        "interestExpense": 0,
        "depreciationAndAmortization": 0,
        "ebitda": 0,
        "ebitdaratio": 0,
        "operatingIncome": 0,
        "operatingIncomeRatio": 0,
        "totalOtherIncomeExpensesNet": 0,
        "incomeBeforeTax": 0,
        "incomeBeforeTaxRatio": 0,
        "incomeTaxExpense": 0,
        "netIncome": 61200000,
        "netIncomeRatio": 0,
        "eps": 0.0566,
        "epsdiluted": 0.0566,
        "weightedAverageShsOut": 945715000,
        "weightedAverageShsOutDil": 945715000,
        "link": "",
        "finalLink": ""
    },
    {
        "date": "1988-12-31",
        "symbol": "SLM",
        "reportedCurrency": "USD",
        "cik": "0001032033",
        "fillingDate": "1988-12-31",
        "acceptedDate": "1988-12-30 19:00:00",
        "calendarYear": "1988",
        "period": "Q4",
        "revenue": 0,
        "costOfRevenue": 0,
        "grossProfit": 0,
        "grossProfitRatio": 0,
        "researchAndDevelopmentExpenses": 0,
        "generalAndAdministrativeExpenses": 0,
        "sellingAndMarketingExpenses": 0,
        "sellingGeneralAndAdministrativeExpenses": 0,
        "otherExpenses": 0,
        "operatingExpenses": 0,
        "costAndExpenses": 0,
        "interestIncome": 0,
        "interestExpense": 0,
        "depreciationAndAmortization": 0,
        "ebitda": 0,
        "ebitdaratio": 0,
        "operatingIncome": 0,
        "operatingIncomeRatio": 0,
        "totalOtherIncomeExpensesNet": 0,
        "incomeBeforeTax": 0,
        "incomeBeforeTaxRatio": 0,
        "incomeTaxExpense": 0,
        "netIncome": 58900000,
        "netIncomeRatio": 0,
        "eps": 0.0533,
        "epsdiluted": 0.0533,
        "weightedAverageShsOut": 951123000,
        "weightedAverageShsOutDil": 951123000,
        "link": null,
        "finalLink": null
    },
    {
        "date": "1988-09-30",
        "symbol": "SLM",
        "reportedCurrency": "USD",
        "cik": "0001032033",
        "fillingDate": "1988-09-30",
        "acceptedDate": "1988-09-29 20:00:00",
        "calendarYear": "1988",
        "period": "Q3",
        "revenue": 0,
        "costOfRevenue": 0,
        "grossProfit": 0,
        "grossProfitRatio": 0,
        "researchAndDevelopmentExpenses": 0,
        "generalAndAdministrativeExpenses": 0,
        "sellingAndMarketingExpenses": 0,
        "sellingGeneralAndAdministrativeExpenses": 0,
        "otherExpenses": 0,
        "operatingExpenses": 0,
        "costAndExpenses": 0,
        "interestIncome": 0,
        "interestExpense": 0,
        "depreciationAndAmortization": 0,
        "ebitda": 0,
        "ebitdaratio": 0,
        "operatingIncome": 0,
        "operatingIncomeRatio": 0,
        "totalOtherIncomeExpensesNet": 0,
        "incomeBeforeTax": 0,
        "incomeBeforeTaxRatio": 0,
        "incomeTaxExpense": 0,
        "netIncome": 57500000,
        "netIncomeRatio": 0,
        "eps": 0.0533,
        "epsdiluted": 0.0533,
        "weightedAverageShsOut": 962568000,
        "weightedAverageShsOutDil": 962568000,
        "link": null,
        "finalLink": null
    },
    {
        "date": "1988-06-30",
        "symbol": "SLM",
        "reportedCurrency": "USD",
        "cik": "0001032033",
        "fillingDate": "1988-06-30",
        "acceptedDate": "1988-06-29 20:00:00",
        "calendarYear": "1988",
        "period": "Q2",
        "revenue": 0,
        "costOfRevenue": 0,
        "grossProfit": 0,
        "grossProfitRatio": 0,
        "researchAndDevelopmentExpenses": 0,
        "generalAndAdministrativeExpenses": 0,
        "sellingAndMarketingExpenses": 0,
        "sellingGeneralAndAdministrativeExpenses": 0,
        "otherExpenses": 0,
        "operatingExpenses": 0,
        "costAndExpenses": 0,
        "interestIncome": 0,
        "interestExpense": 0,
        "depreciationAndAmortization": 0,
        "ebitda": 0,
        "ebitdaratio": 0,
        "operatingIncome": 0,
        "operatingIncomeRatio": 0,
        "totalOtherIncomeExpensesNet": 0,
        "incomeBeforeTax": 0,
        "incomeBeforeTaxRatio": 0,
        "incomeTaxExpense": 0,
        "netIncome": 55000000,
        "netIncomeRatio": 0,
        "eps": 0.05,
        "epsdiluted": 0.05,
        "weightedAverageShsOut": 971670000,
        "weightedAverageShsOutDil": 971670000,
        "link": null,
        "finalLink": null
    },
    {
        "date": "1988-03-31",
        "symbol": "SLM",
        "reportedCurrency": "USD",
        "cik": "0001032033",
        "fillingDate": "1988-03-31",
        "acceptedDate": "1988-03-30 19:00:00",
        "calendarYear": "1988",
        "period": "Q1",
        "revenue": 0,
        "costOfRevenue": 0,
        "grossProfit": 0,
        "grossProfitRatio": 0,
        "researchAndDevelopmentExpenses": 0,
        "generalAndAdministrativeExpenses": 0,
        "sellingAndMarketingExpenses": 0,
        "sellingGeneralAndAdministrativeExpenses": 0,
        "otherExpenses": 0,
        "operatingExpenses": 0,
        "costAndExpenses": 0,
        "interestIncome": 0,
        "interestExpense": 0,
        "depreciationAndAmortization": 0,
        "ebitda": 0,
        "ebitdaratio": 0,
        "operatingIncome": 0,
        "operatingIncomeRatio": 0,
        "totalOtherIncomeExpensesNet": 0,
        "incomeBeforeTax": 0,
        "incomeBeforeTaxRatio": 0,
        "incomeTaxExpense": 0,
        "netIncome": 53700000,
        "netIncomeRatio": 0,
        "eps": 0.0466,
        "epsdiluted": 0.0466,
        "weightedAverageShsOut": 971670000,
        "weightedAverageShsOutDil": 971670000,
        "link": "",
        "finalLink": ""
    },
    {
        "date": "1987-12-31",
        "symbol": "SLM",
        "reportedCurrency": "USD",
        "cik": "0001032033",
        "fillingDate": "1987-12-31",
        "acceptedDate": "1987-12-30 19:00:00",
        "calendarYear": "1987",
        "period": "Q4",
        "revenue": 0,
        "costOfRevenue": 0,
        "grossProfit": 0,
        "grossProfitRatio": 0,
        "researchAndDevelopmentExpenses": 0,
        "generalAndAdministrativeExpenses": 0,
        "sellingAndMarketingExpenses": 0,
        "sellingGeneralAndAdministrativeExpenses": 0,
        "otherExpenses": 0,
        "operatingExpenses": 0,
        "costAndExpenses": 0,
        "interestIncome": 0,
        "interestExpense": 0,
        "depreciationAndAmortization": 0,
        "ebitda": 0,
        "ebitdaratio": 0,
        "operatingIncome": 0,
        "operatingIncomeRatio": 0,
        "totalOtherIncomeExpensesNet": 0,
        "incomeBeforeTax": 0,
        "incomeBeforeTaxRatio": 0,
        "incomeTaxExpense": 0,
        "netIncome": 47800000,
        "netIncomeRatio": 0,
        "eps": 0.04,
        "epsdiluted": 0.04,
        "weightedAverageShsOut": 971670000,
        "weightedAverageShsOutDil": 971670000,
        "link": null,
        "finalLink": null
    },
    {
        "date": "1987-09-30",
        "symbol": "SLM",
        "reportedCurrency": "USD",
        "cik": "0001032033",
        "fillingDate": "1987-09-30",
        "acceptedDate": "1987-09-29 20:00:00",
        "calendarYear": "1987",
        "period": "Q3",
        "revenue": 0,
        "costOfRevenue": 0,
        "grossProfit": 0,
        "grossProfitRatio": 0,
        "researchAndDevelopmentExpenses": 0,
        "generalAndAdministrativeExpenses": 0,
        "sellingAndMarketingExpenses": 0,
        "sellingGeneralAndAdministrativeExpenses": 0,
        "otherExpenses": 0,
        "operatingExpenses": 0,
        "costAndExpenses": 0,
        "interestIncome": 0,
        "interestExpense": 0,
        "depreciationAndAmortization": 0,
        "ebitda": 0,
        "ebitdaratio": 0,
        "operatingIncome": 0,
        "operatingIncomeRatio": 0,
        "totalOtherIncomeExpensesNet": 0,
        "incomeBeforeTax": 0,
        "incomeBeforeTaxRatio": 0,
        "incomeTaxExpense": 0,
        "netIncome": 46200000,
        "netIncomeRatio": 0,
        "eps": 0.04,
        "epsdiluted": 0.04,
        "weightedAverageShsOut": 1004168000,
        "weightedAverageShsOutDil": 1004168000,
        "link": null,
        "finalLink": null
    },
    {
        "date": "1987-06-30",
        "symbol": "SLM",
        "reportedCurrency": "USD",
        "cik": "0001032033",
        "fillingDate": "1987-06-30",
        "acceptedDate": "1987-06-29 20:00:00",
        "calendarYear": "1987",
        "period": "Q2",
        "revenue": 0,
        "costOfRevenue": 0,
        "grossProfit": 0,
        "grossProfitRatio": 0,
        "researchAndDevelopmentExpenses": 0,
        "generalAndAdministrativeExpenses": 0,
        "sellingAndMarketingExpenses": 0,
        "sellingGeneralAndAdministrativeExpenses": 0,
        "otherExpenses": 0,
        "operatingExpenses": 0,
        "costAndExpenses": 0,
        "interestIncome": 0,
        "interestExpense": 0,
        "depreciationAndAmortization": 0,
        "ebitda": 0,
        "ebitdaratio": 0,
        "operatingIncome": 0,
        "operatingIncomeRatio": 0,
        "totalOtherIncomeExpensesNet": 0,
        "incomeBeforeTax": 0,
        "incomeBeforeTaxRatio": 0,
        "incomeTaxExpense": 0,
        "netIncome": 44600000,
        "netIncomeRatio": 0,
        "eps": 0.0366,
        "epsdiluted": 0.0366,
        "weightedAverageShsOut": 1004168000,
        "weightedAverageShsOutDil": 1004168000,
        "link": null,
        "finalLink": null
    },
    {
        "date": "1987-03-31",
        "symbol": "SLM",
        "reportedCurrency": "USD",
        "cik": "0001032033",
        "fillingDate": "1987-03-31",
        "acceptedDate": "1987-03-30 19:00:00",
        "calendarYear": "1987",
        "period": "Q1",
        "revenue": 0,
        "costOfRevenue": 0,
        "grossProfit": 0,
        "grossProfitRatio": 0,
        "researchAndDevelopmentExpenses": 0,
        "generalAndAdministrativeExpenses": 0,
        "sellingAndMarketingExpenses": 0,
        "sellingGeneralAndAdministrativeExpenses": 0,
        "otherExpenses": 0,
        "operatingExpenses": 0,
        "costAndExpenses": 0,
        "interestIncome": 0,
        "interestExpense": 0,
        "depreciationAndAmortization": 0,
        "ebitda": 0,
        "ebitdaratio": 0,
        "operatingIncome": 0,
        "operatingIncomeRatio": 0,
        "totalOtherIncomeExpensesNet": 0,
        "incomeBeforeTax": 0,
        "incomeBeforeTaxRatio": 0,
        "incomeTaxExpense": 0,
        "netIncome": 42500000,
        "netIncomeRatio": 0,
        "eps": 0.0366,
        "epsdiluted": 0.0366,
        "weightedAverageShsOut": 1004168000,
        "weightedAverageShsOutDil": 1004168000,
        "link": "",
        "finalLink": ""
    },
    {
        "date": "1986-12-31",
        "symbol": "SLM",
        "reportedCurrency": "USD",
        "cik": "0001032033",
        "fillingDate": "1986-12-31",
        "acceptedDate": "1986-12-30 19:00:00",
        "calendarYear": "1986",
        "period": "Q4",
        "revenue": 0,
        "costOfRevenue": 0,
        "grossProfit": 0,
        "grossProfitRatio": 0,
        "researchAndDevelopmentExpenses": 0,
        "generalAndAdministrativeExpenses": 0,
        "sellingAndMarketingExpenses": 0,
        "sellingGeneralAndAdministrativeExpenses": 0,
        "otherExpenses": 0,
        "operatingExpenses": 0,
        "costAndExpenses": 0,
        "interestIncome": 0,
        "interestExpense": 0,
        "depreciationAndAmortization": 0,
        "ebitda": 0,
        "ebitdaratio": 0,
        "operatingIncome": 0,
        "operatingIncomeRatio": 0,
        "totalOtherIncomeExpensesNet": 0,
        "incomeBeforeTax": 0,
        "incomeBeforeTaxRatio": 0,
        "incomeTaxExpense": 0,
        "netIncome": 46900000,
        "netIncomeRatio": 0,
        "eps": 0.03,
        "epsdiluted": 0.03,
        "weightedAverageShsOut": 1000598000,
        "weightedAverageShsOutDil": 1000598000,
        "link": null,
        "finalLink": null
    },
    {
        "date": "1986-09-30",
        "symbol": "SLM",
        "reportedCurrency": "USD",
        "cik": "0001032033",
        "fillingDate": "1986-09-30",
        "acceptedDate": "1986-09-29 20:00:00",
        "calendarYear": "1986",
        "period": "Q3",
        "revenue": 0,
        "costOfRevenue": 0,
        "grossProfit": 0,
        "grossProfitRatio": 0,
        "researchAndDevelopmentExpenses": 0,
        "generalAndAdministrativeExpenses": 0,
        "sellingAndMarketingExpenses": 0,
        "sellingGeneralAndAdministrativeExpenses": 0,
        "otherExpenses": 0,
        "operatingExpenses": 0,
        "costAndExpenses": 0,
        "interestIncome": 0,
        "interestExpense": 0,
        "depreciationAndAmortization": 0,
        "ebitda": 0,
        "ebitdaratio": 0,
        "operatingIncome": 0,
        "operatingIncomeRatio": 0,
        "totalOtherIncomeExpensesNet": 0,
        "incomeBeforeTax": 0,
        "incomeBeforeTaxRatio": 0,
        "incomeTaxExpense": 0,
        "netIncome": 33700000,
        "netIncomeRatio": 0,
        "eps": 0.03,
        "epsdiluted": 0.03,
        "weightedAverageShsOut": 1209580000,
        "weightedAverageShsOutDil": 1209580000,
        "link": null,
        "finalLink": null
    },
    {
        "date": "1986-06-30",
        "symbol": "SLM",
        "reportedCurrency": "USD",
        "cik": "0001032033",
        "fillingDate": "1986-06-30",
        "acceptedDate": "1986-06-29 20:00:00",
        "calendarYear": "1986",
        "period": "Q2",
        "revenue": 0,
        "costOfRevenue": 0,
        "grossProfit": 0,
        "grossProfitRatio": 0,
        "researchAndDevelopmentExpenses": 0,
        "generalAndAdministrativeExpenses": 0,
        "sellingAndMarketingExpenses": 0,
        "sellingGeneralAndAdministrativeExpenses": 0,
        "otherExpenses": 0,
        "operatingExpenses": 0,
        "costAndExpenses": 0,
        "interestIncome": 0,
        "interestExpense": 0,
        "depreciationAndAmortization": 0,
        "ebitda": 0,
        "ebitdaratio": 0,
        "operatingIncome": 0,
        "operatingIncomeRatio": 0,
        "totalOtherIncomeExpensesNet": 0,
        "incomeBeforeTax": 0,
        "incomeBeforeTaxRatio": 0,
        "incomeTaxExpense": 0,
        "netIncome": 36100000,
        "netIncomeRatio": 0,
        "eps": 0.03,
        "epsdiluted": 0.03,
        "weightedAverageShsOut": 1232387000,
        "weightedAverageShsOutDil": 1232387000,
        "link": null,
        "finalLink": null
    },
    {
        "date": "1986-03-31",
        "symbol": "SLM",
        "reportedCurrency": "USD",
        "cik": "0001032033",
        "fillingDate": "1986-03-31",
        "acceptedDate": "1986-03-30 19:00:00",
        "calendarYear": "1986",
        "period": "Q1",
        "revenue": 0,
        "costOfRevenue": 0,
        "grossProfit": 0,
        "grossProfitRatio": 0,
        "researchAndDevelopmentExpenses": 0,
        "generalAndAdministrativeExpenses": 0,
        "sellingAndMarketingExpenses": 0,
        "sellingGeneralAndAdministrativeExpenses": 0,
        "otherExpenses": 0,
        "operatingExpenses": 0,
        "costAndExpenses": 0,
        "interestIncome": 0,
        "interestExpense": 0,
        "depreciationAndAmortization": 0,
        "ebitda": 0,
        "ebitdaratio": 0,
        "operatingIncome": 0,
        "operatingIncomeRatio": 0,
        "totalOtherIncomeExpensesNet": 0,
        "incomeBeforeTax": 0,
        "incomeBeforeTaxRatio": 0,
        "incomeTaxExpense": 0,
        "netIncome": 34500000,
        "netIncomeRatio": 0,
        "eps": 0.0266,
        "epsdiluted": 0.0266,
        "weightedAverageShsOut": 1231787000,
        "weightedAverageShsOutDil": 1231787000,
        "link": "",
        "finalLink": ""
    },
    {
        "date": "1985-12-31",
        "symbol": "SLM",
        "reportedCurrency": "USD",
        "cik": "0001032033",
        "fillingDate": "1985-12-31",
        "acceptedDate": "1985-12-30 19:00:00",
        "calendarYear": "1985",
        "period": "Q4",
        "revenue": 0,
        "costOfRevenue": 0,
        "grossProfit": 0,
        "grossProfitRatio": 0,
        "researchAndDevelopmentExpenses": 0,
        "generalAndAdministrativeExpenses": 0,
        "sellingAndMarketingExpenses": 0,
        "sellingGeneralAndAdministrativeExpenses": 0,
        "otherExpenses": 0,
        "operatingExpenses": 0,
        "costAndExpenses": 0,
        "interestIncome": 0,
        "interestExpense": 0,
        "depreciationAndAmortization": 0,
        "ebitda": 0,
        "ebitdaratio": 0,
        "operatingIncome": 0,
        "operatingIncomeRatio": 0,
        "totalOtherIncomeExpensesNet": 0,
        "incomeBeforeTax": 0,
        "incomeBeforeTaxRatio": 0,
        "incomeTaxExpense": 0,
        "netIncome": 32700000,
        "netIncomeRatio": 0,
        "eps": 0.0266,
        "epsdiluted": 0.0266,
        "weightedAverageShsOut": 1082688000,
        "weightedAverageShsOutDil": 1082688000,
        "link": null,
        "finalLink": null
    },
    {
        "date": "1985-09-30",
        "symbol": "SLM",
        "reportedCurrency": "USD",
        "cik": "0001032033",
        "fillingDate": "1985-09-30",
        "acceptedDate": "1985-09-29 20:00:00",
        "calendarYear": "1985",
        "period": "Q3",
        "revenue": 0,
        "costOfRevenue": 0,
        "grossProfit": 0,
        "grossProfitRatio": 0,
        "researchAndDevelopmentExpenses": 0,
        "generalAndAdministrativeExpenses": 0,
        "sellingAndMarketingExpenses": 0,
        "sellingGeneralAndAdministrativeExpenses": 0,
        "otherExpenses": 0,
        "operatingExpenses": 0,
        "costAndExpenses": 0,
        "interestIncome": 0,
        "interestExpense": 0,
        "depreciationAndAmortization": 0,
        "ebitda": 0,
        "ebitdaratio": 0,
        "operatingIncome": 0,
        "operatingIncomeRatio": 0,
        "totalOtherIncomeExpensesNet": 0,
        "incomeBeforeTax": 0,
        "incomeBeforeTaxRatio": 0,
        "incomeTaxExpense": 0,
        "netIncome": 31300000,
        "netIncomeRatio": 0,
        "eps": 0.0233,
        "epsdiluted": 0.0233,
        "weightedAverageShsOut": 1082688000,
        "weightedAverageShsOutDil": 1082688000,
        "link": null,
        "finalLink": null
    }
]