[
    {
        "date": "2017-09-30",
        "symbol": "SNC",
        "reportedCurrency": "USD",
        "cik": "0001610793",
        "fillingDate": "2017-11-08",
        "acceptedDate": "2017-11-08 16:24:56",
        "calendarYear": "2017",
        "period": "Q3",
        "revenue": 61445000,
        "costOfRevenue": 15883000,
        "grossProfit": 45562000,
        "grossProfitRatio": 0.7415086663,
        "researchAndDevelopmentExpenses": 0,
        "generalAndAdministrativeExpenses": 19666000,
        "sellingAndMarketingExpenses": 0,
        "sellingGeneralAndAdministrativeExpenses": 19666000,
        "otherExpenses": 0,
        "operatingExpenses": 19666000,
        "costAndExpenses": 35549000,
        "interestIncome": 0,
        "interestExpense": 631000,
        "depreciationAndAmortization": 631000,
        "ebitda": 23736000,
        "ebitdaratio": 0.3862966881,
        "operatingIncome": 23105000,
        "operatingIncomeRatio": 0.3760273415,
        "totalOtherIncomeExpensesNet": 0,
        "incomeBeforeTax": 23105000,
        "incomeBeforeTaxRatio": 0.3760273415,
        "incomeTaxExpense": 8411000,
        "netIncome": 14694000,
        "netIncomeRatio": 0.2391406949,
        "eps": 0.35,
        "epsdiluted": 0.34,
        "weightedAverageShsOut": 41655636,
        "weightedAverageShsOutDil": 42967302,
        "link": "https://www.sec.gov/Archives/edgar/data/1610793/000155837017008556/0001558370-17-008556-index.html",
        "finalLink": "https://www.sec.gov/Archives/edgar/data/1610793/000155837017008556/snc-20170930x10q.htm"
    },
    {
        "date": "2017-06-30",
        "symbol": "SNC",
        "reportedCurrency": "USD",
        "cik": "0001610793",
        "fillingDate": "2017-08-08",
        "acceptedDate": "2017-08-08 16:02:27",
        "calendarYear": "2017",
        "period": "Q2",
        "revenue": 58595000,
        "costOfRevenue": 16135000,
        "grossProfit": 42460000,
        "grossProfitRatio": 0.7246352078,
        "researchAndDevelopmentExpenses": 0,
        "generalAndAdministrativeExpenses": 18618000,
        "sellingAndMarketingExpenses": 0,
        "sellingGeneralAndAdministrativeExpenses": 18618000,
        "otherExpenses": 0,
        "operatingExpenses": 18618000,
        "costAndExpenses": 34753000,
        "interestIncome": 0,
        "interestExpense": 612000,
        "depreciationAndAmortization": 612000,
        "ebitda": 21225000,
        "ebitdaratio": 0.3622322724,
        "operatingIncome": 20613000,
        "operatingIncomeRatio": 0.3517876952,
        "totalOtherIncomeExpensesNet": 0,
        "incomeBeforeTax": 20613000,
        "incomeBeforeTaxRatio": 0.3517876952,
        "incomeTaxExpense": 7378000,
        "netIncome": 13235000,
        "netIncomeRatio": 0.2258725147,
        "eps": 0.32,
        "epsdiluted": 0.31,
        "weightedAverageShsOut": 41641374,
        "weightedAverageShsOutDil": 42710444,
        "link": "https://www.sec.gov/Archives/edgar/data/1610793/000155837017006267/0001558370-17-006267-index.html",
        "finalLink": "https://www.sec.gov/Archives/edgar/data/1610793/000155837017006267/snc-20170630x10q.htm"
    },
    {
        "date": "2017-03-31",
        "symbol": "SNC",
        "reportedCurrency": "USD",
        "cik": "0001610793",
        "fillingDate": "2017-05-10",
        "acceptedDate": "2017-05-10 16:36:12",
        "calendarYear": "2017",
        "period": "Q1",
        "revenue": 58987000,
        "costOfRevenue": 18831000,
        "grossProfit": 40156000,
        "grossProfitRatio": 0.6807601675,
        "researchAndDevelopmentExpenses": 0,
        "generalAndAdministrativeExpenses": 19128000,
        "sellingAndMarketingExpenses": 0,
        "sellingGeneralAndAdministrativeExpenses": 19128000,
        "otherExpenses": 0,
        "operatingExpenses": 19128000,
        "costAndExpenses": 37959000,
        "interestIncome": 0,
        "interestExpense": 588000,
        "depreciationAndAmortization": 588000,
        "ebitda": 18502000,
        "ebitdaratio": 0.3136623324,
        "operatingIncome": 17914000,
        "operatingIncomeRatio": 0.3036940343,
        "totalOtherIncomeExpensesNet": 0,
        "incomeBeforeTax": 17914000,
        "incomeBeforeTaxRatio": 0.3036940343,
        "incomeTaxExpense": 6424000,
        "netIncome": 11490000,
        "netIncomeRatio": 0.1947886823,
        "eps": 0.28,
        "epsdiluted": 0.27,
        "weightedAverageShsOut": 41613267,
        "weightedAverageShsOutDil": 42495238,
        "link": "https://www.sec.gov/Archives/edgar/data/1610793/000155837017004138/0001558370-17-004138-index.html",
        "finalLink": "https://www.sec.gov/Archives/edgar/data/1610793/000155837017004138/snc-20170331x10q.htm"
    },
    {
        "date": "2016-12-31",
        "symbol": "SNC",
        "reportedCurrency": "USD",
        "cik": "0001610793",
        "fillingDate": "2017-03-14",
        "acceptedDate": "2017-03-14 16:08:49",
        "calendarYear": "2016",
        "period": "Q4",
        "revenue": 60074000,
        "costOfRevenue": 16169000,
        "grossProfit": 43905000,
        "grossProfitRatio": 0.73084862,
        "researchAndDevelopmentExpenses": 0,
        "generalAndAdministrativeExpenses": 18637000,
        "sellingAndMarketingExpenses": 0,
        "sellingGeneralAndAdministrativeExpenses": 18637000,
        "otherExpenses": 0,
        "operatingExpenses": 18637000,
        "costAndExpenses": 34806000,
        "interestIncome": 0,
        "interestExpense": 2238000,
        "depreciationAndAmortization": 4164000,
        "ebitda": 28539000,
        "ebitdaratio": 0.4750640876,
        "operatingIncome": 22137000,
        "operatingIncomeRatio": 0.3684955222,
        "totalOtherIncomeExpensesNet": 0,
        "incomeBeforeTax": 22137000,
        "incomeBeforeTaxRatio": 0.3684955222,
        "incomeTaxExpense": 8041000,
        "netIncome": 14096000,
        "netIncomeRatio": 0.2346439391,
        "eps": 0.34,
        "epsdiluted": 0.33,
        "weightedAverageShsOut": 42056661,
        "weightedAverageShsOutDil": 42157710,
        "link": "https://www.sec.gov/Archives/edgar/data/1610793/000155837017001763/0001558370-17-001763-index.html",
        "finalLink": "https://www.sec.gov/Archives/edgar/data/1610793/000155837017001763/snc-20161231x10k.htm"
    },
    {
        "date": "2016-09-30",
        "symbol": "SNC",
        "reportedCurrency": "USD",
        "cik": "0001610793",
        "fillingDate": "2016-11-09",
        "acceptedDate": "2016-11-09 16:07:28",
        "calendarYear": "2016",
        "period": "Q3",
        "revenue": 57917000,
        "costOfRevenue": 13755000,
        "grossProfit": 44162000,
        "grossProfitRatio": 0.762504964,
        "researchAndDevelopmentExpenses": 0,
        "generalAndAdministrativeExpenses": 17235000,
        "sellingAndMarketingExpenses": 0,
        "sellingGeneralAndAdministrativeExpenses": 17235000,
        "otherExpenses": 0,
        "operatingExpenses": 17235000,
        "costAndExpenses": 30990000,
        "interestIncome": 0,
        "interestExpense": 0,
        "depreciationAndAmortization": 0,
        "ebitda": 23994000,
        "ebitdaratio": 0.4142825077,
        "operatingIncome": 23994000,
        "operatingIncomeRatio": 0.4142825077,
        "totalOtherIncomeExpensesNet": 0,
        "incomeBeforeTax": 23994000,
        "incomeBeforeTaxRatio": 0.4142825077,
        "incomeTaxExpense": 8671000,
        "netIncome": 15323000,
        "netIncomeRatio": 0.2645682615,
        "eps": 0.36,
        "epsdiluted": 0.36,
        "weightedAverageShsOut": 42196075,
        "weightedAverageShsOutDil": 42215846,
        "link": "https://www.sec.gov/Archives/edgar/data/1610793/000155837016009818/0001558370-16-009818-index.html",
        "finalLink": "https://www.sec.gov/Archives/edgar/data/1610793/000155837016009818/snc-20160930x10q.htm"
    },
    {
        "date": "2016-06-30",
        "symbol": "SNC",
        "reportedCurrency": "USD",
        "cik": "0001610793",
        "fillingDate": "2016-08-08",
        "acceptedDate": "2016-08-08 16:16:26",
        "calendarYear": "2016",
        "period": "Q2",
        "revenue": 48979000,
        "costOfRevenue": 13743000,
        "grossProfit": 35236000,
        "grossProfitRatio": 0.7194103595,
        "researchAndDevelopmentExpenses": 0,
        "generalAndAdministrativeExpenses": 17148000,
        "sellingAndMarketingExpenses": 0,
        "sellingGeneralAndAdministrativeExpenses": 17148000,
        "otherExpenses": 0,
        "operatingExpenses": 17148000,
        "costAndExpenses": 30891000,
        "interestIncome": 0,
        "interestExpense": 0,
        "depreciationAndAmortization": 0,
        "ebitda": 15601000,
        "ebitdaratio": 0.3185242655,
        "operatingIncome": 15601000,
        "operatingIncomeRatio": 0.3185242655,
        "totalOtherIncomeExpensesNet": 0,
        "incomeBeforeTax": 15601000,
        "incomeBeforeTaxRatio": 0.3185242655,
        "incomeTaxExpense": 5613000,
        "netIncome": 9988000,
        "netIncomeRatio": 0.2039241307,
        "eps": 0.24,
        "epsdiluted": 0.24,
        "weightedAverageShsOut": 42326799,
        "weightedAverageShsOutDil": 42357960,
        "link": "https://www.sec.gov/Archives/edgar/data/1610793/000155837016007651/0001558370-16-007651-index.html",
        "finalLink": "https://www.sec.gov/Archives/edgar/data/1610793/000155837016007651/snc-20160630x10q.htm"
    },
    {
        "date": "2016-03-31",
        "symbol": "SNC",
        "reportedCurrency": "USD",
        "cik": "0001610793",
        "fillingDate": "2016-05-09",
        "acceptedDate": "2016-05-09 16:08:27",
        "calendarYear": "2016",
        "period": "Q1",
        "revenue": 50100000,
        "costOfRevenue": 15089000,
        "grossProfit": 35011000,
        "grossProfitRatio": 0.6988223553,
        "researchAndDevelopmentExpenses": 0,
        "generalAndAdministrativeExpenses": 16994000,
        "sellingAndMarketingExpenses": 0,
        "sellingGeneralAndAdministrativeExpenses": 16994000,
        "otherExpenses": 0,
        "operatingExpenses": 16994000,
        "costAndExpenses": 32083000,
        "interestIncome": 0,
        "interestExpense": 0,
        "depreciationAndAmortization": 0,
        "ebitda": 15081000,
        "ebitdaratio": 0.3010179641,
        "operatingIncome": 15081000,
        "operatingIncomeRatio": 0.3010179641,
        "totalOtherIncomeExpensesNet": 0,
        "incomeBeforeTax": 15081000,
        "incomeBeforeTaxRatio": 0.3010179641,
        "incomeTaxExpense": 5411000,
        "netIncome": 9670000,
        "netIncomeRatio": 0.1930139721,
        "eps": 0.23,
        "epsdiluted": 0.23,
        "weightedAverageShsOut": 42343357,
        "weightedAverageShsOutDil": 42396713,
        "link": "https://www.sec.gov/Archives/edgar/data/1610793/000155837016005673/0001558370-16-005673-index.html",
        "finalLink": "https://www.sec.gov/Archives/edgar/data/1610793/000155837016005673/snc-20160331x10q.htm"
    },
    {
        "date": "2015-12-31",
        "symbol": "SNC",
        "reportedCurrency": "USD",
        "cik": "0001610793",
        "fillingDate": "2016-03-10",
        "acceptedDate": "2016-03-10 16:21:39",
        "calendarYear": "2015",
        "period": "Q4",
        "revenue": 55300000,
        "costOfRevenue": 14798000,
        "grossProfit": 40502000,
        "grossProfitRatio": 0.7324050633,
        "researchAndDevelopmentExpenses": 0,
        "generalAndAdministrativeExpenses": 16329000,
        "sellingAndMarketingExpenses": 0,
        "sellingGeneralAndAdministrativeExpenses": 16329000,
        "otherExpenses": 0,
        "operatingExpenses": 16329000,
        "costAndExpenses": 31127000,
        "interestIncome": 0,
        "interestExpense": 0,
        "depreciationAndAmortization": 4173000,
        "ebitda": 25347000,
        "ebitdaratio": 0.4583544304,
        "operatingIncome": 21174000,
        "operatingIncomeRatio": 0.3828933092,
        "totalOtherIncomeExpensesNet": 0,
        "incomeBeforeTax": 21174000,
        "incomeBeforeTaxRatio": 0.3828933092,
        "incomeTaxExpense": 7260000,
        "netIncome": 13914000,
        "netIncomeRatio": 0.2516094033,
        "eps": 0.32,
        "epsdiluted": 0.31,
        "weightedAverageShsOut": 44165458,
        "weightedAverageShsOutDil": 44188593,
        "link": "https://www.sec.gov/Archives/edgar/data/1610793/000155837016004001/0001558370-16-004001-index.html",
        "finalLink": "https://www.sec.gov/Archives/edgar/data/1610793/000155837016004001/snc-20151231x10k.htm"
    },
    {
        "date": "2015-09-30",
        "symbol": "SNC",
        "reportedCurrency": "USD",
        "cik": "0001610793",
        "fillingDate": "2015-11-12",
        "acceptedDate": "2015-11-12 16:03:14",
        "calendarYear": "2015",
        "period": "Q3",
        "revenue": 51151000,
        "costOfRevenue": 14773000,
        "grossProfit": 36378000,
        "grossProfitRatio": 0.7111884421,
        "researchAndDevelopmentExpenses": 0,
        "generalAndAdministrativeExpenses": 14456000,
        "sellingAndMarketingExpenses": 0,
        "sellingGeneralAndAdministrativeExpenses": 14456000,
        "otherExpenses": 0,
        "operatingExpenses": 14456000,
        "costAndExpenses": 29229000,
        "interestIncome": 0,
        "interestExpense": 0,
        "depreciationAndAmortization": 0,
        "ebitda": 19295000,
        "ebitdaratio": 0.3772164767,
        "operatingIncome": 19295000,
        "operatingIncomeRatio": 0.3772164767,
        "totalOtherIncomeExpensesNet": 0,
        "incomeBeforeTax": 19295000,
        "incomeBeforeTaxRatio": 0.3772164767,
        "incomeTaxExpense": 6899000,
        "netIncome": 12396000,
        "netIncomeRatio": 0.2423413032,
        "eps": 0.28,
        "epsdiluted": 0.28,
        "weightedAverageShsOut": 44239410,
        "weightedAverageShsOutDil": 44244247,
        "link": "https://www.sec.gov/Archives/edgar/data/1610793/000155837015002624/0001558370-15-002624-index.html",
        "finalLink": "https://www.sec.gov/Archives/edgar/data/1610793/000155837015002624/snc-20150930x10q.htm"
    },
    {
        "date": "2015-06-30",
        "symbol": "SNC",
        "reportedCurrency": "USD",
        "cik": "0001610793",
        "fillingDate": "2015-08-12",
        "acceptedDate": "2015-08-12 16:05:59",
        "calendarYear": "2015",
        "period": "Q2",
        "revenue": 46368000,
        "costOfRevenue": 12649000,
        "grossProfit": 33719000,
        "grossProfitRatio": 0.7272041063,
        "researchAndDevelopmentExpenses": 0,
        "generalAndAdministrativeExpenses": 16051000,
        "sellingAndMarketingExpenses": 0,
        "sellingGeneralAndAdministrativeExpenses": 16051000,
        "otherExpenses": 0,
        "operatingExpenses": 16051000,
        "costAndExpenses": 28700000,
        "interestIncome": 0,
        "interestExpense": 0,
        "depreciationAndAmortization": 0,
        "ebitda": 15340000,
        "ebitdaratio": 0.330831608,
        "operatingIncome": 15340000,
        "operatingIncomeRatio": 0.330831608,
        "totalOtherIncomeExpensesNet": 0,
        "incomeBeforeTax": 15340000,
        "incomeBeforeTaxRatio": 0.330831608,
        "incomeTaxExpense": 5658000,
        "netIncome": 9682000,
        "netIncomeRatio": 0.2088077985,
        "eps": 0.22,
        "epsdiluted": 0.22,
        "weightedAverageShsOut": 44247102,
        "weightedAverageShsOutDil": 44249508,
        "link": "https://www.sec.gov/Archives/edgar/data/1610793/000155837015001620/0001558370-15-001620-index.html",
        "finalLink": "https://www.sec.gov/Archives/edgar/data/1610793/000155837015001620/snc-20150630x10q.htm"
    },
    {
        "date": "2015-03-31",
        "symbol": "SNC",
        "reportedCurrency": "USD",
        "cik": "0001610793",
        "fillingDate": "2015-05-14",
        "acceptedDate": "2015-05-14 16:30:55",
        "calendarYear": "2015",
        "period": "Q1",
        "revenue": 46129000,
        "costOfRevenue": 13533000,
        "grossProfit": 32596000,
        "grossProfitRatio": 0.7066270676,
        "researchAndDevelopmentExpenses": 0,
        "generalAndAdministrativeExpenses": 16142000,
        "sellingAndMarketingExpenses": 0,
        "sellingGeneralAndAdministrativeExpenses": 16142000,
        "otherExpenses": 0,
        "operatingExpenses": 16142000,
        "costAndExpenses": 29675000,
        "interestIncome": 0,
        "interestExpense": 0,
        "depreciationAndAmortization": 0,
        "ebitda": 13745000,
        "ebitdaratio": 0.2979687398,
        "operatingIncome": 13745000,
        "operatingIncomeRatio": 0.2979687398,
        "totalOtherIncomeExpensesNet": 0,
        "incomeBeforeTax": 13745000,
        "incomeBeforeTaxRatio": 0.2979687398,
        "incomeTaxExpense": 5071000,
        "netIncome": 8674000,
        "netIncomeRatio": 0.1880378937,
        "eps": 0.2,
        "epsdiluted": 0.2,
        "weightedAverageShsOut": 44235102,
        "weightedAverageShsOutDil": 44247102,
        "link": "https://www.sec.gov/Archives/edgar/data/1610793/000155837015000939/0001558370-15-000939-index.html",
        "finalLink": "https://www.sec.gov/Archives/edgar/data/1610793/000155837015000939/snc-20150331x10q.htm"
    },
    {
        "date": "2014-12-31",
        "symbol": "SNC",
        "reportedCurrency": "USD",
        "cik": "0001610793",
        "fillingDate": "2015-03-30",
        "acceptedDate": "2015-03-30 16:06:10",
        "calendarYear": "2014",
        "period": "Q4",
        "revenue": 43026000,
        "costOfRevenue": 11812000,
        "grossProfit": 31214000,
        "grossProfitRatio": 0.7254683215,
        "researchAndDevelopmentExpenses": 0,
        "generalAndAdministrativeExpenses": 16570000,
        "sellingAndMarketingExpenses": 0,
        "sellingGeneralAndAdministrativeExpenses": 16570000,
        "otherExpenses": 0,
        "operatingExpenses": 16570000,
        "costAndExpenses": 28382000,
        "interestIncome": 0,
        "interestExpense": 0,
        "depreciationAndAmortization": 4993000,
        "ebitda": 16302000,
        "ebitdaratio": 0.3788871845,
        "operatingIncome": 11309000,
        "operatingIncomeRatio": 0.2628410728,
        "totalOtherIncomeExpensesNet": 0,
        "incomeBeforeTax": 11309000,
        "incomeBeforeTaxRatio": 0.2628410728,
        "incomeTaxExpense": 4462000,
        "netIncome": 6847000,
        "netIncomeRatio": 0.1591363362,
        "eps": 0.17,
        "epsdiluted": 0.17,
        "weightedAverageShsOut": 39383641,
        "weightedAverageShsOutDil": 39389855,
        "link": "https://www.sec.gov/Archives/edgar/data/1610793/000155837015000419/0001558370-15-000419-index.htm",
        "finalLink": "https://www.sec.gov/Archives/edgar/data/1610793/000155837015000419/snc-20141231x10k.htm"
    },
    {
        "date": "2014-09-30",
        "symbol": "SNC",
        "reportedCurrency": "USD",
        "cik": "0001610793",
        "fillingDate": "2014-11-18",
        "acceptedDate": "2014-11-17 18:28:12",
        "calendarYear": "2014",
        "period": "Q3",
        "revenue": -106660000,
        "costOfRevenue": 78949000,
        "grossProfit": -185609000,
        "grossProfitRatio": 1.7401931371,
        "researchAndDevelopmentExpenses": -57282000,
        "generalAndAdministrativeExpenses": -40541000,
        "sellingAndMarketingExpenses": 0,
        "sellingGeneralAndAdministrativeExpenses": -40541000,
        "otherExpenses": 0,
        "operatingExpenses": -97823000,
        "costAndExpenses": -186267000,
        "interestIncome": 0,
        "interestExpense": -1251000,
        "depreciationAndAmortization": -59159000,
        "ebitda": 45047000,
        "ebitdaratio": -0.4223420214,
        "operatingIncome": 79607000,
        "operatingIncomeRatio": -0.7463622726,
        "totalOtherIncomeExpensesNet": 1315000,
        "incomeBeforeTax": 80922000,
        "incomeBeforeTaxRatio": -0.7586911682,
        "incomeTaxExpense": -20758000,
        "netIncome": 126215000,
        "netIncomeRatio": -1.1833395837,
        "eps": 3.34,
        "epsdiluted": 3.34,
        "weightedAverageShsOut": 37748716,
        "weightedAverageShsOutDil": 37821990,
        "link": "https://www.sec.gov/Archives/edgar/data/1610793/000155837014000421/0001558370-14-000421-index.html",
        "finalLink": "https://www.sec.gov/Archives/edgar/data/1610793/000155837014000421/snc-20140930x10q.htm"
    }
]