[
    {
        "date": "2025-09-30",
        "symbol": "SNV",
        "reportedCurrency": "USD",
        "cik": "0000018349",
        "fillingDate": "2025-10-15",
        "acceptedDate": "2025-10-15 16:30:43",
        "calendarYear": "2025",
        "period": "Q3",
        "revenue": 615392000,
        "costOfRevenue": 21690000,
        "grossProfit": 593702000,
        "grossProfitRatio": 0.9647541729,
        "researchAndDevelopmentExpenses": 0,
        "generalAndAdministrativeExpenses": 280000000,
        "sellingAndMarketingExpenses": 68700000,
        "sellingGeneralAndAdministrativeExpenses": 348700000,
        "otherExpenses": 0,
        "operatingExpenses": 348729000,
        "costAndExpenses": 370419000,
        "interestIncome": 795119000,
        "interestExpense": 320424000,
        "depreciationAndAmortization": 5000000,
        "ebitda": 249973000,
        "ebitdaratio": 0.4062012506,
        "operatingIncome": 244973000,
        "operatingIncomeRatio": 0.3980763481,
        "totalOtherIncomeExpensesNet": 0,
        "incomeBeforeTax": 244973000,
        "incomeBeforeTaxRatio": 0.3980763481,
        "incomeTaxExpense": 48468000,
        "netIncome": 196994000,
        "netIncomeRatio": 0.3201114087,
        "eps": 1.33,
        "epsdiluted": 1.32,
        "weightedAverageShsOut": 139452000,
        "weightedAverageShsOutDil": 140289000,
        "link": "https://www.sec.gov/Archives/edgar/data/18349/000001834925000118/0000018349-25-000118-index.htm",
        "finalLink": "https://www.sec.gov/Archives/edgar/data/18349/000001834925000118/snv_09302025xex991xfilingx.htm"
    },
    {
        "date": "2025-06-30",
        "symbol": "SNV",
        "reportedCurrency": "USD",
        "cik": "0000018349",
        "fillingDate": "2025-08-05",
        "acceptedDate": "2025-08-05 10:15:42",
        "calendarYear": "2025",
        "period": "Q2",
        "revenue": 905777000,
        "costOfRevenue": 315326000,
        "grossProfit": 590451000,
        "grossProfitRatio": 0.6518723704,
        "researchAndDevelopmentExpenses": 0,
        "generalAndAdministrativeExpenses": 192182000,
        "sellingAndMarketingExpenses": 0,
        "sellingGeneralAndAdministrativeExpenses": 192182000,
        "otherExpenses": 123519000,
        "operatingExpenses": 315701000,
        "costAndExpenses": 631027000,
        "interestIncome": 771642000,
        "interestExpense": 312081000,
        "depreciationAndAmortization": 13530000,
        "ebitda": 288280000,
        "ebitdaratio": 0.318268183,
        "operatingIncome": 274822000,
        "operatingIncomeRatio": 0.3034102213,
        "totalOtherIncomeExpensesNet": -72000,
        "incomeBeforeTax": 274750000,
        "incomeBeforeTaxRatio": 0.3033307315,
        "incomeTaxExpense": 57631000,
        "netIncome": 217715000,
        "netIncomeRatio": 0.2403626941,
        "eps": 1.49,
        "epsdiluted": 1.48,
        "weightedAverageShsOut": 138891000,
        "weightedAverageShsOutDil": 139502000,
        "link": "https://www.sec.gov/Archives/edgar/data/18349/000001834925000104/0000018349-25-000104-index.htm",
        "finalLink": "https://www.sec.gov/Archives/edgar/data/18349/000001834925000104/syn-20250630.htm"
    },
    {
        "date": "2025-03-31",
        "symbol": "SNV",
        "reportedCurrency": "USD",
        "cik": "0000018349",
        "fillingDate": "2025-05-02",
        "acceptedDate": "2025-05-02 08:38:23",
        "calendarYear": "2025",
        "period": "Q1",
        "revenue": 881031000,
        "costOfRevenue": 323302000,
        "grossProfit": 557729000,
        "grossProfitRatio": 0.6330412891,
        "researchAndDevelopmentExpenses": 0,
        "generalAndAdministrativeExpenses": 194054000,
        "sellingAndMarketingExpenses": 0,
        "sellingGeneralAndAdministrativeExpenses": 194054000,
        "otherExpenses": 111780000,
        "operatingExpenses": 305834000,
        "costAndExpenses": 629136000,
        "interestIncome": 766765000,
        "interestExpense": 312381000,
        "depreciationAndAmortization": 11543000,
        "ebitda": 263438000,
        "ebitdaratio": 0.299011045,
        "operatingIncome": 251895000,
        "operatingIncomeRatio": 0.2859093494,
        "totalOtherIncomeExpensesNet": 0,
        "incomeBeforeTax": 251895000,
        "incomeBeforeTaxRatio": 0.2859093494,
        "incomeTaxExpense": 57023000,
        "netIncome": 195014000,
        "netIncomeRatio": 0.2213474895,
        "eps": 1.31,
        "epsdiluted": 1.3,
        "weightedAverageShsOut": 140684000,
        "weightedAverageShsOutDil": 141775000,
        "link": "https://www.sec.gov/Archives/edgar/data/18349/000001834925000078/0000018349-25-000078-index.htm",
        "finalLink": "https://www.sec.gov/Archives/edgar/data/18349/000001834925000078/syn-20250331.htm"
    },
    {
        "date": "2024-12-31",
        "symbol": "SNV",
        "reportedCurrency": "USD",
        "cik": "0000018349",
        "fillingDate": "2025-02-21",
        "acceptedDate": "2025-02-21 11:21:47",
        "calendarYear": "2024",
        "period": "Q4",
        "revenue": 924717000,
        "costOfRevenue": 377003000,
        "grossProfit": 547714000,
        "grossProfitRatio": 0.5923044564,
        "researchAndDevelopmentExpenses": 0,
        "generalAndAdministrativeExpenses": 192952000,
        "sellingAndMarketingExpenses": 0,
        "sellingGeneralAndAdministrativeExpenses": 192952000,
        "otherExpenses": 116359000,
        "operatingExpenses": 309311000,
        "costAndExpenses": 686314000,
        "interestIncome": 799130000,
        "interestExpense": 344136000,
        "depreciationAndAmortization": 12860000,
        "ebitda": 251263000,
        "ebitdaratio": 0.2717188069,
        "operatingIncome": 238403000,
        "operatingIncomeRatio": 0.2578118495,
        "totalOtherIncomeExpensesNet": 0,
        "incomeBeforeTax": 238403000,
        "incomeBeforeTaxRatio": 0.2578118495,
        "incomeTaxExpense": 49026000,
        "netIncome": 190426000,
        "netIncomeRatio": 0.2059289491,
        "eps": 1.26,
        "epsdiluted": 1.25,
        "weightedAverageShsOut": 144164000,
        "weightedAverageShsOutDil": 144998000,
        "link": "https://www.sec.gov/Archives/edgar/data/18349/000001834925000049/0000018349-25-000049-index.htm",
        "finalLink": "https://www.sec.gov/Archives/edgar/data/18349/000001834925000049/syn-20241231.htm"
    },
    {
        "date": "2024-09-30",
        "symbol": "SNV",
        "reportedCurrency": "USD",
        "cik": "0000018349",
        "fillingDate": "2024-11-04",
        "acceptedDate": "2024-11-04 16:20:43",
        "calendarYear": "2024",
        "period": "Q3",
        "revenue": 925787000,
        "costOfRevenue": 393201000,
        "grossProfit": 532586000,
        "grossProfitRatio": 0.5752791949,
        "researchAndDevelopmentExpenses": 0,
        "generalAndAdministrativeExpenses": 192196000,
        "sellingAndMarketingExpenses": 0,
        "sellingGeneralAndAdministrativeExpenses": 192196000,
        "otherExpenses": 112794000,
        "operatingExpenses": 304990000,
        "costAndExpenses": 698191000,
        "interestIncome": 810507000,
        "interestExpense": 369767000,
        "depreciationAndAmortization": 13338000,
        "ebitda": 240934000,
        "ebitdaratio": 0.2602477676,
        "operatingIncome": 227596000,
        "operatingIncomeRatio": 0.2458405659,
        "totalOtherIncomeExpensesNet": 0,
        "incomeBeforeTax": 227596000,
        "incomeBeforeTaxRatio": 0.2458405659,
        "incomeTaxExpense": 46912000,
        "netIncome": 181555000,
        "netIncomeRatio": 0.1961088242,
        "eps": 1.19,
        "epsdiluted": 1.18,
        "weightedAverageShsOut": 143144000,
        "weightedAverageShsOutDil": 143979000,
        "link": "https://www.sec.gov/Archives/edgar/data/18349/000001834924000140/0000018349-24-000140-index.htm",
        "finalLink": "https://www.sec.gov/Archives/edgar/data/18349/000001834924000140/syn-20240930.htm"
    },
    {
        "date": "2024-06-30",
        "symbol": "SNV",
        "reportedCurrency": "USD",
        "cik": "0000018349",
        "fillingDate": "2024-08-02",
        "acceptedDate": "2024-08-02 09:17:30",
        "calendarYear": "2024",
        "period": "Q2",
        "revenue": 672391000,
        "costOfRevenue": 392648000,
        "grossProfit": 279743000,
        "grossProfitRatio": 0.416042154,
        "researchAndDevelopmentExpenses": 0,
        "generalAndAdministrativeExpenses": 185900000,
        "sellingAndMarketingExpenses": 0,
        "sellingGeneralAndAdministrativeExpenses": 185900000,
        "otherExpenses": 115901000,
        "operatingExpenses": 301801000,
        "costAndExpenses": 694449000,
        "interestIncome": 801242000,
        "interestExpense": 366244000,
        "depreciationAndAmortization": 16356000,
        "ebitda": -5702000,
        "ebitdaratio": -0.0084801849,
        "operatingIncome": -22058000,
        "operatingIncomeRatio": -0.0328053171,
        "totalOtherIncomeExpensesNet": 0,
        "incomeBeforeTax": -22058000,
        "incomeBeforeTaxRatio": -0.0328053171,
        "incomeTaxExpense": -7378000,
        "netIncome": -14028000,
        "netIncomeRatio": -0.020862861,
        "eps": -0.16,
        "epsdiluted": -0.16,
        "weightedAverageShsOut": 145565000,
        "weightedAverageShsOutDil": 145565000,
        "link": "https://www.sec.gov/Archives/edgar/data/18349/000001834924000106/0000018349-24-000106-index.htm",
        "finalLink": "https://www.sec.gov/Archives/edgar/data/18349/000001834924000106/syn-20240630.htm"
    },
    {
        "date": "2024-03-31",
        "symbol": "SNV",
        "reportedCurrency": "USD",
        "cik": "0000018349",
        "fillingDate": "2024-05-02",
        "acceptedDate": "2024-05-02 08:52:39",
        "calendarYear": "2024",
        "period": "Q1",
        "revenue": 901598000,
        "costOfRevenue": 417844000,
        "grossProfit": 483754000,
        "grossProfitRatio": 0.536551767,
        "researchAndDevelopmentExpenses": 0,
        "generalAndAdministrativeExpenses": 212340000,
        "sellingAndMarketingExpenses": 0,
        "sellingGeneralAndAdministrativeExpenses": 212340000,
        "otherExpenses": 110401000,
        "operatingExpenses": 322741000,
        "costAndExpenses": 740585000,
        "interestIncome": 782710000,
        "interestExpense": 363864000,
        "depreciationAndAmortization": 17854000,
        "ebitda": 178867000,
        "ebitdaratio": 0.1983888607,
        "operatingIncome": 161013000,
        "operatingIncomeRatio": 0.1785862435,
        "totalOtherIncomeExpensesNet": 0,
        "incomeBeforeTax": 161013000,
        "incomeBeforeTaxRatio": 0.1785862435,
        "incomeTaxExpense": 36943000,
        "netIncome": 124507000,
        "netIncomeRatio": 0.1380959141,
        "eps": 0.78,
        "epsdiluted": 0.78,
        "weightedAverageShsOut": 146430000,
        "weightedAverageShsOutDil": 147122000,
        "link": "https://www.sec.gov/Archives/edgar/data/18349/000001834924000086/0000018349-24-000086-index.htm",
        "finalLink": "https://www.sec.gov/Archives/edgar/data/18349/000001834924000086/syn-20240331.htm"
    },
    {
        "date": "2023-12-31",
        "symbol": "SNV",
        "reportedCurrency": "USD",
        "cik": "0000018349",
        "fillingDate": "2024-02-23",
        "acceptedDate": "2024-02-23 07:40:09",
        "calendarYear": "2023",
        "period": "Q4",
        "revenue": 845622000,
        "costOfRevenue": 396556000,
        "grossProfit": 449066000,
        "grossProfitRatio": 0.5310481515,
        "researchAndDevelopmentExpenses": 0,
        "generalAndAdministrativeExpenses": 238182000,
        "sellingAndMarketingExpenses": 0,
        "sellingGeneralAndAdministrativeExpenses": 238182000,
        "otherExpenses": 120532000,
        "operatingExpenses": 358714000,
        "costAndExpenses": 755270000,
        "interestIncome": 788297000,
        "interestExpense": 351084000,
        "depreciationAndAmortization": 29904000,
        "ebitda": 120256000,
        "ebitdaratio": 0.1422101128,
        "operatingIncome": 90352000,
        "operatingIncomeRatio": 0.1068467944,
        "totalOtherIncomeExpensesNet": 0,
        "incomeBeforeTax": 90352000,
        "incomeBeforeTaxRatio": 0.1068467944,
        "incomeTaxExpense": 20779000,
        "netIncome": 70341000,
        "netIncomeRatio": 0.0831825567,
        "eps": 0.41,
        "epsdiluted": 0.41,
        "weightedAverageShsOut": 146372000,
        "weightedAverageShsOutDil": 146877000,
        "link": "https://www.sec.gov/Archives/edgar/data/18349/000001834924000053/0000018349-24-000053-index.htm",
        "finalLink": "https://www.sec.gov/Archives/edgar/data/18349/000001834924000053/syn-20231231.htm"
    },
    {
        "date": "2023-09-30",
        "symbol": "SNV",
        "reportedCurrency": "USD",
        "cik": "0000018349",
        "fillingDate": "2023-11-03",
        "acceptedDate": "2023-11-03 10:57:21",
        "calendarYear": "2023",
        "period": "Q3",
        "revenue": 859395000,
        "costOfRevenue": 415452000,
        "grossProfit": 443943000,
        "grossProfitRatio": 0.516576196,
        "researchAndDevelopmentExpenses": 0,
        "generalAndAdministrativeExpenses": 191578000,
        "sellingAndMarketingExpenses": 0,
        "sellingGeneralAndAdministrativeExpenses": 191578000,
        "otherExpenses": 128171000,
        "operatingExpenses": 319749000,
        "costAndExpenses": 735201000,
        "interestIncome": 786039000,
        "interestExpense": 342880000,
        "depreciationAndAmortization": 21700000,
        "ebitda": 145894000,
        "ebitdaratio": 0.1697636128,
        "operatingIncome": 124194000,
        "operatingIncomeRatio": 0.1445132913,
        "totalOtherIncomeExpensesNet": 0,
        "incomeBeforeTax": 124194000,
        "incomeBeforeTaxRatio": 0.1445132913,
        "incomeTaxExpense": 27729000,
        "netIncome": 97095000,
        "netIncomeRatio": 0.1129806434,
        "eps": 0.6,
        "epsdiluted": 0.6,
        "weightedAverageShsOut": 146170000,
        "weightedAverageShsOutDil": 146740000,
        "link": "https://www.sec.gov/Archives/edgar/data/18349/000001834923000153/0000018349-23-000153-index.htm",
        "finalLink": "https://www.sec.gov/Archives/edgar/data/18349/000001834923000153/syn-20230930.htm"
    },
    {
        "date": "2023-06-30",
        "symbol": "SNV",
        "reportedCurrency": "USD",
        "cik": "0000018349",
        "fillingDate": "2023-08-04",
        "acceptedDate": "2023-08-04 09:04:31",
        "calendarYear": "2023",
        "period": "Q2",
        "revenue": 866032000,
        "costOfRevenue": 342493000,
        "grossProfit": 523539000,
        "grossProfitRatio": 0.6045261607,
        "researchAndDevelopmentExpenses": 0,
        "generalAndAdministrativeExpenses": 194163000,
        "sellingAndMarketingExpenses": 0,
        "sellingGeneralAndAdministrativeExpenses": 194163000,
        "otherExpenses": 107631000,
        "operatingExpenses": 301794000,
        "costAndExpenses": 644287000,
        "interestIncome": 759143000,
        "interestExpense": 303612000,
        "depreciationAndAmortization": 21766000,
        "ebitda": 243511000,
        "ebitdaratio": 0.2811801411,
        "operatingIncome": 221745000,
        "operatingIncomeRatio": 0.2560471207,
        "totalOtherIncomeExpensesNet": 0,
        "incomeBeforeTax": 221745000,
        "incomeBeforeTaxRatio": 0.2560471207,
        "incomeTaxExpense": 47801000,
        "netIncome": 174110000,
        "netIncomeRatio": 0.2010433795,
        "eps": 1.13,
        "epsdiluted": 1.13,
        "weightedAverageShsOut": 146113000,
        "weightedAverageShsOutDil": 146550000,
        "link": "https://www.sec.gov/Archives/edgar/data/18349/000001834923000134/0000018349-23-000134-index.htm",
        "finalLink": "https://www.sec.gov/Archives/edgar/data/18349/000001834923000134/syn-20230630.htm"
    },
    {
        "date": "2023-03-31",
        "symbol": "SNV",
        "reportedCurrency": "USD",
        "cik": "0000018349",
        "fillingDate": "2023-05-04",
        "acceptedDate": "2023-05-04 08:30:23",
        "calendarYear": "2023",
        "period": "Q1",
        "revenue": 820129000,
        "costOfRevenue": 255156000,
        "grossProfit": 564973000,
        "grossProfitRatio": 0.6888830903,
        "researchAndDevelopmentExpenses": 0,
        "generalAndAdministrativeExpenses": 199192000,
        "sellingAndMarketingExpenses": 0,
        "sellingGeneralAndAdministrativeExpenses": 199192000,
        "otherExpenses": 105910000,
        "operatingExpenses": 305102000,
        "costAndExpenses": 560258000,
        "interestIncome": 716879000,
        "interestExpense": 236128000,
        "depreciationAndAmortization": 20088000,
        "ebitda": 279959000,
        "ebitdaratio": 0.3413597129,
        "operatingIncome": 259871000,
        "operatingIncomeRatio": 0.3168660052,
        "totalOtherIncomeExpensesNet": 0,
        "incomeBeforeTax": 259871000,
        "incomeBeforeTaxRatio": 0.3168660052,
        "incomeTaxExpense": 57712000,
        "netIncome": 202159000,
        "netIncomeRatio": 0.2464965877,
        "eps": 1.33,
        "epsdiluted": 1.32,
        "weightedAverageShsOut": 145799000,
        "weightedAverageShsOutDil": 146727000,
        "link": "https://www.sec.gov/Archives/edgar/data/18349/000001834923000110/0000018349-23-000110-index.htm",
        "finalLink": "https://www.sec.gov/Archives/edgar/data/18349/000001834923000110/syn-20230331.htm"
    },
    {
        "date": "2022-12-31",
        "symbol": "SNV",
        "reportedCurrency": "USD",
        "cik": "0000018349",
        "fillingDate": "2023-02-24",
        "acceptedDate": "2023-02-24 09:23:18",
        "calendarYear": "2022",
        "period": "Q4",
        "revenue": 760593000,
        "costOfRevenue": 188193000,
        "grossProfit": 572400000,
        "grossProfitRatio": 0.7525706916,
        "researchAndDevelopmentExpenses": 0,
        "generalAndAdministrativeExpenses": 190861000,
        "sellingAndMarketingExpenses": 0,
        "sellingGeneralAndAdministrativeExpenses": 190861000,
        "otherExpenses": 121634000,
        "operatingExpenses": 312495000,
        "costAndExpenses": 500688000,
        "interestIncome": 654654000,
        "interestExpense": 153309000,
        "depreciationAndAmortization": 15820000,
        "ebitda": 275725000,
        "ebitdaratio": 0.3625131969,
        "operatingIncome": 259905000,
        "operatingIncomeRatio": 0.3417136366,
        "totalOtherIncomeExpensesNet": 0,
        "incomeBeforeTax": 259905000,
        "incomeBeforeTaxRatio": 0.3417136366,
        "incomeTaxExpense": 54135000,
        "netIncome": 205770000,
        "netIncomeRatio": 0.2705389085,
        "eps": 1.36,
        "epsdiluted": 1.35,
        "weightedAverageShsOut": 145467000,
        "weightedAverageShsOutDil": 146528000,
        "link": "https://www.sec.gov/Archives/edgar/data/18349/000001834923000061/0000018349-23-000061-index.htm",
        "finalLink": "https://www.sec.gov/Archives/edgar/data/18349/000001834923000061/syn-20221231.htm"
    },
    {
        "date": "2022-09-30",
        "symbol": "SNV",
        "reportedCurrency": "USD",
        "cik": "0000018349",
        "fillingDate": "2022-11-02",
        "acceptedDate": "2022-11-02 12:12:10",
        "calendarYear": "2022",
        "period": "Q3",
        "revenue": 655597000,
        "costOfRevenue": 98961000,
        "grossProfit": 556636000,
        "grossProfitRatio": 0.8490520854,
        "researchAndDevelopmentExpenses": 0,
        "generalAndAdministrativeExpenses": 181041000,
        "sellingAndMarketingExpenses": 0,
        "sellingGeneralAndAdministrativeExpenses": 181041000,
        "otherExpenses": 112969000,
        "operatingExpenses": 294010000,
        "costAndExpenses": 392971000,
        "interestIncome": 551299000,
        "interestExpense": 73380000,
        "depreciationAndAmortization": 16361000,
        "ebitda": 278987000,
        "ebitdaratio": 0.4255464866,
        "operatingIncome": 262626000,
        "operatingIncomeRatio": 0.4005906067,
        "totalOtherIncomeExpensesNet": 0,
        "incomeBeforeTax": 262626000,
        "incomeBeforeTaxRatio": 0.4005906067,
        "incomeTaxExpense": 59582000,
        "netIncome": 203044000,
        "netIncomeRatio": 0.3097085557,
        "eps": 1.34,
        "epsdiluted": 1.33,
        "weightedAverageShsOut": 145386000,
        "weightedAverageShsOutDil": 146418000,
        "link": "https://www.sec.gov/Archives/edgar/data/18349/000001834922000174/0000018349-22-000174-index.htm",
        "finalLink": "https://www.sec.gov/Archives/edgar/data/18349/000001834922000174/syn-20220930.htm"
    },
    {
        "date": "2022-06-30",
        "symbol": "SNV",
        "reportedCurrency": "USD",
        "cik": "0000018349",
        "fillingDate": "2022-08-02",
        "acceptedDate": "2022-08-02 09:00:51",
        "calendarYear": "2022",
        "period": "Q2",
        "revenue": 551038000,
        "costOfRevenue": 41072000,
        "grossProfit": 509966000,
        "grossProfitRatio": 0.9254643055,
        "researchAndDevelopmentExpenses": 0,
        "generalAndAdministrativeExpenses": 167957000,
        "sellingAndMarketingExpenses": 0,
        "sellingGeneralAndAdministrativeExpenses": 167957000,
        "otherExpenses": 114094000,
        "operatingExpenses": 282051000,
        "costAndExpenses": 323123000,
        "interestIncome": 453772000,
        "interestExpense": 28384000,
        "depreciationAndAmortization": 18566000,
        "ebitda": 246481000,
        "ebitdaratio": 0.4473030898,
        "operatingIncome": 227915000,
        "operatingIncomeRatio": 0.4136103136,
        "totalOtherIncomeExpensesNet": 0,
        "incomeBeforeTax": 227915000,
        "incomeBeforeTaxRatio": 0.4136103136,
        "incomeTaxExpense": 49863000,
        "netIncome": 178052000,
        "netIncomeRatio": 0.3231210915,
        "eps": 1.17,
        "epsdiluted": 1.16,
        "weightedAverageShsOut": 145328000,
        "weightedAverageShsOutDil": 146315000,
        "link": "https://www.sec.gov/Archives/edgar/data/18349/000001834922000144/0000018349-22-000144-index.htm",
        "finalLink": "https://www.sec.gov/Archives/edgar/data/18349/000001834922000144/syn-20220630.htm"
    },
    {
        "date": "2022-03-31",
        "symbol": "SNV",
        "reportedCurrency": "USD",
        "cik": "0000018349",
        "fillingDate": "2022-05-03",
        "acceptedDate": "2022-05-03 15:24:33",
        "calendarYear": "2022",
        "period": "Q1",
        "revenue": 521396000,
        "costOfRevenue": 35214000,
        "grossProfit": 486182000,
        "grossProfitRatio": 0.9324620826,
        "researchAndDevelopmentExpenses": 0,
        "generalAndAdministrativeExpenses": 170934000,
        "sellingAndMarketingExpenses": 0,
        "sellingGeneralAndAdministrativeExpenses": 170934000,
        "otherExpenses": 101516000,
        "operatingExpenses": 272450000,
        "costAndExpenses": 307664000,
        "interestIncome": 416062000,
        "interestExpense": 23814000,
        "depreciationAndAmortization": 18425000,
        "ebitda": 232157000,
        "ebitdaratio": 0.4452604163,
        "operatingIncome": 213732000,
        "operatingIncomeRatio": 0.4099225924,
        "totalOtherIncomeExpensesNet": 0,
        "incomeBeforeTax": 213732000,
        "incomeBeforeTaxRatio": 0.4099225924,
        "incomeTaxExpense": 42695000,
        "netIncome": 171037000,
        "netIncomeRatio": 0.3280366554,
        "eps": 1.12,
        "epsdiluted": 1.11,
        "weightedAverageShsOut": 145273000,
        "weightedAverageShsOutDil": 146665000,
        "link": "https://www.sec.gov/Archives/edgar/data/18349/000001834922000115/0000018349-22-000115-index.htm",
        "finalLink": "https://www.sec.gov/Archives/edgar/data/18349/000001834922000115/syn-20220331.htm"
    },
    {
        "date": "2021-12-31",
        "symbol": "SNV",
        "reportedCurrency": "USD",
        "cik": "0000018349",
        "fillingDate": "2022-02-25",
        "acceptedDate": "2022-02-25 17:01:22",
        "calendarYear": "2021",
        "period": "Q4",
        "revenue": 535348000,
        "costOfRevenue": -29244000,
        "grossProfit": 564592000,
        "grossProfitRatio": 1.0546261497,
        "researchAndDevelopmentExpenses": 0,
        "generalAndAdministrativeExpenses": 173035000,
        "sellingAndMarketingExpenses": 0,
        "sellingGeneralAndAdministrativeExpenses": 173035000,
        "otherExpenses": 122172000,
        "operatingExpenses": 295207000,
        "costAndExpenses": 265963000,
        "interestIncome": 418279000,
        "interestExpense": 25966000,
        "depreciationAndAmortization": 33922000,
        "ebitda": 303307000,
        "ebitdaratio": 0.5665604429,
        "operatingIncome": 269385000,
        "operatingIncomeRatio": 0.5031960519,
        "totalOtherIncomeExpensesNet": 0,
        "incomeBeforeTax": 269385000,
        "incomeBeforeTaxRatio": 0.5031960519,
        "incomeTaxExpense": 68983000,
        "netIncome": 200402000,
        "netIncomeRatio": 0.3743396819,
        "eps": 1.32,
        "epsdiluted": 1.31,
        "weightedAverageShsOut": 145316000,
        "weightedAverageShsOutDil": 146793000,
        "link": "https://www.sec.gov/Archives/edgar/data/18349/000001834922000076/0000018349-22-000076-index.htm",
        "finalLink": "https://www.sec.gov/Archives/edgar/data/18349/000001834922000076/syn-20211231.htm"
    },
    {
        "date": "2021-09-30",
        "symbol": "SNV",
        "reportedCurrency": "USD",
        "cik": "0000018349",
        "fillingDate": "2021-11-03",
        "acceptedDate": "2021-11-03 13:29:57",
        "calendarYear": "2021",
        "period": "Q3",
        "revenue": 527459000,
        "costOfRevenue": 19719000,
        "grossProfit": 507740000,
        "grossProfitRatio": 0.9626151037,
        "researchAndDevelopmentExpenses": 0,
        "generalAndAdministrativeExpenses": 165576000,
        "sellingAndMarketingExpenses": 0,
        "sellingGeneralAndAdministrativeExpenses": 165576000,
        "otherExpenses": 101456000,
        "operatingExpenses": 267032000,
        "costAndExpenses": 286751000,
        "interestIncome": 412504000,
        "interestExpense": 27587000,
        "depreciationAndAmortization": 31284000,
        "ebitda": 271992000,
        "ebitdaratio": 0.5156647247,
        "operatingIncome": 240708000,
        "operatingIncomeRatio": 0.4563539536,
        "totalOtherIncomeExpensesNet": 0,
        "incomeBeforeTax": 240708000,
        "incomeBeforeTaxRatio": 0.4563539536,
        "incomeTaxExpense": 53935000,
        "netIncome": 186773000,
        "netIncomeRatio": 0.3540995603,
        "eps": 1.22,
        "epsdiluted": 1.21,
        "weightedAverageShsOut": 146308000,
        "weightedAverageShsOutDil": 147701000,
        "link": "https://www.sec.gov/Archives/edgar/data/18349/000001834921000092/0000018349-21-000092-index.htm",
        "finalLink": "https://www.sec.gov/Archives/edgar/data/18349/000001834921000092/syn-20210930.htm"
    },
    {
        "date": "2021-06-30",
        "symbol": "SNV",
        "reportedCurrency": "USD",
        "cik": "0000018349",
        "fillingDate": "2021-08-04",
        "acceptedDate": "2021-08-04 10:00:46",
        "calendarYear": "2021",
        "period": "Q2",
        "revenue": 519830000,
        "costOfRevenue": 6285000,
        "grossProfit": 513545000,
        "grossProfitRatio": 0.9879095089,
        "researchAndDevelopmentExpenses": 0,
        "generalAndAdministrativeExpenses": 166114000,
        "sellingAndMarketingExpenses": 0,
        "sellingGeneralAndAdministrativeExpenses": 166114000,
        "otherExpenses": 104417000,
        "operatingExpenses": 270531000,
        "costAndExpenses": 276816000,
        "interestIncome": 412743000,
        "interestExpense": 30883000,
        "depreciationAndAmortization": 14177000,
        "ebitda": 257191000,
        "ebitdaratio": 0.4947598253,
        "operatingIncome": 243014000,
        "operatingIncomeRatio": 0.4674874478,
        "totalOtherIncomeExpensesNet": 0,
        "incomeBeforeTax": 243014000,
        "incomeBeforeTaxRatio": 0.4674874478,
        "incomeTaxExpense": 56814000,
        "netIncome": 186200000,
        "netIncomeRatio": 0.358194025,
        "eps": 1.2,
        "epsdiluted": 1.19,
        "weightedAverageShsOut": 148113000,
        "weightedAverageShsOutDil": 149747000,
        "link": "https://www.sec.gov/Archives/edgar/data/18349/000001834921000057/0000018349-21-000057-index.htm",
        "finalLink": "https://www.sec.gov/Archives/edgar/data/18349/000001834921000057/syn-20210630.htm"
    },
    {
        "date": "2021-03-31",
        "symbol": "SNV",
        "reportedCurrency": "USD",
        "cik": "0000018349",
        "fillingDate": "2021-05-06",
        "acceptedDate": "2021-05-06 10:41:58",
        "calendarYear": "2021",
        "period": "Q1",
        "revenue": 520773000,
        "costOfRevenue": 17385000,
        "grossProfit": 503388000,
        "grossProfitRatio": 0.9666169329,
        "researchAndDevelopmentExpenses": 0,
        "generalAndAdministrativeExpenses": 167056000,
        "sellingAndMarketingExpenses": 0,
        "sellingGeneralAndAdministrativeExpenses": 167056000,
        "otherExpenses": 100078000,
        "operatingExpenses": 267134000,
        "costAndExpenses": 284519000,
        "interestIncome": 409817000,
        "interestExpense": 35960000,
        "depreciationAndAmortization": 52395000,
        "ebitda": 288649000,
        "ebitdaratio": 0.5542702867,
        "operatingIncome": 236254000,
        "operatingIncomeRatio": 0.453660232,
        "totalOtherIncomeExpensesNet": 0,
        "incomeBeforeTax": 236254000,
        "incomeBeforeTaxRatio": 0.453660232,
        "incomeTaxExpense": 49161000,
        "netIncome": 187093000,
        "netIncomeRatio": 0.3592601767,
        "eps": 1.2,
        "epsdiluted": 1.19,
        "weightedAverageShsOut": 148467000,
        "weightedAverageShsOutDil": 149780000,
        "link": "https://www.sec.gov/Archives/edgar/data/18349/000001834921000042/0000018349-21-000042-index.htm",
        "finalLink": "https://www.sec.gov/Archives/edgar/data/18349/000001834921000042/syn-20210331.htm"
    },
    {
        "date": "2020-12-31",
        "symbol": "SNV",
        "reportedCurrency": "USD",
        "cik": "0000018349",
        "fillingDate": "2021-03-01",
        "acceptedDate": "2021-03-01 12:17:01",
        "calendarYear": "2020",
        "period": "Q4",
        "revenue": 548240000,
        "costOfRevenue": 58613000,
        "grossProfit": 489627000,
        "grossProfitRatio": 0.8930887932,
        "researchAndDevelopmentExpenses": 0,
        "generalAndAdministrativeExpenses": 160234000,
        "sellingAndMarketingExpenses": 0,
        "sellingGeneralAndAdministrativeExpenses": 160233000,
        "otherExpenses": 142265000,
        "operatingExpenses": 302498000,
        "costAndExpenses": 361111000,
        "interestIncome": 433479000,
        "interestExpense": 47547000,
        "depreciationAndAmortization": 28722000,
        "ebitda": 215851000,
        "ebitdaratio": 0.3937162557,
        "operatingIncome": 187129000,
        "operatingIncomeRatio": 0.3413267912,
        "totalOtherIncomeExpensesNet": 0,
        "incomeBeforeTax": 187129000,
        "incomeBeforeTaxRatio": 0.3413267912,
        "incomeTaxExpense": 36720000,
        "netIncome": 150409000,
        "netIncomeRatio": 0.2743488253,
        "eps": 0.96,
        "epsdiluted": 0.96,
        "weightedAverageShsOut": 147744000,
        "weightedAverageShsOutDil": 148725000,
        "link": "https://www.sec.gov/Archives/edgar/data/18349/000001834921000014/0000018349-21-000014-index.htm",
        "finalLink": "https://www.sec.gov/Archives/edgar/data/18349/000001834921000014/syn-20201231.htm"
    },
    {
        "date": "2020-09-30",
        "symbol": "SNV",
        "reportedCurrency": "USD",
        "cik": "0000018349",
        "fillingDate": "2020-11-06",
        "acceptedDate": "2020-11-06 10:20:41",
        "calendarYear": "2020",
        "period": "Q3",
        "revenue": 549961000,
        "costOfRevenue": 101943000,
        "grossProfit": 448018000,
        "grossProfitRatio": 0.8146359469,
        "researchAndDevelopmentExpenses": 0,
        "generalAndAdministrativeExpenses": 161787000,
        "sellingAndMarketingExpenses": 0,
        "sellingGeneralAndAdministrativeExpenses": 161787000,
        "otherExpenses": 154868000,
        "operatingExpenses": 316655000,
        "costAndExpenses": 418598000,
        "interestIncome": 435550000,
        "interestExpense": 58560000,
        "depreciationAndAmortization": 27464000,
        "ebitda": 158827000,
        "ebitdaratio": 0.288796842,
        "operatingIncome": 131363000,
        "operatingIncomeRatio": 0.2388587554,
        "totalOtherIncomeExpensesNet": 0,
        "incomeBeforeTax": 131363000,
        "incomeBeforeTaxRatio": 0.2388587554,
        "incomeTaxExpense": 39789000,
        "netIncome": 91574000,
        "netIncomeRatio": 0.1665099889,
        "eps": 0.57,
        "epsdiluted": 0.56,
        "weightedAverageShsOut": 147314000,
        "weightedAverageShsOutDil": 147976000,
        "link": "https://www.sec.gov/Archives/edgar/data/18349/000001834920000076/0000018349-20-000076-index.htm",
        "finalLink": "https://www.sec.gov/Archives/edgar/data/18349/000001834920000076/syn-20200930.htm"
    },
    {
        "date": "2020-06-30",
        "symbol": "SNV",
        "reportedCurrency": "USD",
        "cik": "0000018349",
        "fillingDate": "2020-08-06",
        "acceptedDate": "2020-08-06 11:50:34",
        "calendarYear": "2020",
        "period": "Q2",
        "revenue": 625053000,
        "costOfRevenue": 216854000,
        "grossProfit": 408199000,
        "grossProfitRatio": 0.6530630203,
        "researchAndDevelopmentExpenses": 0,
        "generalAndAdministrativeExpenses": 166448000,
        "sellingAndMarketingExpenses": 0,
        "sellingGeneralAndAdministrativeExpenses": 166448000,
        "otherExpenses": 117693000,
        "operatingExpenses": 284141000,
        "costAndExpenses": 500995000,
        "interestIncome": 451569000,
        "interestExpense": 75003000,
        "depreciationAndAmortization": 26272000,
        "ebitda": 150330000,
        "ebitdaratio": 0.240507605,
        "operatingIncome": 124058000,
        "operatingIncomeRatio": 0.1984759692,
        "totalOtherIncomeExpensesNet": 0,
        "incomeBeforeTax": 124058000,
        "incomeBeforeTaxRatio": 0.1984759692,
        "incomeTaxExpense": 30866000,
        "netIncome": 93192000,
        "netIncomeRatio": 0.1490945568,
        "eps": 0.58,
        "epsdiluted": 0.57,
        "weightedAverageShsOut": 147288000,
        "weightedAverageShsOutDil": 147733000,
        "link": "https://www.sec.gov/Archives/edgar/data/18349/000001834920000064/0000018349-20-000064-index.htm",
        "finalLink": "https://www.sec.gov/Archives/edgar/data/18349/000001834920000064/syn-20200630.htm"
    },
    {
        "date": "2020-03-31",
        "symbol": "SNV",
        "reportedCurrency": "USD",
        "cik": "0000018349",
        "fillingDate": "2020-05-11",
        "acceptedDate": "2020-05-11 15:15:53",
        "calendarYear": "2020",
        "period": "Q1",
        "revenue": 587754000,
        "costOfRevenue": 269359000,
        "grossProfit": 318395000,
        "grossProfitRatio": 0.541714731,
        "researchAndDevelopmentExpenses": 0,
        "generalAndAdministrativeExpenses": 154956000,
        "sellingAndMarketingExpenses": 0,
        "sellingGeneralAndAdministrativeExpenses": 154956000,
        "otherExpenses": 121323000,
        "operatingExpenses": 276279000,
        "costAndExpenses": 545638000,
        "interestIncome": 483897000,
        "interestExpense": 110637000,
        "depreciationAndAmortization": 23649000,
        "ebitda": 65765000,
        "ebitdaratio": 0.1118920501,
        "operatingIncome": 42116000,
        "operatingIncomeRatio": 0.0716558288,
        "totalOtherIncomeExpensesNet": 0,
        "incomeBeforeTax": 42116000,
        "incomeBeforeTaxRatio": 0.0716558288,
        "incomeTaxExpense": 3595000,
        "netIncome": 38521000,
        "netIncomeRatio": 0.0655393243,
        "eps": 0.21,
        "epsdiluted": 0.2,
        "weightedAverageShsOut": 147267000,
        "weightedAverageShsOutDil": 148401000,
        "link": "https://www.sec.gov/Archives/edgar/data/18349/000001834920000033/0000018349-20-000033-index.htm",
        "finalLink": "https://www.sec.gov/Archives/edgar/data/18349/000001834920000033/syn-20200331.htm"
    },
    {
        "date": "2019-12-31",
        "symbol": "SNV",
        "reportedCurrency": "USD",
        "cik": "0000018349",
        "fillingDate": "2020-03-02",
        "acceptedDate": "2020-03-02 14:40:49",
        "calendarYear": "2019",
        "period": "Q4",
        "revenue": 604208000,
        "costOfRevenue": 131455000,
        "grossProfit": 472753000,
        "grossProfitRatio": 0.7824341948,
        "researchAndDevelopmentExpenses": 0,
        "generalAndAdministrativeExpenses": 154908000,
        "sellingAndMarketingExpenses": 4375000,
        "sellingGeneralAndAdministrativeExpenses": 159283000,
        "otherExpenses": 106838000,
        "operatingExpenses": 266121000,
        "costAndExpenses": 397576000,
        "interestIncome": 506253000,
        "interestExpense": 106985000,
        "depreciationAndAmortization": -890000,
        "ebitda": 205742000,
        "ebitdaratio": 0.3405151868,
        "operatingIncome": 206632000,
        "operatingIncomeRatio": 0.3419881895,
        "totalOtherIncomeExpensesNet": 0,
        "incomeBeforeTax": 206632000,
        "incomeBeforeTaxRatio": 0.3419881895,
        "incomeTaxExpense": 54948000,
        "netIncome": 151684000,
        "netIncomeRatio": 0.2510459974,
        "eps": 0.98,
        "epsdiluted": 0.97,
        "weightedAverageShsOut": 146948000,
        "weightedAverageShsOutDil": 148529000,
        "link": "https://www.sec.gov/Archives/edgar/data/18349/000001834920000011/0000018349-20-000011-index.htm",
        "finalLink": "https://www.sec.gov/Archives/edgar/data/18349/000001834920000011/snv-12312019x10k.htm"
    },
    {
        "date": "2019-09-30",
        "symbol": "SNV",
        "reportedCurrency": "USD",
        "cik": "0000018349",
        "fillingDate": "2019-11-05",
        "acceptedDate": "2019-11-05 09:55:21",
        "calendarYear": "2019",
        "period": "Q3",
        "revenue": 612175000,
        "costOfRevenue": 148880000,
        "grossProfit": 463295000,
        "grossProfitRatio": 0.7568015682,
        "researchAndDevelopmentExpenses": 0,
        "generalAndAdministrativeExpenses": 149758000,
        "sellingAndMarketingExpenses": 0,
        "sellingGeneralAndAdministrativeExpenses": 149758000,
        "otherExpenses": 126552000,
        "operatingExpenses": 276310000,
        "costAndExpenses": 425190000,
        "interestIncome": 523415000,
        "interestExpense": 121318000,
        "depreciationAndAmortization": -2477000,
        "ebitda": 184508000,
        "ebitdaratio": 0.3013974762,
        "operatingIncome": 186985000,
        "operatingIncomeRatio": 0.3054437048,
        "totalOtherIncomeExpensesNet": 0,
        "incomeBeforeTax": 186985000,
        "incomeBeforeTaxRatio": 0.3054437048,
        "incomeTaxExpense": 51259000,
        "netIncome": 135726000,
        "netIncomeRatio": 0.221711112,
        "eps": 0.84,
        "epsdiluted": 0.83,
        "weightedAverageShsOut": 152238000,
        "weightedAverageShsOutDil": 154043000,
        "link": "https://www.sec.gov/Archives/edgar/data/18349/000001834919000072/0000018349-19-000072-index.htm",
        "finalLink": "https://www.sec.gov/Archives/edgar/data/18349/000001834919000072/snv-09302019x10xq.htm"
    },
    {
        "date": "2019-06-30",
        "symbol": "SNV",
        "reportedCurrency": "USD",
        "cik": "0000018349",
        "fillingDate": "2019-08-02",
        "acceptedDate": "2019-08-02 09:02:18",
        "calendarYear": "2019",
        "period": "Q2",
        "revenue": 605938000,
        "costOfRevenue": 130988000,
        "grossProfit": 474950000,
        "grossProfitRatio": 0.783826068,
        "researchAndDevelopmentExpenses": 0,
        "generalAndAdministrativeExpenses": 150876000,
        "sellingAndMarketingExpenses": 0,
        "sellingGeneralAndAdministrativeExpenses": 150876000,
        "otherExpenses": 113250000,
        "operatingExpenses": 264126000,
        "costAndExpenses": 395114000,
        "interestIncome": 516131000,
        "interestExpense": 118869000,
        "depreciationAndAmortization": 4446000,
        "ebitda": 215270000,
        "ebitdaratio": 0.3552673706,
        "operatingIncome": 210824000,
        "operatingIncomeRatio": 0.3479299862,
        "totalOtherIncomeExpensesNet": 0,
        "incomeBeforeTax": 210824000,
        "incomeBeforeTaxRatio": 0.3479299862,
        "incomeTaxExpense": 54640000,
        "netIncome": 156184000,
        "netIncomeRatio": 0.257755744,
        "eps": 0.97,
        "epsdiluted": 0.96,
        "weightedAverageShsOut": 157389000,
        "weightedAverageShsOutDil": 159077000,
        "link": "https://www.sec.gov/Archives/edgar/data/18349/000001834919000064/0000018349-19-000064-index.htm",
        "finalLink": "https://www.sec.gov/Archives/edgar/data/18349/000001834919000064/snv-06302019x10q.htm"
    },
    {
        "date": "2019-03-31",
        "symbol": "SNV",
        "reportedCurrency": "USD",
        "cik": "0000018349",
        "fillingDate": "2019-05-03",
        "acceptedDate": "2019-05-03 11:44:41",
        "calendarYear": "2019",
        "period": "Q1",
        "revenue": 584217000,
        "costOfRevenue": 131233000,
        "grossProfit": 452984000,
        "grossProfitRatio": 0.7753694261,
        "researchAndDevelopmentExpenses": 0,
        "generalAndAdministrativeExpenses": 146188000,
        "sellingAndMarketingExpenses": 5123000,
        "sellingGeneralAndAdministrativeExpenses": 151311000,
        "otherExpenses": 141099000,
        "operatingExpenses": 292410000,
        "costAndExpenses": 423643000,
        "interestIncome": 504839000,
        "interestExpense": 107664000,
        "depreciationAndAmortization": 7000000,
        "ebitda": 167574000,
        "ebitdaratio": 0.2868351999,
        "operatingIncome": 160574000,
        "operatingIncomeRatio": 0.2748533507,
        "totalOtherIncomeExpensesNet": 0,
        "incomeBeforeTax": 160574000,
        "incomeBeforeTaxRatio": 0.2748533507,
        "incomeTaxExpense": 40388000,
        "netIncome": 120186000,
        "netIncomeRatio": 0.2057215042,
        "eps": 0.73,
        "epsdiluted": 0.72,
        "weightedAverageShsOut": 160927000,
        "weightedAverageShsOutDil": 162760000,
        "link": "https://www.sec.gov/Archives/edgar/data/18349/000001834919000047/0000018349-19-000047-index.htm",
        "finalLink": "https://www.sec.gov/Archives/edgar/data/18349/000001834919000047/snv-03312019x10q.htm"
    },
    {
        "date": "2018-12-31",
        "symbol": "SNV",
        "reportedCurrency": "USD",
        "cik": "0000018349",
        "fillingDate": "2019-02-28",
        "acceptedDate": "2019-02-28 16:29:41",
        "calendarYear": "2018",
        "period": "Q4",
        "revenue": 425386000,
        "costOfRevenue": 71610000,
        "grossProfit": 353776000,
        "grossProfitRatio": 0.8316587758,
        "researchAndDevelopmentExpenses": 0,
        "generalAndAdministrativeExpenses": 118225000,
        "sellingAndMarketingExpenses": 6835000,
        "sellingGeneralAndAdministrativeExpenses": 125060000,
        "otherExpenses": 84864000,
        "operatingExpenses": 209924000,
        "costAndExpenses": 281534000,
        "interestIncome": 357394000,
        "interestExpense": 59461000,
        "depreciationAndAmortization": 13456000,
        "ebitda": 157308000,
        "ebitdaratio": 0.3698006046,
        "operatingIncome": 143852000,
        "operatingIncomeRatio": 0.3381681579,
        "totalOtherIncomeExpensesNet": 0,
        "incomeBeforeTax": 143852000,
        "incomeBeforeTaxRatio": 0.3381681579,
        "incomeTaxExpense": 38783000,
        "netIncome": 105069000,
        "netIncomeRatio": 0.2469968452,
        "eps": 0.88,
        "epsdiluted": 0.87,
        "weightedAverageShsOut": 116303000,
        "weightedAverageShsOutDil": 116986000,
        "link": "https://www.sec.gov/Archives/edgar/data/18349/000001834919000021/0000018349-19-000021-index.htm",
        "finalLink": "https://www.sec.gov/Archives/edgar/data/18349/000001834919000021/snv-12312018x10k.htm"
    },
    {
        "date": "2018-09-30",
        "symbol": "SNV",
        "reportedCurrency": "USD",
        "cik": "0000018349",
        "fillingDate": "2018-11-06",
        "acceptedDate": "2018-11-06 15:42:47",
        "calendarYear": "2018",
        "period": "Q3",
        "revenue": 415610000,
        "costOfRevenue": 67305000,
        "grossProfit": 348305000,
        "grossProfitRatio": 0.8380573133,
        "researchAndDevelopmentExpenses": 0,
        "generalAndAdministrativeExpenses": 120771000,
        "sellingAndMarketingExpenses": 3735000,
        "sellingGeneralAndAdministrativeExpenses": 124506000,
        "otherExpenses": 95791000,
        "operatingExpenses": 220297000,
        "costAndExpenses": 287602000,
        "interestIncome": 343942000,
        "interestExpense": 52323000,
        "depreciationAndAmortization": 13055000,
        "ebitda": 141063000,
        "ebitdaratio": 0.3394119487,
        "operatingIncome": 128008000,
        "operatingIncomeRatio": 0.3080002887,
        "totalOtherIncomeExpensesNet": 0,
        "incomeBeforeTax": 128008000,
        "incomeBeforeTaxRatio": 0.3080002887,
        "incomeTaxExpense": 18949000,
        "netIncome": 109059000,
        "netIncomeRatio": 0.2624070643,
        "eps": 0.85,
        "epsdiluted": 0.84,
        "weightedAverageShsOut": 117241000,
        "weightedAverageShsOutDil": 118095000,
        "link": "https://www.sec.gov/Archives/edgar/data/18349/000001834918000047/0000018349-18-000047-index.htm",
        "finalLink": "https://www.sec.gov/Archives/edgar/data/18349/000001834918000047/snv-09302018x10q.htm"
    },
    {
        "date": "2018-06-30",
        "symbol": "SNV",
        "reportedCurrency": "USD",
        "cik": "0000018349",
        "fillingDate": "2018-08-08",
        "acceptedDate": "2018-08-08 15:00:42",
        "calendarYear": "2018",
        "period": "Q2",
        "revenue": 403221000,
        "costOfRevenue": 57047000,
        "grossProfit": 346174000,
        "grossProfitRatio": 0.8585217536,
        "researchAndDevelopmentExpenses": 0,
        "generalAndAdministrativeExpenses": 118406000,
        "sellingAndMarketingExpenses": 5220000,
        "sellingGeneralAndAdministrativeExpenses": 123626000,
        "otherExpenses": 80431000,
        "operatingExpenses": 204057000,
        "costAndExpenses": 261104000,
        "interestIncome": 329834000,
        "interestExpense": 45257000,
        "depreciationAndAmortization": 13838000,
        "ebitda": 155955000,
        "ebitdaratio": 0.3867730103,
        "operatingIncome": 142117000,
        "operatingIncomeRatio": 0.3524543613,
        "totalOtherIncomeExpensesNet": 0,
        "incomeBeforeTax": 142117000,
        "incomeBeforeTaxRatio": 0.3524543613,
        "incomeTaxExpense": 30936000,
        "netIncome": 111181000,
        "netIncomeRatio": 0.2757321667,
        "eps": 0.92,
        "epsdiluted": 0.91,
        "weightedAverageShsOut": 118397000,
        "weightedAverageShsOutDil": 119139000,
        "link": "https://www.sec.gov/Archives/edgar/data/18349/000001834918000038/0000018349-18-000038-index.htm",
        "finalLink": "https://www.sec.gov/Archives/edgar/data/18349/000001834918000038/snv-06302018x10q.htm"
    },
    {
        "date": "2018-03-31",
        "symbol": "SNV",
        "reportedCurrency": "USD",
        "cik": "0000018349",
        "fillingDate": "2018-05-07",
        "acceptedDate": "2018-05-07 14:18:25",
        "calendarYear": "2018",
        "period": "Q1",
        "revenue": 380180000,
        "costOfRevenue": 51626000,
        "grossProfit": 328554000,
        "grossProfitRatio": 0.8642064285,
        "researchAndDevelopmentExpenses": 0,
        "generalAndAdministrativeExpenses": 120513000,
        "sellingAndMarketingExpenses": 5092000,
        "sellingGeneralAndAdministrativeExpenses": 125605000,
        "otherExpenses": 69574000,
        "operatingExpenses": 195179000,
        "costAndExpenses": 246805000,
        "interestIncome": 313134000,
        "interestExpense": 38850000,
        "depreciationAndAmortization": 14823000,
        "ebitda": 148198000,
        "ebitdaratio": 0.38981009,
        "operatingIncome": 133375000,
        "operatingIncomeRatio": 0.3508206639,
        "totalOtherIncomeExpensesNet": 0,
        "incomeBeforeTax": 133375000,
        "incomeBeforeTaxRatio": 0.3508206639,
        "incomeTaxExpense": 30209000,
        "netIncome": 103166000,
        "netIncomeRatio": 0.2713609343,
        "eps": 0.85,
        "epsdiluted": 0.84,
        "weightedAverageShsOut": 118666000,
        "weightedAverageShsOutDil": 119321000,
        "link": "https://www.sec.gov/Archives/edgar/data/18349/000001834918000018/0000018349-18-000018-index.htm",
        "finalLink": "https://www.sec.gov/Archives/edgar/data/18349/000001834918000018/snv-03312018x10q.htm"
    },
    {
        "date": "2017-12-31",
        "symbol": "SNV",
        "reportedCurrency": "USD",
        "cik": "0000018349",
        "fillingDate": "2018-02-28",
        "acceptedDate": "2018-02-28 16:16:38",
        "calendarYear": "2017",
        "period": "Q4",
        "revenue": 376287000,
        "costOfRevenue": 45787000,
        "grossProfit": 330500000,
        "grossProfitRatio": 0.8783189427,
        "researchAndDevelopmentExpenses": 0,
        "generalAndAdministrativeExpenses": 117530000,
        "sellingAndMarketingExpenses": 8080000,
        "sellingGeneralAndAdministrativeExpenses": 125610000,
        "otherExpenses": 100923000,
        "operatingExpenses": 226533000,
        "costAndExpenses": 272320000,
        "interestIncome": 306934000,
        "interestExpense": 37222000,
        "depreciationAndAmortization": 14335000,
        "ebitda": 118302000,
        "ebitdaratio": 0.3143930032,
        "operatingIncome": 103967000,
        "operatingIncomeRatio": 0.2762970817,
        "totalOtherIncomeExpensesNet": 0,
        "incomeBeforeTax": 103967000,
        "incomeBeforeTaxRatio": 0.2762970817,
        "incomeTaxExpense": 74361000,
        "netIncome": 29606000,
        "netIncomeRatio": 0.078679306,
        "eps": 0.23,
        "epsdiluted": 0.23,
        "weightedAverageShsOut": 119282000,
        "weightedAverageShsOutDil": 122012000,
        "link": "https://www.sec.gov/Archives/edgar/data/18349/000001834918000005/0000018349-18-000005-index.htm",
        "finalLink": "https://www.sec.gov/Archives/edgar/data/18349/000001834918000005/snv-12312017x10k.htm"
    },
    {
        "date": "2017-09-30",
        "symbol": "SNV",
        "reportedCurrency": "USD",
        "cik": "0000018349",
        "fillingDate": "2017-11-07",
        "acceptedDate": "2017-11-07 10:23:30",
        "calendarYear": "2017",
        "period": "Q3",
        "revenue": 433087000,
        "costOfRevenue": 74766000,
        "grossProfit": 358321000,
        "grossProfitRatio": 0.8273649405,
        "researchAndDevelopmentExpenses": 0,
        "generalAndAdministrativeExpenses": 116753000,
        "sellingAndMarketingExpenses": 3610000,
        "sellingGeneralAndAdministrativeExpenses": 120363000,
        "otherExpenses": 85283000,
        "operatingExpenses": 205646000,
        "costAndExpenses": 280412000,
        "interestIncome": 297652000,
        "interestExpense": 35080000,
        "depreciationAndAmortization": 15452000,
        "ebitda": 168127000,
        "ebitdaratio": 0.3882060648,
        "operatingIncome": 152675000,
        "operatingIncomeRatio": 0.3525273213,
        "totalOtherIncomeExpensesNet": 0,
        "incomeBeforeTax": 152675000,
        "incomeBeforeTaxRatio": 0.3525273213,
        "incomeTaxExpense": 54668000,
        "netIncome": 98007000,
        "netIncomeRatio": 0.2262986421,
        "eps": 0.79,
        "epsdiluted": 0.78,
        "weightedAverageShsOut": 120900000,
        "weightedAverageShsOutDil": 121814000,
        "link": "https://www.sec.gov/Archives/edgar/data/18349/000001834917000043/0000018349-17-000043-index.htm",
        "finalLink": "https://www.sec.gov/Archives/edgar/data/18349/000001834917000043/snv-09302017x10q.htm"
    },
    {
        "date": "2017-06-30",
        "symbol": "SNV",
        "reportedCurrency": "USD",
        "cik": "0000018349",
        "fillingDate": "2017-08-04",
        "acceptedDate": "2017-08-04 15:53:05",
        "calendarYear": "2017",
        "period": "Q2",
        "revenue": 354211000,
        "costOfRevenue": 44673000,
        "grossProfit": 309538000,
        "grossProfitRatio": 0.8738802578,
        "researchAndDevelopmentExpenses": 0,
        "generalAndAdministrativeExpenses": 112088000,
        "sellingAndMarketingExpenses": 5346000,
        "sellingGeneralAndAdministrativeExpenses": 117434000,
        "otherExpenses": 74313000,
        "operatingExpenses": 191747000,
        "costAndExpenses": 236420000,
        "interestIncome": 285510000,
        "interestExpense": 34413000,
        "depreciationAndAmortization": 14855000,
        "ebitda": 132646000,
        "ebitdaratio": 0.3744830059,
        "operatingIncome": 117791000,
        "operatingIncomeRatio": 0.3325447262,
        "totalOtherIncomeExpensesNet": 0,
        "incomeBeforeTax": 117791000,
        "incomeBeforeTaxRatio": 0.3325447262,
        "incomeTaxExpense": 41788000,
        "netIncome": 76003000,
        "netIncomeRatio": 0.2145698468,
        "eps": 0.6,
        "epsdiluted": 0.6,
        "weightedAverageShsOut": 122203000,
        "weightedAverageShsOutDil": 123027000,
        "link": "https://www.sec.gov/Archives/edgar/data/18349/000001834917000018/0000018349-17-000018-index.htm",
        "finalLink": "https://www.sec.gov/Archives/edgar/data/18349/000001834917000018/snv-06302017x10q.htm"
    },
    {
        "date": "2017-03-31",
        "symbol": "SNV",
        "reportedCurrency": "USD",
        "cik": "0000018349",
        "fillingDate": "2017-05-05",
        "acceptedDate": "2017-05-05 12:24:43",
        "calendarYear": "2017",
        "period": "Q1",
        "revenue": 344240000,
        "costOfRevenue": 41148000,
        "grossProfit": 303092000,
        "grossProfitRatio": 0.880467116,
        "researchAndDevelopmentExpenses": 0,
        "generalAndAdministrativeExpenses": 113961000,
        "sellingAndMarketingExpenses": 5912000,
        "sellingGeneralAndAdministrativeExpenses": 119873000,
        "otherExpenses": 77515000,
        "operatingExpenses": 197388000,
        "costAndExpenses": 238536000,
        "interestIncome": 272401000,
        "interestExpense": 32474000,
        "depreciationAndAmortization": 14479000,
        "ebitda": 120183000,
        "ebitdaratio": 0.34912561,
        "operatingIncome": 105704000,
        "operatingIncomeRatio": 0.3070648385,
        "totalOtherIncomeExpensesNet": 0,
        "incomeBeforeTax": 105704000,
        "incomeBeforeTaxRatio": 0.3070648385,
        "incomeTaxExpense": 33847000,
        "netIncome": 71857000,
        "netIncomeRatio": 0.2087409947,
        "eps": 0.57,
        "epsdiluted": 0.56,
        "weightedAverageShsOut": 122300000,
        "weightedAverageShsOutDil": 123059000,
        "link": "https://www.sec.gov/Archives/edgar/data/18349/000001834917000011/0000018349-17-000011-index.htm",
        "finalLink": "https://www.sec.gov/Archives/edgar/data/18349/000001834917000011/snv-03312017x10q.htm"
    },
    {
        "date": "2016-12-31",
        "symbol": "SNV",
        "reportedCurrency": "USD",
        "cik": "0000018349",
        "fillingDate": "2017-02-27",
        "acceptedDate": "2017-02-27 15:56:14",
        "calendarYear": "2016",
        "period": "Q4",
        "revenue": 332744000,
        "costOfRevenue": 37262000,
        "grossProfit": 295482000,
        "grossProfitRatio": 0.8880160123,
        "researchAndDevelopmentExpenses": 0,
        "generalAndAdministrativeExpenses": 108276000,
        "sellingAndMarketingExpenses": 4906000,
        "sellingGeneralAndAdministrativeExpenses": 113182000,
        "otherExpenses": 74230000,
        "operatingExpenses": 187412000,
        "costAndExpenses": 224674000,
        "interestIncome": 264533000,
        "interestExpense": 31003000,
        "depreciationAndAmortization": 14613000,
        "ebitda": 122683000,
        "ebitdaratio": 0.3687008631,
        "operatingIncome": 108070000,
        "operatingIncomeRatio": 0.3247842185,
        "totalOtherIncomeExpensesNet": 0,
        "incomeBeforeTax": 108070000,
        "incomeBeforeTaxRatio": 0.3247842185,
        "incomeTaxExpense": 39519000,
        "netIncome": 68551000,
        "netIncomeRatio": 0.2060172385,
        "eps": 0.54,
        "epsdiluted": 0.54,
        "weightedAverageShsOut": 122341000,
        "weightedAverageShsOutDil": 123187000,
        "link": "https://www.sec.gov/Archives/edgar/data/18349/000001834917000003/0000018349-17-000003-index.htm",
        "finalLink": "https://www.sec.gov/Archives/edgar/data/18349/000001834917000003/snv-12312016x10k.htm"
    },
    {
        "date": "2016-09-30",
        "symbol": "SNV",
        "reportedCurrency": "USD",
        "cik": "0000018349",
        "fillingDate": "2016-11-04",
        "acceptedDate": "2016-11-04 15:59:25",
        "calendarYear": "2016",
        "period": "Q3",
        "revenue": 324349000,
        "costOfRevenue": 36218000,
        "grossProfit": 288131000,
        "grossProfitRatio": 0.8883363291,
        "researchAndDevelopmentExpenses": 0,
        "generalAndAdministrativeExpenses": 108701000,
        "sellingAndMarketingExpenses": 5597000,
        "sellingGeneralAndAdministrativeExpenses": 114298000,
        "otherExpenses": 71213000,
        "operatingExpenses": 185511000,
        "costAndExpenses": 221729000,
        "interestIncome": 256554000,
        "interestExpense": 30547000,
        "depreciationAndAmortization": 15109000,
        "ebitda": 117729000,
        "ebitdaratio": 0.362970134,
        "operatingIncome": 102620000,
        "operatingIncomeRatio": 0.3163875948,
        "totalOtherIncomeExpensesNet": 0,
        "incomeBeforeTax": 102620000,
        "incomeBeforeTaxRatio": 0.3163875948,
        "incomeTaxExpense": 37375000,
        "netIncome": 65245000,
        "netIncomeRatio": 0.2011567787,
        "eps": 0.51,
        "epsdiluted": 0.51,
        "weightedAverageShsOut": 122924000,
        "weightedAverageShsOutDil": 123604000,
        "link": "https://www.sec.gov/Archives/edgar/data/18349/000001834916000005/0000018349-16-000005-index.htm",
        "finalLink": "https://www.sec.gov/Archives/edgar/data/18349/000001834916000005/snv-09302016x10q.htm"
    },
    {
        "date": "2016-06-30",
        "symbol": "SNV",
        "reportedCurrency": "USD",
        "cik": "0000018349",
        "fillingDate": "2016-08-03",
        "acceptedDate": "2016-08-03 16:15:25",
        "calendarYear": "2016",
        "period": "Q2",
        "revenue": 319919000,
        "costOfRevenue": 37637000,
        "grossProfit": 282282000,
        "grossProfitRatio": 0.882354596,
        "researchAndDevelopmentExpenses": 0,
        "generalAndAdministrativeExpenses": 103686000,
        "sellingAndMarketingExpenses": 7351000,
        "sellingGeneralAndAdministrativeExpenses": 111037000,
        "otherExpenses": 77214000,
        "operatingExpenses": 188251000,
        "costAndExpenses": 225888000,
        "interestIncome": 252393000,
        "interestExpense": 30944000,
        "depreciationAndAmortization": 14721000,
        "ebitda": 108752000,
        "ebitdaratio": 0.3399360463,
        "operatingIncome": 94031000,
        "operatingIncomeRatio": 0.2939212738,
        "totalOtherIncomeExpensesNet": 0,
        "incomeBeforeTax": 94031000,
        "incomeBeforeTaxRatio": 0.2939212738,
        "incomeTaxExpense": 33574000,
        "netIncome": 60457000,
        "netIncomeRatio": 0.1889759595,
        "eps": 0.46,
        "epsdiluted": 0.46,
        "weightedAverageShsOut": 125100000,
        "weightedAverageShsOutDil": 125699000,
        "link": "https://www.sec.gov/Archives/edgar/data/18349/000162828016018386/0001628280-16-018386-index.htm",
        "finalLink": "https://www.sec.gov/Archives/edgar/data/18349/000162828016018386/snv-06302016x10q.htm"
    },
    {
        "date": "2016-03-31",
        "symbol": "SNV",
        "reportedCurrency": "USD",
        "cik": "0000018349",
        "fillingDate": "2016-05-05",
        "acceptedDate": "2016-05-05 15:20:38",
        "calendarYear": "2016",
        "period": "Q1",
        "revenue": 312110000,
        "costOfRevenue": 40507000,
        "grossProfit": 271603000,
        "grossProfitRatio": 0.8702156291,
        "researchAndDevelopmentExpenses": 0,
        "generalAndAdministrativeExpenses": 108077000,
        "sellingAndMarketingExpenses": 2410000,
        "sellingGeneralAndAdministrativeExpenses": 110487000,
        "otherExpenses": 77386000,
        "operatingExpenses": 187873000,
        "costAndExpenses": 228380000,
        "interestIncome": 249323000,
        "interestExpense": 31130000,
        "depreciationAndAmortization": 13785000,
        "ebitda": 97515000,
        "ebitdaratio": 0.3124379225,
        "operatingIncome": 83730000,
        "operatingIncomeRatio": 0.268270802,
        "totalOtherIncomeExpensesNet": 0,
        "incomeBeforeTax": 83730000,
        "incomeBeforeTaxRatio": 0.268270802,
        "incomeTaxExpense": 31199000,
        "netIncome": 52531000,
        "netIncomeRatio": 0.1683092499,
        "eps": 0.39,
        "epsdiluted": 0.39,
        "weightedAverageShsOut": 127227000,
        "weightedAverageShsOutDil": 127857000,
        "link": "https://www.sec.gov/Archives/edgar/data/18349/000162828016015695/0001628280-16-015695-index.htm",
        "finalLink": "https://www.sec.gov/Archives/edgar/data/18349/000162828016015695/snv-03312016x10q.htm"
    },
    {
        "date": "2015-12-31",
        "symbol": "SNV",
        "reportedCurrency": "USD",
        "cik": "0000018349",
        "fillingDate": "2016-02-29",
        "acceptedDate": "2016-02-29 11:53:26",
        "calendarYear": "2015",
        "period": "Q4",
        "revenue": 308616000,
        "costOfRevenue": 35214000,
        "grossProfit": 273402000,
        "grossProfitRatio": 0.8858970371,
        "researchAndDevelopmentExpenses": 0,
        "generalAndAdministrativeExpenses": 102300000,
        "sellingAndMarketingExpenses": 3680000,
        "sellingGeneralAndAdministrativeExpenses": 105980000,
        "otherExpenses": 76682000,
        "operatingExpenses": 182662000,
        "costAndExpenses": 217876000,
        "interestIncome": 242814000,
        "interestExpense": 30194000,
        "depreciationAndAmortization": 14016000,
        "ebitda": 104756000,
        "ebitdaratio": 0.3394380071,
        "operatingIncome": 90740000,
        "operatingIncomeRatio": 0.2940223449,
        "totalOtherIncomeExpensesNet": 0,
        "incomeBeforeTax": 90740000,
        "incomeBeforeTaxRatio": 0.2940223449,
        "incomeTaxExpense": 32342000,
        "netIncome": 58398000,
        "netIncomeRatio": 0.1892254452,
        "eps": 0.43,
        "epsdiluted": 0.43,
        "weightedAverageShsOut": 130354000,
        "weightedAverageShsOutDil": 131197000,
        "link": "https://www.sec.gov/Archives/edgar/data/18349/000162828016011916/0001628280-16-011916-index.htm",
        "finalLink": "https://www.sec.gov/Archives/edgar/data/18349/000162828016011916/snv-12312015x10k.htm"
    },
    {
        "date": "2015-09-30",
        "symbol": "SNV",
        "reportedCurrency": "USD",
        "cik": "0000018349",
        "fillingDate": "2015-11-05",
        "acceptedDate": "2015-11-05 17:22:01",
        "calendarYear": "2015",
        "period": "Q3",
        "revenue": 305152000,
        "costOfRevenue": 33259000,
        "grossProfit": 271893000,
        "grossProfitRatio": 0.8910084155,
        "researchAndDevelopmentExpenses": 0,
        "generalAndAdministrativeExpenses": 100932000,
        "sellingAndMarketingExpenses": 5488000,
        "sellingGeneralAndAdministrativeExpenses": 106420000,
        "otherExpenses": 71487000,
        "operatingExpenses": 177907000,
        "costAndExpenses": 211166000,
        "interestIncome": 238093000,
        "interestExpense": 30303000,
        "depreciationAndAmortization": 14556000,
        "ebitda": 108542000,
        "ebitdaratio": 0.3556981439,
        "operatingIncome": 93986000,
        "operatingIncomeRatio": 0.3079973259,
        "totalOtherIncomeExpensesNet": 0,
        "incomeBeforeTax": 93986000,
        "incomeBeforeTaxRatio": 0.3079973259,
        "incomeTaxExpense": 36058000,
        "netIncome": 57928000,
        "netIncomeRatio": 0.1898332634,
        "eps": 0.42,
        "epsdiluted": 0.42,
        "weightedAverageShsOut": 131516000,
        "weightedAverageShsOutDil": 132297000,
        "link": "https://www.sec.gov/Archives/edgar/data/18349/000162828015008367/0001628280-15-008367-index.htm",
        "finalLink": "https://www.sec.gov/Archives/edgar/data/18349/000162828015008367/snv-09302015x10q.htm"
    },
    {
        "date": "2015-06-30",
        "symbol": "SNV",
        "reportedCurrency": "USD",
        "cik": "0000018349",
        "fillingDate": "2015-08-05",
        "acceptedDate": "2015-08-05 14:17:40",
        "calendarYear": "2015",
        "period": "Q2",
        "revenue": 302486000,
        "costOfRevenue": 36646000,
        "grossProfit": 265840000,
        "grossProfitRatio": 0.8788505914,
        "researchAndDevelopmentExpenses": 0,
        "generalAndAdministrativeExpenses": 101332000,
        "sellingAndMarketingExpenses": 2865000,
        "sellingGeneralAndAdministrativeExpenses": 104197000,
        "otherExpenses": 73609000,
        "operatingExpenses": 177806000,
        "costAndExpenses": 214452000,
        "interestIncome": 233654000,
        "interestExpense": 30010000,
        "depreciationAndAmortization": 14370000,
        "ebitda": 102404000,
        "ebitdaratio": 0.3385412879,
        "operatingIncome": 88034000,
        "operatingIncomeRatio": 0.291034957,
        "totalOtherIncomeExpensesNet": 0,
        "incomeBeforeTax": 88034000,
        "incomeBeforeTaxRatio": 0.291034957,
        "incomeTaxExpense": 32242000,
        "netIncome": 55792000,
        "netIncomeRatio": 0.1844448999,
        "eps": 0.4,
        "epsdiluted": 0.4,
        "weightedAverageShsOut": 132947000,
        "weightedAverageShsOutDil": 133625000,
        "link": "https://www.sec.gov/Archives/edgar/data/18349/000162828015006094/0001628280-15-006094-index.htm",
        "finalLink": "https://www.sec.gov/Archives/edgar/data/18349/000162828015006094/snv-06302015x10q.htm"
    },
    {
        "date": "2015-03-31",
        "symbol": "SNV",
        "reportedCurrency": "USD",
        "cik": "0000018349",
        "fillingDate": "2015-05-06",
        "acceptedDate": "2015-05-06 15:07:40",
        "calendarYear": "2015",
        "period": "Q1",
        "revenue": 297255000,
        "costOfRevenue": 32535000,
        "grossProfit": 264720000,
        "grossProfitRatio": 0.8905485189,
        "researchAndDevelopmentExpenses": 0,
        "generalAndAdministrativeExpenses": 103445000,
        "sellingAndMarketingExpenses": 3443000,
        "sellingGeneralAndAdministrativeExpenses": 106888000,
        "otherExpenses": 72020000,
        "operatingExpenses": 178908000,
        "costAndExpenses": 211443000,
        "interestIncome": 231401000,
        "interestExpense": 28138000,
        "depreciationAndAmortization": 13799000,
        "ebitda": 99611000,
        "ebitdaratio": 0.3351028578,
        "operatingIncome": 85812000,
        "operatingIncomeRatio": 0.2886814351,
        "totalOtherIncomeExpensesNet": 0,
        "incomeBeforeTax": 85812000,
        "incomeBeforeTaxRatio": 0.2886814351,
        "incomeTaxExpense": 31849000,
        "netIncome": 53963000,
        "netIncomeRatio": 0.181537737,
        "eps": 0.38,
        "epsdiluted": 0.38,
        "weightedAverageShsOut": 134933000,
        "weightedAverageShsOutDil": 135744000,
        "link": "https://www.sec.gov/Archives/edgar/data/18349/000162828015003762/0001628280-15-003762-index.htm",
        "finalLink": "https://www.sec.gov/Archives/edgar/data/18349/000162828015003762/snv-03312015x10q.htm"
    },
    {
        "date": "2014-12-31",
        "symbol": "SNV",
        "reportedCurrency": "USD",
        "cik": "0000018349",
        "fillingDate": "2015-03-02",
        "acceptedDate": "2015-03-02 14:38:00",
        "calendarYear": "2014",
        "period": "Q4",
        "revenue": 299425000,
        "costOfRevenue": 35441000,
        "grossProfit": 263984000,
        "grossProfitRatio": 0.8816364699,
        "researchAndDevelopmentExpenses": 0,
        "generalAndAdministrativeExpenses": 100311000,
        "sellingAndMarketingExpenses": 8102000,
        "sellingGeneralAndAdministrativeExpenses": 108413000,
        "otherExpenses": 76643000,
        "operatingExpenses": 185056000,
        "costAndExpenses": 220497000,
        "interestIncome": 234703000,
        "interestExpense": 27248000,
        "depreciationAndAmortization": 15428000,
        "ebitda": 94356000,
        "ebitdaratio": 0.3151239876,
        "operatingIncome": 78928000,
        "operatingIncomeRatio": 0.2635985639,
        "totalOtherIncomeExpensesNet": 0,
        "incomeBeforeTax": 78928000,
        "incomeBeforeTaxRatio": 0.2635985639,
        "incomeTaxExpense": 25756000,
        "netIncome": 53172000,
        "netIncomeRatio": 0.1775803624,
        "eps": 0.37,
        "epsdiluted": 0.37,
        "weightedAverageShsOut": 137031000,
        "weightedAverageShsOutDil": 137831000,
        "link": "https://www.sec.gov/Archives/edgar/data/18349/000162828015001358/0001628280-15-001358-index.htm",
        "finalLink": "https://www.sec.gov/Archives/edgar/data/18349/000162828015001358/snv-12312014x10k.htm"
    },
    {
        "date": "2014-09-30",
        "symbol": "SNV",
        "reportedCurrency": "USD",
        "cik": "0000018349",
        "fillingDate": "2014-11-05",
        "acceptedDate": "2014-11-05 15:42:03",
        "calendarYear": "2014",
        "period": "Q3",
        "revenue": 295400000,
        "costOfRevenue": 30974000,
        "grossProfit": 264426000,
        "grossProfitRatio": 0.8951455653,
        "researchAndDevelopmentExpenses": 0,
        "generalAndAdministrativeExpenses": 101709000,
        "sellingAndMarketingExpenses": 7177000,
        "sellingGeneralAndAdministrativeExpenses": 108886000,
        "otherExpenses": 82884000,
        "operatingExpenses": 191770000,
        "costAndExpenses": 222744000,
        "interestIncome": 233394000,
        "interestExpense": 27131000,
        "depreciationAndAmortization": 13182000,
        "ebitda": 85838000,
        "ebitdaratio": 0.2905822613,
        "operatingIncome": 72656000,
        "operatingIncomeRatio": 0.245958023,
        "totalOtherIncomeExpensesNet": 0,
        "incomeBeforeTax": 72656000,
        "incomeBeforeTaxRatio": 0.245958023,
        "incomeTaxExpense": 25868000,
        "netIncome": 46788000,
        "netIncomeRatio": 0.1583886256,
        "eps": 0.32,
        "epsdiluted": 0.32,
        "weightedAverageShsOut": 139043000,
        "weightedAverageShsOutDil": 139726000,
        "link": "https://www.sec.gov/Archives/edgar/data/18349/000144530514004807/0001445305-14-004807-index.htm",
        "finalLink": "https://www.sec.gov/Archives/edgar/data/18349/000144530514004807/snv-09302014x10q.htm"
    },
    {
        "date": "2014-06-30",
        "symbol": "SNV",
        "reportedCurrency": "USD",
        "cik": "0000018349",
        "fillingDate": "2014-08-06",
        "acceptedDate": "2014-08-06 15:12:46",
        "calendarYear": "2014",
        "period": "Q2",
        "revenue": 295245000,
        "costOfRevenue": 39446000,
        "grossProfit": 255799000,
        "grossProfitRatio": 0.8663957053,
        "researchAndDevelopmentExpenses": 0,
        "generalAndAdministrativeExpenses": 100425000,
        "sellingAndMarketingExpenses": 6281000,
        "sellingGeneralAndAdministrativeExpenses": 106706000,
        "otherExpenses": 75143000,
        "operatingExpenses": 181849000,
        "costAndExpenses": 221295000,
        "interestIncome": 232213000,
        "interestExpense": 27162000,
        "depreciationAndAmortization": 14030000,
        "ebitda": 87980000,
        "ebitdaratio": 0.2979898051,
        "operatingIncome": 73950000,
        "operatingIncomeRatio": 0.2504699487,
        "totalOtherIncomeExpensesNet": 0,
        "incomeBeforeTax": 73950000,
        "incomeBeforeTaxRatio": 0.2504699487,
        "incomeTaxExpense": 27078000,
        "netIncome": 46872000,
        "netIncomeRatio": 0.1587562872,
        "eps": 0.32,
        "epsdiluted": 0.32,
        "weightedAverageShsOut": 138991000,
        "weightedAverageShsOutDil": 139567000,
        "link": "https://www.sec.gov/Archives/edgar/data/18349/000144530514003448/0001445305-14-003448-index.htm",
        "finalLink": "https://www.sec.gov/Archives/edgar/data/18349/000144530514003448/snv-06302014x10q.htm"
    },
    {
        "date": "2014-03-31",
        "symbol": "SNV",
        "reportedCurrency": "USD",
        "cik": "0000018349",
        "fillingDate": "2014-05-08",
        "acceptedDate": "2014-05-08 14:55:10",
        "calendarYear": "2014",
        "period": "Q1",
        "revenue": 292379000,
        "costOfRevenue": 37379000,
        "grossProfit": 255000000,
        "grossProfitRatio": 0.872155661,
        "researchAndDevelopmentExpenses": 0,
        "generalAndAdministrativeExpenses": 103090000,
        "sellingAndMarketingExpenses": 2477000,
        "sellingGeneralAndAdministrativeExpenses": 105567000,
        "otherExpenses": 72409000,
        "operatingExpenses": 177976000,
        "costAndExpenses": 215355000,
        "interestIncome": 228382000,
        "interestExpense": 27868000,
        "depreciationAndAmortization": 12312000,
        "ebitda": 89336000,
        "ebitdaratio": 0.3055486201,
        "operatingIncome": 77024000,
        "operatingIncomeRatio": 0.2634388927,
        "totalOtherIncomeExpensesNet": 0,
        "incomeBeforeTax": 77024000,
        "incomeBeforeTaxRatio": 0.2634388927,
        "incomeTaxExpense": 28608000,
        "netIncome": 48416000,
        "netIncomeRatio": 0.1655932882,
        "eps": 0.35,
        "epsdiluted": 0.35,
        "weightedAverageShsOut": 138932000,
        "weightedAverageShsOutDil": 139504000,
        "link": "https://www.sec.gov/Archives/edgar/data/18349/000144530514001986/0001445305-14-001986-index.htm",
        "finalLink": "https://www.sec.gov/Archives/edgar/data/18349/000144530514001986/snv-03312014x10q.htm"
    },
    {
        "date": "2013-12-31",
        "symbol": "SNV",
        "reportedCurrency": "USD",
        "cik": "0000018349",
        "fillingDate": "2014-02-28",
        "acceptedDate": "2014-02-28 12:21:52",
        "calendarYear": "2013",
        "period": "Q4",
        "revenue": 292799000,
        "costOfRevenue": 42992000,
        "grossProfit": 249807000,
        "grossProfitRatio": 0.8531688974,
        "researchAndDevelopmentExpenses": 0,
        "generalAndAdministrativeExpenses": 100661000,
        "sellingAndMarketingExpenses": 0,
        "sellingGeneralAndAdministrativeExpenses": 100661000,
        "otherExpenses": 89436000,
        "operatingExpenses": 190097000,
        "costAndExpenses": 233089000,
        "interestIncome": 233259000,
        "interestExpense": 28928000,
        "depreciationAndAmortization": 12797000,
        "ebitda": 72507000,
        "ebitdaratio": 0.2476340425,
        "operatingIncome": 59710000,
        "operatingIncomeRatio": 0.2039282921,
        "totalOtherIncomeExpensesNet": 0,
        "incomeBeforeTax": 59710000,
        "incomeBeforeTaxRatio": 0.2039282921,
        "incomeTaxExpense": 21131000,
        "netIncome": 38579000,
        "netIncomeRatio": 0.1317593298,
        "eps": 0.28,
        "epsdiluted": 0.28,
        "weightedAverageShsOut": 138897000,
        "weightedAverageShsOutDil": 139419000,
        "link": "https://www.sec.gov/Archives/edgar/data/18349/000144530514000721/0001445305-14-000721-index.htm",
        "finalLink": "https://www.sec.gov/Archives/edgar/data/18349/000144530514000721/snv-12312013x10k.htm"
    },
    {
        "date": "2013-09-30",
        "symbol": "SNV",
        "reportedCurrency": "USD",
        "cik": "0000018349",
        "fillingDate": "2013-11-06",
        "acceptedDate": "2013-11-06 17:00:37",
        "calendarYear": "2013",
        "period": "Q3",
        "revenue": 297022000,
        "costOfRevenue": 36643000,
        "grossProfit": 260379000,
        "grossProfitRatio": 0.876632034,
        "researchAndDevelopmentExpenses": 0,
        "generalAndAdministrativeExpenses": 100433000,
        "sellingAndMarketingExpenses": 3114000,
        "sellingGeneralAndAdministrativeExpenses": 103547000,
        "otherExpenses": 83373000,
        "operatingExpenses": 186920000,
        "costAndExpenses": 223563000,
        "interestIncome": 233852000,
        "interestExpense": 29882000,
        "depreciationAndAmortization": 13993000,
        "ebitda": 87452000,
        "ebitdaratio": 0.2944293689,
        "operatingIncome": 73459000,
        "operatingIncomeRatio": 0.2473183805,
        "totalOtherIncomeExpensesNet": 0,
        "incomeBeforeTax": 73459000,
        "incomeBeforeTaxRatio": 0.2473183805,
        "incomeTaxExpense": 27765000,
        "netIncome": 45694000,
        "netIncomeRatio": 0.1538404563,
        "eps": 0.28,
        "epsdiluted": 0.28,
        "weightedAverageShsOut": 136670000,
        "weightedAverageShsOutDil": 137097000,
        "link": "https://www.sec.gov/Archives/edgar/data/18349/000144530513002768/0001445305-13-002768-index.htm",
        "finalLink": "https://www.sec.gov/Archives/edgar/data/18349/000144530513002768/snv-09302013x10q.htm"
    },
    {
        "date": "2013-06-30",
        "symbol": "SNV",
        "reportedCurrency": "USD",
        "cik": "0000018349",
        "fillingDate": "2013-08-07",
        "acceptedDate": "2013-08-07 17:03:44",
        "calendarYear": "2013",
        "period": "Q2",
        "revenue": 295927000,
        "costOfRevenue": 42513000,
        "grossProfit": 253414000,
        "grossProfitRatio": 0.8563395702,
        "researchAndDevelopmentExpenses": 0,
        "generalAndAdministrativeExpenses": 97420000,
        "sellingAndMarketingExpenses": 1821000,
        "sellingGeneralAndAdministrativeExpenses": 99241000,
        "otherExpenses": 81267000,
        "operatingExpenses": 180508000,
        "costAndExpenses": 223021000,
        "interestIncome": 231513000,
        "interestExpense": 29436000,
        "depreciationAndAmortization": 14898000,
        "ebitda": 87804000,
        "ebitdaratio": 0.2967083098,
        "operatingIncome": 72906000,
        "operatingIncomeRatio": 0.2463648129,
        "totalOtherIncomeExpensesNet": 0,
        "incomeBeforeTax": 72906000,
        "incomeBeforeTaxRatio": 0.2463648129,
        "incomeTaxExpense": 27371000,
        "netIncome": 45535000,
        "netIncomeRatio": 0.1538724077,
        "eps": 0.28,
        "epsdiluted": 0.21,
        "weightedAverageShsOut": 121585000,
        "weightedAverageShsOutDil": 130134000,
        "link": "https://www.sec.gov/Archives/edgar/data/18349/000144530513001981/0001445305-13-001981-index.htm",
        "finalLink": "https://www.sec.gov/Archives/edgar/data/18349/000144530513001981/snv-06302013x10q.htm"
    },
    {
        "date": "2013-03-31",
        "symbol": "SNV",
        "reportedCurrency": "USD",
        "cik": "0000018349",
        "fillingDate": "2013-05-09",
        "acceptedDate": "2013-05-09 16:34:12",
        "calendarYear": "2013",
        "period": "Q1",
        "revenue": 294910000,
        "costOfRevenue": 66273000,
        "grossProfit": 228637000,
        "grossProfitRatio": 0.7752772032,
        "researchAndDevelopmentExpenses": 0,
        "generalAndAdministrativeExpenses": 102397000,
        "sellingAndMarketingExpenses": 0,
        "sellingGeneralAndAdministrativeExpenses": 102397000,
        "otherExpenses": 79687000,
        "operatingExpenses": 182084000,
        "costAndExpenses": 248357000,
        "interestIncome": 230391000,
        "interestExpense": 30577000,
        "depreciationAndAmortization": 17622000,
        "ebitda": 64175000,
        "ebitdaratio": 0.217608762,
        "operatingIncome": 46553000,
        "operatingIncomeRatio": 0.1578549388,
        "totalOtherIncomeExpensesNet": 0,
        "incomeBeforeTax": 46553000,
        "incomeBeforeTaxRatio": 0.1578549388,
        "incomeTaxExpense": 16979000,
        "netIncome": 29574000,
        "netIncomeRatio": 0.1002814418,
        "eps": 0.14,
        "epsdiluted": 0.14,
        "weightedAverageShsOut": 112435000,
        "weightedAverageShsOutDil": 130119000,
        "link": "https://www.sec.gov/Archives/edgar/data/18349/000144530513001244/0001445305-13-001244-index.htm",
        "finalLink": "https://www.sec.gov/Archives/edgar/data/18349/000144530513001244/snv-03312013x10q.htm"
    },
    {
        "date": "2012-12-31",
        "symbol": "SNV",
        "reportedCurrency": "USD",
        "cik": "0000018349",
        "fillingDate": "2013-03-01",
        "acceptedDate": "2013-03-01 11:46:32",
        "calendarYear": "2012",
        "period": "Q4",
        "revenue": 315560000,
        "costOfRevenue": 179070000,
        "grossProfit": 136490000,
        "grossProfitRatio": 0.4325326404,
        "researchAndDevelopmentExpenses": 0,
        "generalAndAdministrativeExpenses": 111557000,
        "sellingAndMarketingExpenses": 0,
        "sellingGeneralAndAdministrativeExpenses": 111557000,
        "otherExpenses": 97233000,
        "operatingExpenses": 208790000,
        "costAndExpenses": 387860000,
        "interestIncome": 240000000,
        "interestExpense": 32544000,
        "depreciationAndAmortization": 17461000,
        "ebitda": -54839000,
        "ebitdaratio": -0.1737831157,
        "operatingIncome": -72300000,
        "operatingIncomeRatio": -0.2291164913,
        "totalOtherIncomeExpensesNet": 0,
        "incomeBeforeTax": -72300000,
        "incomeBeforeTaxRatio": -0.2291164913,
        "incomeTaxExpense": -796339000,
        "netIncome": 724039000,
        "netIncomeRatio": 2.2944574724,
        "eps": 6.37,
        "epsdiluted": 5.46,
        "weightedAverageShsOut": 112368000,
        "weightedAverageShsOutDil": 130179000,
        "link": "https://www.sec.gov/Archives/edgar/data/18349/000144530513000410/0001445305-13-000410-index.htm",
        "finalLink": "https://www.sec.gov/Archives/edgar/data/18349/000144530513000410/snv-12312012x10k.htm"
    },
    {
        "date": "2012-09-30",
        "symbol": "SNV",
        "reportedCurrency": "USD",
        "cik": "0000018349",
        "fillingDate": "2012-11-09",
        "acceptedDate": "2012-11-09 12:59:13",
        "calendarYear": "2012",
        "period": "Q3",
        "revenue": 315972000,
        "costOfRevenue": 98903000,
        "grossProfit": 217069000,
        "grossProfitRatio": 0.6869880876,
        "researchAndDevelopmentExpenses": 0,
        "generalAndAdministrativeExpenses": 102382000,
        "sellingAndMarketingExpenses": 0,
        "sellingGeneralAndAdministrativeExpenses": 102382000,
        "otherExpenses": 84173000,
        "operatingExpenses": 186555000,
        "costAndExpenses": 285458000,
        "interestIncome": 247676000,
        "interestExpense": 35331000,
        "depreciationAndAmortization": 18706000,
        "ebitda": 49220000,
        "ebitdaratio": 0.1557732964,
        "operatingIncome": 30514000,
        "operatingIncomeRatio": 0.0965718481,
        "totalOtherIncomeExpensesNet": 0,
        "incomeBeforeTax": 30514000,
        "incomeBeforeTaxRatio": 0.0965718481,
        "incomeTaxExpense": -211000,
        "netIncome": 30725000,
        "netIncomeRatio": 0.0972396288,
        "eps": 0.14,
        "epsdiluted": 0.14,
        "weightedAverageShsOut": 112368000,
        "weightedAverageShsOutDil": 130056000,
        "link": "https://www.sec.gov/Archives/edgar/data/18349/000144530512003605/0001445305-12-003605-index.htm",
        "finalLink": "https://www.sec.gov/Archives/edgar/data/18349/000144530512003605/snv-09302012x10q.htm"
    },
    {
        "date": "2012-06-30",
        "symbol": "SNV",
        "reportedCurrency": "USD",
        "cik": "0000018349",
        "fillingDate": "2012-08-09",
        "acceptedDate": "2012-08-09 12:15:50",
        "calendarYear": "2012",
        "period": "Q2",
        "revenue": 329610000,
        "costOfRevenue": 84675000,
        "grossProfit": 244935000,
        "grossProfitRatio": 0.7431054883,
        "researchAndDevelopmentExpenses": 0,
        "generalAndAdministrativeExpenses": 108475000,
        "sellingAndMarketingExpenses": 0,
        "sellingGeneralAndAdministrativeExpenses": 108475000,
        "otherExpenses": 99113000,
        "operatingExpenses": 207588000,
        "costAndExpenses": 292263000,
        "interestIncome": 253809000,
        "interestExpense": 40453000,
        "depreciationAndAmortization": 16351000,
        "ebitda": 53698000,
        "ebitdaratio": 0.1629137465,
        "operatingIncome": 37347000,
        "operatingIncomeRatio": 0.1133066351,
        "totalOtherIncomeExpensesNet": 0,
        "incomeBeforeTax": 37347000,
        "incomeBeforeTaxRatio": 0.1133066351,
        "incomeTaxExpense": -2105000,
        "netIncome": 39452000,
        "netIncomeRatio": 0.1196929705,
        "eps": 0.21,
        "epsdiluted": 0.21,
        "weightedAverageShsOut": 112368000,
        "weightedAverageShsOutDil": 129966000,
        "link": "https://www.sec.gov/Archives/edgar/data/18349/000144530512002570/0001445305-12-002570-index.htm",
        "finalLink": "https://www.sec.gov/Archives/edgar/data/18349/000144530512002570/snv-6302012x10q.htm"
    },
    {
        "date": "2012-03-31",
        "symbol": "SNV",
        "reportedCurrency": "USD",
        "cik": "0000018349",
        "fillingDate": "2012-05-10",
        "acceptedDate": "2012-05-10 11:46:31",
        "calendarYear": "2012",
        "period": "Q1",
        "revenue": 342855000,
        "costOfRevenue": 107744000,
        "grossProfit": 235111000,
        "grossProfitRatio": 0.6857447026,
        "researchAndDevelopmentExpenses": 0,
        "generalAndAdministrativeExpenses": 107285000,
        "sellingAndMarketingExpenses": 0,
        "sellingGeneralAndAdministrativeExpenses": 107285000,
        "otherExpenses": 91910000,
        "operatingExpenses": 199195000,
        "costAndExpenses": 306939000,
        "interestIncome": 262654000,
        "interestExpense": 41695000,
        "depreciationAndAmortization": 11883000,
        "ebitda": 47799000,
        "ebitdaratio": 0.1394146213,
        "operatingIncome": 35916000,
        "operatingIncomeRatio": 0.1047556547,
        "totalOtherIncomeExpensesNet": 0,
        "incomeBeforeTax": 35916000,
        "incomeBeforeTaxRatio": 0.1047556547,
        "incomeTaxExpense": -77000,
        "netIncome": 35993000,
        "netIncomeRatio": 0.1049802395,
        "eps": 0.19,
        "epsdiluted": 0.17,
        "weightedAverageShsOut": 112305000,
        "weightedAverageShsOutDil": 129855000,
        "link": "https://www.sec.gov/Archives/edgar/data/18349/000144530512001656/0001445305-12-001656-index.htm",
        "finalLink": "https://www.sec.gov/Archives/edgar/data/18349/000144530512001656/snv-3312012x10q.htm"
    },
    {
        "date": "2011-12-31",
        "symbol": "SNV",
        "reportedCurrency": "USD",
        "cik": "0000018349",
        "fillingDate": "2012-02-29",
        "acceptedDate": "2012-02-29 11:36:13",
        "calendarYear": "2011",
        "period": "Q4",
        "revenue": 346949000,
        "costOfRevenue": 100712000,
        "grossProfit": 246237000,
        "grossProfitRatio": 0.7097210253,
        "researchAndDevelopmentExpenses": 0,
        "generalAndAdministrativeExpenses": 115282000,
        "sellingAndMarketingExpenses": 0,
        "sellingGeneralAndAdministrativeExpenses": 115282000,
        "otherExpenses": 103977000,
        "operatingExpenses": 219259000,
        "costAndExpenses": 319971000,
        "interestIncome": 273303000,
        "interestExpense": 46147000,
        "depreciationAndAmortization": 12715000,
        "ebitda": 39693000,
        "ebitdaratio": 0.1144058637,
        "operatingIncome": 26978000,
        "operatingIncomeRatio": 0.0777578261,
        "totalOtherIncomeExpensesNet": 0,
        "incomeBeforeTax": 26978000,
        "incomeBeforeTaxRatio": 0.0777578261,
        "incomeTaxExpense": -378000,
        "netIncome": 27356000,
        "netIncomeRatio": 0.0788473234,
        "eps": 0.24,
        "epsdiluted": 0.24,
        "weightedAverageShsOut": 112184000,
        "weightedAverageShsOutDil": 112305000,
        "link": "https://www.sec.gov/Archives/edgar/data/18349/000144530512000519/0001445305-12-000519-index.htm",
        "finalLink": "https://www.sec.gov/Archives/edgar/data/18349/000144530512000519/snv-12312011x10k.htm"
    },
    {
        "date": "2011-09-30",
        "symbol": "SNV",
        "reportedCurrency": "USD",
        "cik": "0000018349",
        "fillingDate": "2011-11-09",
        "acceptedDate": "2011-11-09 16:49:30",
        "calendarYear": "2011",
        "period": "Q3",
        "revenue": 416133000,
        "costOfRevenue": 155692000,
        "grossProfit": 260441000,
        "grossProfitRatio": 0.6258600015,
        "researchAndDevelopmentExpenses": 0,
        "generalAndAdministrativeExpenses": 117671000,
        "sellingAndMarketingExpenses": 0,
        "sellingGeneralAndAdministrativeExpenses": 117671000,
        "otherExpenses": 105652000,
        "operatingExpenses": 223323000,
        "costAndExpenses": 379015000,
        "interestIncome": 281970000,
        "interestExpense": 53367000,
        "depreciationAndAmortization": 11499000,
        "ebitda": 48617000,
        "ebitdaratio": 0.1168304364,
        "operatingIncome": 37118000,
        "operatingIncomeRatio": 0.0891974441,
        "totalOtherIncomeExpensesNet": 0,
        "incomeBeforeTax": 37118000,
        "incomeBeforeTaxRatio": 0.0891974441,
        "incomeTaxExpense": 6910000,
        "netIncome": 30208000,
        "netIncomeRatio": 0.0725921761,
        "eps": 0.14,
        "epsdiluted": 0.14,
        "weightedAverageShsOut": 112183000,
        "weightedAverageShsOutDil": 130116000,
        "link": "https://www.sec.gov/Archives/edgar/data/18349/000119312511304695/0001193125-11-304695-index.htm",
        "finalLink": "https://www.sec.gov/Archives/edgar/data/18349/000119312511304695/d235107d10q.htm"
    },
    {
        "date": "2011-06-30",
        "symbol": "SNV",
        "reportedCurrency": "USD",
        "cik": "0000018349",
        "fillingDate": "2011-08-09",
        "acceptedDate": "2011-08-09 17:11:43",
        "calendarYear": "2011",
        "period": "Q2",
        "revenue": 356202000,
        "costOfRevenue": 177250000,
        "grossProfit": 178952000,
        "grossProfitRatio": 0.5023890938,
        "researchAndDevelopmentExpenses": 0,
        "generalAndAdministrativeExpenses": 116956000,
        "sellingAndMarketingExpenses": 0,
        "sellingGeneralAndAdministrativeExpenses": 116956000,
        "otherExpenses": 105760000,
        "operatingExpenses": 222716000,
        "costAndExpenses": 399966000,
        "interestIncome": 288052000,
        "interestExpense": 57091000,
        "depreciationAndAmortization": 11979000,
        "ebitda": -31785000,
        "ebitdaratio": -0.0892330756,
        "operatingIncome": -43764000,
        "operatingIncomeRatio": -0.1228628699,
        "totalOtherIncomeExpensesNet": 0,
        "incomeBeforeTax": -43764000,
        "incomeBeforeTaxRatio": -0.1228628699,
        "incomeTaxExpense": -4764000,
        "netIncome": -39000000,
        "netIncomeRatio": -0.1094884363,
        "eps": -0.49,
        "epsdiluted": -0.49,
        "weightedAverageShsOut": 112182000,
        "weightedAverageShsOutDil": 112182000,
        "link": "https://www.sec.gov/Archives/edgar/data/18349/000119312511216723/0001193125-11-216723-index.htm",
        "finalLink": "https://www.sec.gov/Archives/edgar/data/18349/000119312511216723/d10q.htm"
    },
    {
        "date": "2011-03-31",
        "symbol": "SNV",
        "reportedCurrency": "USD",
        "cik": "0000018349",
        "fillingDate": "2011-05-10",
        "acceptedDate": "2011-05-09 18:40:06",
        "calendarYear": "2011",
        "period": "Q1",
        "revenue": 362464000,
        "costOfRevenue": 202744000,
        "grossProfit": 159720000,
        "grossProfitRatio": 0.4406506577,
        "researchAndDevelopmentExpenses": 0,
        "generalAndAdministrativeExpenses": 116456000,
        "sellingAndMarketingExpenses": 0,
        "sellingGeneralAndAdministrativeExpenses": 116456000,
        "otherExpenses": 123128000,
        "operatingExpenses": 239584000,
        "costAndExpenses": 442328000,
        "interestIncome": 298432000,
        "interestExpense": 60998000,
        "depreciationAndAmortization": 11433000,
        "ebitda": -68431000,
        "ebitdaratio": -0.1887939216,
        "operatingIncome": -79864000,
        "operatingIncomeRatio": -0.2203363644,
        "totalOtherIncomeExpensesNet": 0,
        "incomeBeforeTax": -79864000,
        "incomeBeforeTaxRatio": -0.2203363644,
        "incomeTaxExpense": -456000,
        "netIncome": -79188000,
        "netIncomeRatio": -0.2184713516,
        "eps": -0.84,
        "epsdiluted": -0.84,
        "weightedAverageShsOut": 112177000,
        "weightedAverageShsOutDil": 112177000,
        "link": "https://www.sec.gov/Archives/edgar/data/18349/000119312511132733/0001193125-11-132733-index.htm",
        "finalLink": "https://www.sec.gov/Archives/edgar/data/18349/000119312511132733/d10q.htm"
    },
    {
        "date": "2010-12-31",
        "symbol": "SNV",
        "reportedCurrency": "USD",
        "cik": "0000018349",
        "fillingDate": "2011-03-01",
        "acceptedDate": "2011-03-01 16:11:19",
        "calendarYear": "2010",
        "period": "Q4",
        "revenue": 391948000,
        "costOfRevenue": 323992000,
        "grossProfit": 67956000,
        "grossProfitRatio": 0.1733801423,
        "researchAndDevelopmentExpenses": 0,
        "generalAndAdministrativeExpenses": 294895000,
        "sellingAndMarketingExpenses": 0,
        "sellingGeneralAndAdministrativeExpenses": 294895000,
        "otherExpenses": -67389000,
        "operatingExpenses": 227506000,
        "costAndExpenses": 551498000,
        "interestIncome": 313557000,
        "interestExpense": 71590000,
        "depreciationAndAmortization": 13639000,
        "ebitda": -145911000,
        "ebitdaratio": -0.3722713217,
        "operatingIncome": -159550000,
        "operatingIncomeRatio": -0.4070693051,
        "totalOtherIncomeExpensesNet": 0,
        "incomeBeforeTax": -159550000,
        "incomeBeforeTaxRatio": -0.4070693051,
        "incomeTaxExpense": 5883000,
        "netIncome": -165567000,
        "netIncomeRatio": -0.4224208313,
        "eps": -1.58,
        "epsdiluted": -1.58,
        "weightedAverageShsOut": 105030500,
        "weightedAverageShsOutDil": 105030500,
        "link": "https://www.sec.gov/Archives/edgar/data/18349/000119312511052077/0001193125-11-052077-index.htm",
        "finalLink": "https://www.sec.gov/Archives/edgar/data/18349/000119312511052077/d10k.htm"
    },
    {
        "date": "2010-09-30",
        "symbol": "SNV",
        "reportedCurrency": "USD",
        "cik": "0000018349",
        "fillingDate": "2010-11-05",
        "acceptedDate": "2010-11-05 17:23:05",
        "calendarYear": "2010",
        "period": "Q3",
        "revenue": 404733000,
        "costOfRevenue": 320050000,
        "grossProfit": 84683000,
        "grossProfitRatio": 0.2092317651,
        "researchAndDevelopmentExpenses": 0,
        "generalAndAdministrativeExpenses": 133228000,
        "sellingAndMarketingExpenses": 0,
        "sellingGeneralAndAdministrativeExpenses": 133228000,
        "otherExpenses": 132262000,
        "operatingExpenses": 265490000,
        "costAndExpenses": 585540000,
        "interestIncome": 326490000,
        "interestExpense": 81030000,
        "depreciationAndAmortization": 11010000,
        "ebitda": -169797000,
        "ebitdaratio": -0.4195284299,
        "operatingIncome": -180807000,
        "operatingIncomeRatio": -0.4467315489,
        "totalOtherIncomeExpensesNet": 0,
        "incomeBeforeTax": -180807000,
        "incomeBeforeTaxRatio": -0.4467315489,
        "incomeTaxExpense": 360000,
        "netIncome": -181444000,
        "netIncomeRatio": -0.448305426,
        "eps": -1.75,
        "epsdiluted": -1.75,
        "weightedAverageShsOut": 112131000,
        "weightedAverageShsOutDil": 112131000,
        "link": "https://www.sec.gov/Archives/edgar/data/18349/000119312510250301/0001193125-10-250301-index.htm",
        "finalLink": "https://www.sec.gov/Archives/edgar/data/18349/000119312510250301/d10q.htm"
    },
    {
        "date": "2010-06-30",
        "symbol": "SNV",
        "reportedCurrency": "USD",
        "cik": "0000018349",
        "fillingDate": "2010-08-09",
        "acceptedDate": "2010-08-09 15:46:53",
        "calendarYear": "2010",
        "period": "Q2",
        "revenue": 410451000,
        "costOfRevenue": 386604000,
        "grossProfit": 23847000,
        "grossProfitRatio": 0.0580995052,
        "researchAndDevelopmentExpenses": 0,
        "generalAndAdministrativeExpenses": 134222000,
        "sellingAndMarketingExpenses": 0,
        "sellingGeneralAndAdministrativeExpenses": 134222000,
        "otherExpenses": 123257000,
        "operatingExpenses": 257479000,
        "costAndExpenses": 644083000,
        "interestIncome": 337739000,
        "interestExpense": 87700000,
        "depreciationAndAmortization": 10594000,
        "ebitda": -223038000,
        "ebitdaratio": -0.5433973848,
        "operatingIncome": -233632000,
        "operatingIncomeRatio": -0.5692080175,
        "totalOtherIncomeExpensesNet": 0,
        "incomeBeforeTax": -233632000,
        "incomeBeforeTaxRatio": -0.5692080175,
        "incomeTaxExpense": -5057000,
        "netIncome": -228194000,
        "netIncomeRatio": -0.5559591766,
        "eps": -2.52,
        "epsdiluted": -2.52,
        "weightedAverageShsOut": 96679000,
        "weightedAverageShsOutDil": 96679000,
        "link": "https://www.sec.gov/Archives/edgar/data/18349/000119312510183262/0001193125-10-183262-index.htm",
        "finalLink": "https://www.sec.gov/Archives/edgar/data/18349/000119312510183262/d10q.htm"
    },
    {
        "date": "2010-03-31",
        "symbol": "SNV",
        "reportedCurrency": "USD",
        "cik": "0000018349",
        "fillingDate": "2010-05-10",
        "acceptedDate": "2010-05-10 14:58:16",
        "calendarYear": "2010",
        "period": "Q1",
        "revenue": 411594000,
        "costOfRevenue": 434876000,
        "grossProfit": -23282000,
        "grossProfitRatio": -0.0565654504,
        "researchAndDevelopmentExpenses": 0,
        "generalAndAdministrativeExpenses": 132351000,
        "sellingAndMarketingExpenses": 0,
        "sellingGeneralAndAdministrativeExpenses": 132351000,
        "otherExpenses": 119547000,
        "operatingExpenses": 251898000,
        "costAndExpenses": 686774000,
        "interestIncome": 342795000,
        "interestExpense": 93928000,
        "depreciationAndAmortization": 11178000,
        "ebitda": -264002000,
        "ebitdaratio": -0.641413626,
        "operatingIncome": -275180000,
        "operatingIncomeRatio": -0.6685714563,
        "totalOtherIncomeExpensesNet": 0,
        "incomeBeforeTax": -275180000,
        "incomeBeforeTaxRatio": -0.6685714563,
        "incomeTaxExpense": -16337000,
        "netIncome": -215473000,
        "netIncomeRatio": -0.5235086031,
        "eps": -3.29,
        "epsdiluted": -3.29,
        "weightedAverageShsOut": 69944000,
        "weightedAverageShsOutDil": 69944000,
        "link": "https://www.sec.gov/Archives/edgar/data/18349/000095012310047080/0000950123-10-047080-index.htm",
        "finalLink": "https://www.sec.gov/Archives/edgar/data/18349/000095012310047080/g23352e10vq.htm"
    },
    {
        "date": "2009-12-31",
        "symbol": "SNV",
        "reportedCurrency": "USD",
        "cik": "0000018349",
        "fillingDate": "2010-03-01",
        "acceptedDate": "2010-03-01 16:36:33",
        "calendarYear": "2009",
        "period": "Q4",
        "revenue": 484828000,
        "costOfRevenue": 492967000,
        "grossProfit": -8139000,
        "grossProfitRatio": -0.0167873968,
        "researchAndDevelopmentExpenses": 0,
        "generalAndAdministrativeExpenses": 163469000,
        "sellingAndMarketingExpenses": 0,
        "sellingGeneralAndAdministrativeExpenses": 163469000,
        "otherExpenses": 78551000,
        "operatingExpenses": 242020000,
        "costAndExpenses": 734987000,
        "interestIncome": 361684000,
        "interestExpense": 105853000,
        "depreciationAndAmortization": 3236000,
        "ebitda": -246923000,
        "ebitdaratio": -0.5093002054,
        "operatingIncome": -250159000,
        "operatingIncomeRatio": -0.5159747374,
        "totalOtherIncomeExpensesNet": 0,
        "incomeBeforeTax": -250159000,
        "incomeBeforeTaxRatio": -0.5159747374,
        "incomeTaxExpense": 22990000,
        "netIncome": -268558000,
        "netIncomeRatio": -0.5539242783,
        "eps": -3.86,
        "epsdiluted": -3.84,
        "weightedAverageShsOut": 69621000,
        "weightedAverageShsOutDil": 69944000,
        "link": "https://www.sec.gov/Archives/edgar/data/18349/000095012310019344/0000950123-10-019344-index.htm",
        "finalLink": "https://www.sec.gov/Archives/edgar/data/18349/000095012310019344/g22186e10vk.htm"
    },
    {
        "date": "2009-09-30",
        "symbol": "SNV",
        "reportedCurrency": "USD",
        "cik": "0000018349",
        "fillingDate": "2009-11-09",
        "acceptedDate": "2009-11-09 17:27:44",
        "calendarYear": "2009",
        "period": "Q3",
        "revenue": 469708000,
        "costOfRevenue": 618511000,
        "grossProfit": -148803000,
        "grossProfitRatio": -0.3167989474,
        "researchAndDevelopmentExpenses": 0,
        "generalAndAdministrativeExpenses": 131103000,
        "sellingAndMarketingExpenses": 0,
        "sellingGeneralAndAdministrativeExpenses": 131103000,
        "otherExpenses": 192570000,
        "operatingExpenses": 323673000,
        "costAndExpenses": 942184000,
        "interestIncome": 376620000,
        "interestExpense": 121989000,
        "depreciationAndAmortization": 4086000,
        "ebitda": -468390000,
        "ebitdaratio": -0.9971940014,
        "operatingIncome": -472476000,
        "operatingIncomeRatio": -1.0058930229,
        "totalOtherIncomeExpensesNet": 0,
        "incomeBeforeTax": -472476000,
        "incomeBeforeTaxRatio": -1.0058930229,
        "incomeTaxExpense": -31528000,
        "netIncome": -439547000,
        "netIncomeRatio": -0.935787766,
        "eps": -8.89,
        "epsdiluted": -8.6,
        "weightedAverageShsOut": 49232000,
        "weightedAverageShsOutDil": 49232000,
        "link": "https://www.sec.gov/Archives/edgar/data/18349/000095012309060346/0000950123-09-060346-index.htm",
        "finalLink": "https://www.sec.gov/Archives/edgar/data/18349/000095012309060346/g21159e10vq.htm"
    },
    {
        "date": "2009-06-30",
        "symbol": "SNV",
        "reportedCurrency": "USD",
        "cik": "0000018349",
        "fillingDate": "2009-08-10",
        "acceptedDate": "2009-08-10 17:12:01",
        "calendarYear": "2009",
        "period": "Q2",
        "revenue": 479603000,
        "costOfRevenue": 759409000,
        "grossProfit": -279806000,
        "grossProfitRatio": -0.5834116968,
        "researchAndDevelopmentExpenses": 0,
        "generalAndAdministrativeExpenses": 149735000,
        "sellingAndMarketingExpenses": 0,
        "sellingGeneralAndAdministrativeExpenses": 149735000,
        "otherExpenses": 236111000,
        "operatingExpenses": 385846000,
        "costAndExpenses": 1145255000,
        "interestIncome": 384491000,
        "interestExpense": 127883000,
        "depreciationAndAmortization": 19389000,
        "ebitda": -646263000,
        "ebitdaratio": -1.3474957413,
        "operatingIncome": -665652000,
        "operatingIncomeRatio": -1.3879229279,
        "totalOtherIncomeExpensesNet": 0,
        "incomeBeforeTax": -665652000,
        "incomeBeforeTaxRatio": -1.3879229279,
        "incomeTaxExpense": -80059000,
        "netIncome": -586930000,
        "netIncomeRatio": -1.2237830039,
        "eps": -12.74,
        "epsdiluted": -12.74,
        "weightedAverageShsOut": 47121000,
        "weightedAverageShsOutDil": 47121000,
        "link": "https://www.sec.gov/Archives/edgar/data/18349/000095012309033046/0000950123-09-033046-index.htm",
        "finalLink": "https://www.sec.gov/Archives/edgar/data/18349/000095012309033046/g20043e10vq.htm"
    },
    {
        "date": "2009-03-31",
        "symbol": "SNV",
        "reportedCurrency": "USD",
        "cik": "0000018349",
        "fillingDate": "2009-05-07",
        "acceptedDate": "2009-05-07 17:29:16",
        "calendarYear": "2009",
        "period": "Q1",
        "revenue": 470778000,
        "costOfRevenue": 433591000,
        "grossProfit": 37187000,
        "grossProfitRatio": 0.0789905221,
        "researchAndDevelopmentExpenses": 0,
        "generalAndAdministrativeExpenses": 135239000,
        "sellingAndMarketingExpenses": 0,
        "sellingGeneralAndAdministrativeExpenses": 135239000,
        "otherExpenses": 125800000,
        "operatingExpenses": 261039000,
        "costAndExpenses": 694630000,
        "interestIncome": 386393000,
        "interestExpense": 143154000,
        "depreciationAndAmortization": 10639000,
        "ebitda": -213213000,
        "ebitdaratio": -0.4528949951,
        "operatingIncome": -223852000,
        "operatingIncomeRatio": -0.4754937571,
        "totalOtherIncomeExpensesNet": 0,
        "incomeBeforeTax": -223852000,
        "incomeBeforeTaxRatio": -0.4754937571,
        "incomeTaxExpense": -85908000,
        "netIncome": -136672000,
        "netIncomeRatio": -0.2903109321,
        "eps": -3.22,
        "epsdiluted": -3.22,
        "weightedAverageShsOut": 47112000,
        "weightedAverageShsOutDil": 47112000,
        "link": "https://www.sec.gov/Archives/edgar/data/18349/000095014409004051/0000950144-09-004051-index.htm",
        "finalLink": "https://www.sec.gov/Archives/edgar/data/18349/000095014409004051/g18998e10vq.htm"
    },
    {
        "date": "2008-12-31",
        "symbol": "SNV",
        "reportedCurrency": "USD",
        "cik": "0000018349",
        "fillingDate": "2009-03-02",
        "acceptedDate": "2009-03-02 16:11:53",
        "calendarYear": "2008",
        "period": "Q4",
        "revenue": 503902000,
        "costOfRevenue": 546179000,
        "grossProfit": -42277000,
        "grossProfitRatio": -0.0838992503,
        "researchAndDevelopmentExpenses": 0,
        "generalAndAdministrativeExpenses": 155219000,
        "sellingAndMarketingExpenses": 0,
        "sellingGeneralAndAdministrativeExpenses": 155219000,
        "otherExpenses": 544350000,
        "operatingExpenses": 699569000,
        "costAndExpenses": 1245748000,
        "interestIncome": 440337000,
        "interestExpense": 182312000,
        "depreciationAndAmortization": 28144000,
        "ebitda": -713702000,
        "ebitdaratio": -1.4163507984,
        "operatingIncome": -741846000,
        "operatingIncomeRatio": -1.4722029283,
        "totalOtherIncomeExpensesNet": 0,
        "incomeBeforeTax": -741846000,
        "incomeBeforeTaxRatio": -1.4722029283,
        "incomeTaxExpense": -106436000,
        "netIncome": -635410000,
        "netIncomeRatio": -1.2609793174,
        "eps": -13.49,
        "epsdiluted": -13.49,
        "weightedAverageShsOut": 47099000,
        "weightedAverageShsOutDil": 47112000,
        "link": "https://www.sec.gov/Archives/edgar/data/18349/000095014409001774/0000950144-09-001774-index.htm",
        "finalLink": "https://www.sec.gov/Archives/edgar/data/18349/000095014409001774/g17805e10vk.htm"
    },
    {
        "date": "2008-09-30",
        "symbol": "SNV",
        "reportedCurrency": "USD",
        "cik": "0000018349",
        "fillingDate": "2008-11-10",
        "acceptedDate": "2008-11-10 16:34:26",
        "calendarYear": "2008",
        "period": "Q3",
        "revenue": 541450000,
        "costOfRevenue": 338776000,
        "grossProfit": 202674000,
        "grossProfitRatio": 0.3743171115,
        "researchAndDevelopmentExpenses": 0,
        "generalAndAdministrativeExpenses": 126842000,
        "sellingAndMarketingExpenses": 0,
        "sellingGeneralAndAdministrativeExpenses": 126842000,
        "otherExpenses": 135514000,
        "operatingExpenses": 262356000,
        "costAndExpenses": 601132000,
        "interestIncome": 455223000,
        "interestExpense": 187425000,
        "depreciationAndAmortization": 14756000,
        "ebitda": -44926000,
        "ebitdaratio": -0.0829734971,
        "operatingIncome": -59682000,
        "operatingIncomeRatio": -0.1102262443,
        "totalOtherIncomeExpensesNet": 0,
        "incomeBeforeTax": -59682000,
        "incomeBeforeTaxRatio": -0.1102262443,
        "incomeTaxExpense": -24211000,
        "netIncome": -40121000,
        "netIncomeRatio": -0.0740991781,
        "eps": -0.84,
        "epsdiluted": -0.84,
        "weightedAverageShsOut": 47063000,
        "weightedAverageShsOutDil": 47063000,
        "link": "https://www.sec.gov/Archives/edgar/data/18349/000095014408008398/0000950144-08-008398-index.htm",
        "finalLink": "https://www.sec.gov/Archives/edgar/data/18349/000095014408008398/g16525e10vq.htm"
    },
    {
        "date": "2008-06-30",
        "symbol": "SNV",
        "reportedCurrency": "USD",
        "cik": "0000018349",
        "fillingDate": "2008-08-08",
        "acceptedDate": "2008-08-08 15:47:11",
        "calendarYear": "2008",
        "period": "Q2",
        "revenue": 565838000,
        "costOfRevenue": 278335000,
        "grossProfit": 287503000,
        "grossProfitRatio": 0.5081012587,
        "researchAndDevelopmentExpenses": 0,
        "generalAndAdministrativeExpenses": 115848000,
        "sellingAndMarketingExpenses": 0,
        "sellingGeneralAndAdministrativeExpenses": 115848000,
        "otherExpenses": 150116000,
        "operatingExpenses": 265964000,
        "costAndExpenses": 544299000,
        "interestIncome": 458140000,
        "interestExpense": 184719000,
        "depreciationAndAmortization": 1065000,
        "ebitda": 22604000,
        "ebitdaratio": 0.0399478296,
        "operatingIncome": 21539000,
        "operatingIncomeRatio": 0.0380656654,
        "totalOtherIncomeExpensesNet": 0,
        "incomeBeforeTax": 21539000,
        "incomeBeforeTaxRatio": 0.0380656654,
        "incomeTaxExpense": 9302000,
        "netIncome": 12099000,
        "netIncomeRatio": 0.0213824452,
        "eps": 0.28,
        "epsdiluted": 0.28,
        "weightedAverageShsOut": 47025000,
        "weightedAverageShsOutDil": 47345000,
        "link": "https://www.sec.gov/Archives/edgar/data/18349/000095014408006246/0000950144-08-006246-index.htm",
        "finalLink": "https://www.sec.gov/Archives/edgar/data/18349/000095014408006246/g14598e10vq.htm"
    },
    {
        "date": "2008-03-31",
        "symbol": "SNV",
        "reportedCurrency": "USD",
        "cik": "0000018349",
        "fillingDate": "2008-05-12",
        "acceptedDate": "2008-05-12 15:52:25",
        "calendarYear": "2008",
        "period": "Q1",
        "revenue": 638910000,
        "costOfRevenue": 316281000,
        "grossProfit": 322629000,
        "grossProfitRatio": 0.5049678358,
        "researchAndDevelopmentExpenses": 0,
        "generalAndAdministrativeExpenses": 128209000,
        "sellingAndMarketingExpenses": 0,
        "sellingGeneralAndAdministrativeExpenses": 128209000,
        "otherExpenses": 68219000,
        "operatingExpenses": 196428000,
        "costAndExpenses": 512709000,
        "interestIncome": 503881000,
        "interestExpense": 225232000,
        "depreciationAndAmortization": 26650000,
        "ebitda": 152851000,
        "ebitdaratio": 0.2392371383,
        "operatingIncome": 126201000,
        "operatingIncomeRatio": 0.1975254731,
        "totalOtherIncomeExpensesNet": 0,
        "incomeBeforeTax": 126201000,
        "incomeBeforeTaxRatio": 0.1975254731,
        "incomeTaxExpense": 43648000,
        "netIncome": 80994000,
        "netIncomeRatio": 0.1267690285,
        "eps": 1.75,
        "epsdiluted": 1.68,
        "weightedAverageShsOut": 46996000,
        "weightedAverageShsOutDil": 47388000,
        "link": "https://www.sec.gov/Archives/edgar/data/18349/000095014408003994/0000950144-08-003994-index.htm",
        "finalLink": "https://www.sec.gov/Archives/edgar/data/18349/000095014408003994/g13365e10vq.htm"
    },
    {
        "date": "2007-12-31",
        "symbol": "SNV",
        "reportedCurrency": "USD",
        "cik": "0000018349",
        "fillingDate": "2008-02-29",
        "acceptedDate": "2008-02-29 15:46:55",
        "calendarYear": "2007",
        "period": "Q4",
        "revenue": -685354000,
        "costOfRevenue": 347814000,
        "grossProfit": -1033168000,
        "grossProfitRatio": 1.5074953965,
        "researchAndDevelopmentExpenses": 0,
        "generalAndAdministrativeExpenses": -322684000,
        "sellingAndMarketingExpenses": 0,
        "sellingGeneralAndAdministrativeExpenses": -322684000,
        "otherExpenses": -538421000,
        "operatingExpenses": -861105000,
        "costAndExpenses": -513291000,
        "interestIncome": 553787000,
        "interestExpense": 277172000,
        "depreciationAndAmortization": 62809000,
        "ebitda": -109254000,
        "ebitdaratio": 0.159412508,
        "operatingIncome": -172063000,
        "operatingIncomeRatio": 0.2510571179,
        "totalOtherIncomeExpensesNet": 0,
        "incomeBeforeTax": -172063000,
        "incomeBeforeTaxRatio": 0.2510571179,
        "incomeTaxExpense": -74752000,
        "netIncome": 81859000,
        "netIncomeRatio": -0.1194404643,
        "eps": 1.74,
        "epsdiluted": 1.74,
        "weightedAverageShsOut": 46867000,
        "weightedAverageShsOutDil": 46996000,
        "link": "https://www.sec.gov/Archives/edgar/data/18349/000095014408001539/0000950144-08-001539-index.htm",
        "finalLink": "https://www.sec.gov/Archives/edgar/data/18349/000095014408001539/g11895e10vk.htm"
    },
    {
        "date": "2007-09-30",
        "symbol": "SNV",
        "reportedCurrency": "USD",
        "cik": "0000018349",
        "fillingDate": "2007-11-13",
        "acceptedDate": "2007-11-13 17:03:49",
        "calendarYear": "2007",
        "period": "Q3",
        "revenue": 678420000,
        "costOfRevenue": 340157000,
        "grossProfit": 338263000,
        "grossProfitRatio": 0.4986041095,
        "researchAndDevelopmentExpenses": 0,
        "generalAndAdministrativeExpenses": 115941000,
        "sellingAndMarketingExpenses": 0,
        "sellingGeneralAndAdministrativeExpenses": 115941000,
        "otherExpenses": 96484000,
        "operatingExpenses": 212425000,
        "costAndExpenses": 552582000,
        "interestIncome": 572226000,
        "interestExpense": 281387000,
        "depreciationAndAmortization": 56056000,
        "ebitda": 181894000,
        "ebitdaratio": 0.2681141476,
        "operatingIncome": 125838000,
        "operatingIncomeRatio": 0.1854868665,
        "totalOtherIncomeExpensesNet": 0,
        "incomeBeforeTax": 125838000,
        "incomeBeforeTaxRatio": 0.1854868665,
        "incomeTaxExpense": 42261000,
        "netIncome": 134943000,
        "netIncomeRatio": 0.1989077563,
        "eps": 2.87,
        "epsdiluted": 2.87,
        "weightedAverageShsOut": 46745000,
        "weightedAverageShsOutDil": 47166000,
        "link": "https://www.sec.gov/Archives/edgar/data/18349/000095014407010350/0000950144-07-010350-index.htm",
        "finalLink": "https://www.sec.gov/Archives/edgar/data/18349/000095014407010350/g10484e10vq.htm"
    },
    {
        "date": "2007-06-30",
        "symbol": "SNV",
        "reportedCurrency": "USD",
        "cik": "0000018349",
        "fillingDate": "2007-08-09",
        "acceptedDate": "2007-08-09 10:29:10",
        "calendarYear": "2007",
        "period": "Q2",
        "revenue": 660822000,
        "costOfRevenue": 296298000,
        "grossProfit": 364524000,
        "grossProfitRatio": 0.5516220707,
        "researchAndDevelopmentExpenses": 0,
        "generalAndAdministrativeExpenses": 115822000,
        "sellingAndMarketingExpenses": 0,
        "sellingGeneralAndAdministrativeExpenses": 115822000,
        "otherExpenses": 81838000,
        "operatingExpenses": 197660000,
        "costAndExpenses": 493958000,
        "interestIncome": 564492000,
        "interestExpense": 276017000,
        "depreciationAndAmortization": 41378000,
        "ebitda": 208242000,
        "ebitdaratio": 0.3151257071,
        "operatingIncome": 166864000,
        "operatingIncomeRatio": 0.252509753,
        "totalOtherIncomeExpensesNet": 0,
        "incomeBeforeTax": 166864000,
        "incomeBeforeTaxRatio": 0.252509753,
        "incomeTaxExpense": 61055000,
        "netIncome": 162750000,
        "netIncomeRatio": 0.2462841733,
        "eps": 3.5,
        "epsdiluted": 3.43,
        "weightedAverageShsOut": 46630000,
        "weightedAverageShsOutDil": 47180000,
        "link": "https://www.sec.gov/Archives/edgar/data/18349/000095014407007549/0000950144-07-007549-index.htm",
        "finalLink": "https://www.sec.gov/Archives/edgar/data/18349/000095014407007549/g08832e10vq.htm"
    },
    {
        "date": "2007-03-31",
        "symbol": "SNV",
        "reportedCurrency": "USD",
        "cik": "0000018349",
        "fillingDate": "2007-05-10",
        "acceptedDate": "2007-05-10 13:03:10",
        "calendarYear": "2007",
        "period": "Q1",
        "revenue": 1061958000,
        "costOfRevenue": 282152000,
        "grossProfit": 779806000,
        "grossProfitRatio": 0.7343096431,
        "researchAndDevelopmentExpenses": 0,
        "generalAndAdministrativeExpenses": 254953000,
        "sellingAndMarketingExpenses": 0,
        "sellingGeneralAndAdministrativeExpenses": 254953000,
        "otherExpenses": 288476000,
        "operatingExpenses": 543429000,
        "costAndExpenses": 825581000,
        "interestIncome": 547899000,
        "interestExpense": 261637000,
        "depreciationAndAmortization": 48027000,
        "ebitda": 284404000,
        "ebitdaratio": 0.267810968,
        "operatingIncome": 236377000,
        "operatingIncomeRatio": 0.2225860156,
        "totalOtherIncomeExpensesNet": 0,
        "incomeBeforeTax": 236377000,
        "incomeBeforeTaxRatio": 0.2225860156,
        "incomeTaxExpense": 89624000,
        "netIncome": 146753000,
        "netIncomeRatio": 0.1381909642,
        "eps": 3.15,
        "epsdiluted": 3.15,
        "weightedAverageShsOut": 46527000,
        "weightedAverageShsOutDil": 47082000,
        "link": "https://www.sec.gov/Archives/edgar/data/18349/000095014407004570/0000950144-07-004570-index.htm",
        "finalLink": "https://www.sec.gov/Archives/edgar/data/18349/000095014407004570/g07292e10vq.htm"
    },
    {
        "date": "2006-12-31",
        "symbol": "SNV",
        "reportedCurrency": "USD",
        "cik": "0000018349",
        "fillingDate": "2007-03-01",
        "acceptedDate": "2007-03-01 12:14:23",
        "calendarYear": "2006",
        "period": "Q4",
        "revenue": 1144893000,
        "costOfRevenue": 272673000,
        "grossProfit": 872220000,
        "grossProfitRatio": 0.7618353855,
        "researchAndDevelopmentExpenses": 0,
        "generalAndAdministrativeExpenses": 256690000,
        "sellingAndMarketingExpenses": 0,
        "sellingGeneralAndAdministrativeExpenses": 256690000,
        "otherExpenses": 332910000,
        "operatingExpenses": 589600000,
        "costAndExpenses": 862273000,
        "interestIncome": 545630000,
        "interestExpense": 253998000,
        "depreciationAndAmortization": 61972000,
        "ebitda": 344592000,
        "ebitdaratio": 0.3009818385,
        "operatingIncome": 282620000,
        "operatingIncomeRatio": 0.2468527627,
        "totalOtherIncomeExpensesNet": 0,
        "incomeBeforeTax": 282620000,
        "incomeBeforeTaxRatio": 0.2468527627,
        "incomeTaxExpense": 107073000,
        "netIncome": 175547000,
        "netIncomeRatio": 0.1533304859,
        "eps": 3.77,
        "epsdiluted": 3.77,
        "weightedAverageShsOut": 46396000,
        "weightedAverageShsOutDil": 46527000,
        "link": "https://www.sec.gov/Archives/edgar/data/18349/000095014407001763/0000950144-07-001763-index.htm",
        "finalLink": "https://www.sec.gov/Archives/edgar/data/18349/000095014407001763/g05203e10vk.htm"
    },
    {
        "date": "2006-09-30",
        "symbol": "SNV",
        "reportedCurrency": "USD",
        "cik": "0000018349",
        "fillingDate": "2006-11-09",
        "acceptedDate": "2006-11-09 14:40:42",
        "calendarYear": "2006",
        "period": "Q3",
        "revenue": 1061568000,
        "costOfRevenue": 259417000,
        "grossProfit": 802151000,
        "grossProfitRatio": 0.7556284666,
        "researchAndDevelopmentExpenses": 0,
        "generalAndAdministrativeExpenses": 256220000,
        "sellingAndMarketingExpenses": 0,
        "sellingGeneralAndAdministrativeExpenses": 256220000,
        "otherExpenses": 309091000,
        "operatingExpenses": 565311000,
        "costAndExpenses": 824728000,
        "interestIncome": 533629000,
        "interestExpense": 241027000,
        "depreciationAndAmortization": 71346000,
        "ebitda": 308186000,
        "ebitdaratio": 0.2903120667,
        "operatingIncome": 236840000,
        "operatingIncomeRatio": 0.2231039368,
        "totalOtherIncomeExpensesNet": 0,
        "incomeBeforeTax": 236840000,
        "incomeBeforeTaxRatio": 0.2231039368,
        "incomeTaxExpense": 82774000,
        "netIncome": 154066000,
        "netIncomeRatio": 0.1451305993,
        "eps": 3.36,
        "epsdiluted": 3.29,
        "weightedAverageShsOut": 46237000,
        "weightedAverageShsOutDil": 46691000,
        "link": "https://www.sec.gov/Archives/edgar/data/18349/000095014406010601/0000950144-06-010601-index.htm",
        "finalLink": "https://www.sec.gov/Archives/edgar/data/18349/000095014406010601/g04160e10vq.htm"
    },
    {
        "date": "2006-06-30",
        "symbol": "SNV",
        "reportedCurrency": "USD",
        "cik": "0000018349",
        "fillingDate": "2006-08-09",
        "acceptedDate": "2006-08-09 14:55:20",
        "calendarYear": "2006",
        "period": "Q2",
        "revenue": 1015466000,
        "costOfRevenue": 229044000,
        "grossProfit": 786422000,
        "grossProfitRatio": 0.7744444423,
        "researchAndDevelopmentExpenses": 0,
        "generalAndAdministrativeExpenses": 233847000,
        "sellingAndMarketingExpenses": 0,
        "sellingGeneralAndAdministrativeExpenses": 233847000,
        "otherExpenses": 309732000,
        "operatingExpenses": 543579000,
        "costAndExpenses": 772623000,
        "interestIncome": 497713000,
        "interestExpense": 210510000,
        "depreciationAndAmortization": 49902000,
        "ebitda": 292745000,
        "ebitdaratio": 0.2882863631,
        "operatingIncome": 242843000,
        "operatingIncomeRatio": 0.2391443928,
        "totalOtherIncomeExpensesNet": 0,
        "incomeBeforeTax": 242843000,
        "incomeBeforeTaxRatio": 0.2391443928,
        "incomeTaxExpense": 90046000,
        "netIncome": 152797000,
        "netIncomeRatio": 0.1504698336,
        "eps": 3.29,
        "epsdiluted": 3.29,
        "weightedAverageShsOut": 46112000,
        "weightedAverageShsOutDil": 46489000,
        "link": "https://www.sec.gov/Archives/edgar/data/18349/000095014406007642/0000950144-06-007642-index.htm",
        "finalLink": "https://www.sec.gov/Archives/edgar/data/18349/000095014406007642/g02760e10vq.htm"
    },
    {
        "date": "2006-03-31",
        "symbol": "SNV",
        "reportedCurrency": "USD",
        "cik": "0000018349",
        "fillingDate": "2006-05-10",
        "acceptedDate": "2006-05-10 16:49:59",
        "calendarYear": "2006",
        "period": "Q1",
        "revenue": 931368000,
        "costOfRevenue": 196606000,
        "grossProfit": 734762000,
        "grossProfitRatio": 0.7889062111,
        "researchAndDevelopmentExpenses": 0,
        "generalAndAdministrativeExpenses": 227758000,
        "sellingAndMarketingExpenses": 0,
        "sellingGeneralAndAdministrativeExpenses": 227758000,
        "otherExpenses": 295776000,
        "operatingExpenses": 523534000,
        "costAndExpenses": 720140000,
        "interestIncome": 439493000,
        "interestExpense": 177057000,
        "depreciationAndAmortization": 48068000,
        "ebitda": 259296000,
        "ebitdaratio": 0.2784033808,
        "operatingIncome": 211228000,
        "operatingIncomeRatio": 0.2267932761,
        "totalOtherIncomeExpensesNet": 0,
        "incomeBeforeTax": 211228000,
        "incomeBeforeTaxRatio": 0.2267932761,
        "incomeTaxExpense": 76722000,
        "netIncome": 134506000,
        "netIncomeRatio": 0.1444176738,
        "eps": 3.01,
        "epsdiluted": 3.01,
        "weightedAverageShsOut": 44806000,
        "weightedAverageShsOutDil": 45173000,
        "link": "https://www.sec.gov/Archives/edgar/data/18349/000095014406004823/0000950144-06-004823-index.htm",
        "finalLink": "https://www.sec.gov/Archives/edgar/data/18349/000095014406004823/g01263e10vq.htm"
    },
    {
        "date": "2005-12-31",
        "symbol": "SNV",
        "reportedCurrency": "USD",
        "cik": "0000018349",
        "fillingDate": "2006-03-07",
        "acceptedDate": "2006-03-07 10:23:13",
        "calendarYear": "2005",
        "period": "Q4",
        "revenue": 921033000,
        "costOfRevenue": 180024000,
        "grossProfit": 741009000,
        "grossProfitRatio": 0.8045412054,
        "researchAndDevelopmentExpenses": 0,
        "generalAndAdministrativeExpenses": 224251000,
        "sellingAndMarketingExpenses": 0,
        "sellingGeneralAndAdministrativeExpenses": 224251000,
        "otherExpenses": 298449000,
        "operatingExpenses": 522700000,
        "costAndExpenses": 702724000,
        "interestIncome": 419332000,
        "interestExpense": 159237000,
        "depreciationAndAmortization": 53638000,
        "ebitda": 271947000,
        "ebitdaratio": 0.2952630362,
        "operatingIncome": 218309000,
        "operatingIncomeRatio": 0.237026252,
        "totalOtherIncomeExpensesNet": 0,
        "incomeBeforeTax": 218309000,
        "incomeBeforeTaxRatio": 0.237026252,
        "incomeTaxExpense": 81049000,
        "netIncome": 137260000,
        "netIncomeRatio": 0.1490283193,
        "eps": 3.06,
        "epsdiluted": 3.06,
        "weightedAverageShsOut": 44624000,
        "weightedAverageShsOutDil": 44806000,
        "link": "https://www.sec.gov/Archives/edgar/data/18349/000095014406001866/0000950144-06-001866-index.htm",
        "finalLink": "https://www.sec.gov/Archives/edgar/data/18349/000095014406001866/g99901e10vk.htm"
    },
    {
        "date": "2005-09-30",
        "symbol": "SNV",
        "reportedCurrency": "USD",
        "cik": "0000018349",
        "fillingDate": "2005-11-04",
        "acceptedDate": "2005-11-04 17:27:19",
        "calendarYear": "2005",
        "period": "Q3",
        "revenue": 891788000,
        "costOfRevenue": 161226000,
        "grossProfit": 730562000,
        "grossProfitRatio": 0.8192103953,
        "researchAndDevelopmentExpenses": 0,
        "generalAndAdministrativeExpenses": 213695000,
        "sellingAndMarketingExpenses": 0,
        "sellingGeneralAndAdministrativeExpenses": 213695000,
        "otherExpenses": 301022000,
        "operatingExpenses": 514717000,
        "costAndExpenses": 675943000,
        "interestIncome": 386412000,
        "interestExpense": 141587000,
        "depreciationAndAmortization": 47196000,
        "ebitda": 263041000,
        "ebitdaratio": 0.2949591158,
        "operatingIncome": 215845000,
        "operatingIncomeRatio": 0.2420362239,
        "totalOtherIncomeExpensesNet": 0,
        "incomeBeforeTax": 215845000,
        "incomeBeforeTaxRatio": 0.2420362239,
        "incomeTaxExpense": 81853000,
        "netIncome": 133992000,
        "netIncomeRatio": 0.1502509565,
        "eps": 3.01,
        "epsdiluted": 3.01,
        "weightedAverageShsOut": 44549000,
        "weightedAverageShsOutDil": 45048000,
        "link": "https://www.sec.gov/Archives/edgar/data/18349/000095014405011169/0000950144-05-011169-index.htm",
        "finalLink": "https://www.sec.gov/Archives/edgar/data/18349/000095014405011169/g98089e10vq.htm"
    },
    {
        "date": "2005-06-30",
        "symbol": "SNV",
        "reportedCurrency": "USD",
        "cik": "0000018349",
        "fillingDate": "2005-08-08",
        "acceptedDate": "2005-08-08 17:25:42",
        "calendarYear": "2005",
        "period": "Q2",
        "revenue": 845467000,
        "costOfRevenue": 144933000,
        "grossProfit": 700534000,
        "grossProfitRatio": 0.8285763962,
        "researchAndDevelopmentExpenses": 0,
        "generalAndAdministrativeExpenses": 208596000,
        "sellingAndMarketingExpenses": 0,
        "sellingGeneralAndAdministrativeExpenses": 208596000,
        "otherExpenses": 287687000,
        "operatingExpenses": 496283000,
        "costAndExpenses": 641216000,
        "interestIncome": 359175000,
        "interestExpense": 122110000,
        "depreciationAndAmortization": 48531000,
        "ebitda": 252782000,
        "ebitdaratio": 0.298985058,
        "operatingIncome": 204251000,
        "operatingIncomeRatio": 0.2415836455,
        "totalOtherIncomeExpensesNet": 0,
        "incomeBeforeTax": 204251000,
        "incomeBeforeTaxRatio": 0.2415836455,
        "incomeTaxExpense": 75791000,
        "netIncome": 128460000,
        "netIncomeRatio": 0.1519396972,
        "eps": 2.87,
        "epsdiluted": 2.87,
        "weightedAverageShsOut": 44451000,
        "weightedAverageShsOutDil": 44956000,
        "link": "https://www.sec.gov/Archives/edgar/data/18349/000095014405008390/0000950144-05-008390-index.htm",
        "finalLink": "https://www.sec.gov/Archives/edgar/data/18349/000095014405008390/g96737e10vq.htm"
    },
    {
        "date": "2005-03-31",
        "symbol": "SNV",
        "reportedCurrency": "USD",
        "cik": "0000018349",
        "fillingDate": "2005-05-10",
        "acceptedDate": "2005-05-10 16:04:44",
        "calendarYear": "2005",
        "period": "Q1",
        "revenue": 756416000,
        "costOfRevenue": 123727000,
        "grossProfit": 632689000,
        "grossProfitRatio": 0.8364299539,
        "researchAndDevelopmentExpenses": 0,
        "generalAndAdministrativeExpenses": 189829000,
        "sellingAndMarketingExpenses": 0,
        "sellingGeneralAndAdministrativeExpenses": 189829000,
        "otherExpenses": 257243000,
        "operatingExpenses": 447072000,
        "costAndExpenses": 570799000,
        "interestIncome": 331306000,
        "interestExpense": 104444000,
        "depreciationAndAmortization": 43727000,
        "ebitda": 229344000,
        "ebitdaratio": 0.3031982401,
        "operatingIncome": 185617000,
        "operatingIncomeRatio": 0.2453901028,
        "totalOtherIncomeExpensesNet": 0,
        "incomeBeforeTax": 185617000,
        "incomeBeforeTaxRatio": 0.2453901028,
        "incomeTaxExpense": 68883000,
        "netIncome": 116734000,
        "netIncomeRatio": 0.1543251333,
        "eps": 2.66,
        "epsdiluted": 2.59,
        "weightedAverageShsOut": 44375000,
        "weightedAverageShsOutDil": 44843000,
        "link": "https://www.sec.gov/Archives/edgar/data/18349/000095014405005246/0000950144-05-005246-index.htm",
        "finalLink": "https://www.sec.gov/Archives/edgar/data/18349/000095014405005246/g95153e10vq.htm"
    },
    {
        "date": "2004-12-31",
        "symbol": "SNV",
        "reportedCurrency": "USD",
        "cik": "0000018349",
        "fillingDate": "2005-03-10",
        "acceptedDate": "2005-03-10 15:46:53",
        "calendarYear": "2004",
        "period": "Q4",
        "revenue": 471115000,
        "costOfRevenue": 109135000,
        "grossProfit": 361980000,
        "grossProfitRatio": 0.7683474311,
        "researchAndDevelopmentExpenses": 0,
        "generalAndAdministrativeExpenses": 175369000,
        "sellingAndMarketingExpenses": 0,
        "sellingGeneralAndAdministrativeExpenses": 175369000,
        "otherExpenses": 1322000,
        "operatingExpenses": 176691000,
        "costAndExpenses": 285826000,
        "interestIncome": 312316000,
        "interestExpense": 88280000,
        "depreciationAndAmortization": 100613000,
        "ebitda": 285902000,
        "ebitdaratio": 0.6068624434,
        "operatingIncome": 185289000,
        "operatingIncomeRatio": 0.3932988761,
        "totalOtherIncomeExpensesNet": 0,
        "incomeBeforeTax": 185289000,
        "incomeBeforeTaxRatio": 0.3932988761,
        "incomeTaxExpense": 66567000,
        "netIncome": 118722000,
        "netIncomeRatio": 0.2520021651,
        "eps": 2.68,
        "epsdiluted": 2.68,
        "weightedAverageShsOut": 44249000,
        "weightedAverageShsOutDil": 44375000,
        "link": "https://www.sec.gov/Archives/edgar/data/18349/000095014405002333/0000950144-05-002333-index.htm",
        "finalLink": "https://www.sec.gov/Archives/edgar/data/18349/000095014405002333/x93014e10vk.htm"
    },
    {
        "date": "2004-09-30",
        "symbol": "SNV",
        "reportedCurrency": "USD",
        "cik": "0000018349",
        "fillingDate": "2004-11-09",
        "acceptedDate": "2004-11-09 15:38:37",
        "calendarYear": "2004",
        "period": "Q3",
        "revenue": 684038000,
        "costOfRevenue": 97505000,
        "grossProfit": 586533000,
        "grossProfitRatio": 0.8574567495,
        "researchAndDevelopmentExpenses": 0,
        "generalAndAdministrativeExpenses": 194624000,
        "sellingAndMarketingExpenses": 0,
        "sellingGeneralAndAdministrativeExpenses": 194624000,
        "otherExpenses": 218560000,
        "operatingExpenses": 413184000,
        "costAndExpenses": 510689000,
        "interestIncome": 299747000,
        "interestExpense": 76313000,
        "depreciationAndAmortization": -15479000,
        "ebitda": 157870000,
        "ebitdaratio": 0.2307912718,
        "operatingIncome": 173349000,
        "operatingIncomeRatio": 0.2534201316,
        "totalOtherIncomeExpensesNet": 0,
        "incomeBeforeTax": 173349000,
        "incomeBeforeTaxRatio": 0.2534201316,
        "incomeTaxExpense": 64341000,
        "netIncome": 109008000,
        "netIncomeRatio": 0.1593595677,
        "eps": 2.45,
        "epsdiluted": 2.45,
        "weightedAverageShsOut": 44207000,
        "weightedAverageShsOutDil": 44620000,
        "link": "https://www.sec.gov/Archives/edgar/data/18349/000001834904000144/0000018349-04-000144-index.htm",
        "finalLink": "https://www.sec.gov/Archives/edgar/data/18349/000001834904000144/body.txt"
    },
    {
        "date": "2004-06-30",
        "symbol": "SNV",
        "reportedCurrency": "USD",
        "cik": "0000018349",
        "fillingDate": "2004-08-06",
        "acceptedDate": "2004-08-06 16:53:55",
        "calendarYear": "2004",
        "period": "Q2",
        "revenue": 648558000,
        "costOfRevenue": 84352000,
        "grossProfit": 564206000,
        "grossProfitRatio": 0.8699391573,
        "researchAndDevelopmentExpenses": 0,
        "generalAndAdministrativeExpenses": 174955000,
        "sellingAndMarketingExpenses": 0,
        "sellingGeneralAndAdministrativeExpenses": 174955000,
        "otherExpenses": 223149000,
        "operatingExpenses": 398104000,
        "costAndExpenses": 482456000,
        "interestIncome": 277266000,
        "interestExpense": 66804000,
        "depreciationAndAmortization": 45059000,
        "ebitda": 211161000,
        "ebitdaratio": 0.3255853756,
        "operatingIncome": 166102000,
        "operatingIncomeRatio": 0.256109708,
        "totalOtherIncomeExpensesNet": 0,
        "incomeBeforeTax": 166102000,
        "incomeBeforeTaxRatio": 0.256109708,
        "incomeTaxExpense": 60961000,
        "netIncome": 105141000,
        "netIncomeRatio": 0.1621150306,
        "eps": 2.38,
        "epsdiluted": 2.38,
        "weightedAverageShsOut": 43740000,
        "weightedAverageShsOutDil": 44122000,
        "link": "https://www.sec.gov/Archives/edgar/data/18349/000001834904000117/0000018349-04-000117-index.htm",
        "finalLink": "https://www.sec.gov/Archives/edgar/data/18349/000001834904000117/filing.txt"
    },
    {
        "date": "2004-03-31",
        "symbol": "SNV",
        "reportedCurrency": "USD",
        "cik": "0000018349",
        "fillingDate": "2004-05-07",
        "acceptedDate": "2004-05-06 17:58:05",
        "calendarYear": "2004",
        "period": "Q1",
        "revenue": 646781000,
        "costOfRevenue": 82668000,
        "grossProfit": 564113000,
        "grossProfitRatio": 0.8721854847,
        "researchAndDevelopmentExpenses": 0,
        "generalAndAdministrativeExpenses": 186631000,
        "sellingAndMarketingExpenses": 0,
        "sellingGeneralAndAdministrativeExpenses": 186631000,
        "otherExpenses": 212941000,
        "operatingExpenses": 399572000,
        "costAndExpenses": 482240000,
        "interestIncome": 269691000,
        "interestExpense": 66944000,
        "depreciationAndAmortization": 30869000,
        "ebitda": 195410000,
        "ebitdaratio": 0.3021269951,
        "operatingIncome": 164541000,
        "operatingIncomeRatio": 0.2543998664,
        "totalOtherIncomeExpensesNet": 0,
        "incomeBeforeTax": 164541000,
        "incomeBeforeTaxRatio": 0.2543998664,
        "incomeTaxExpense": 60379000,
        "netIncome": 104162000,
        "netIncomeRatio": 0.161046784,
        "eps": 2.38,
        "epsdiluted": 2.38,
        "weightedAverageShsOut": 43378000,
        "weightedAverageShsOutDil": 43830000,
        "link": "https://www.sec.gov/Archives/edgar/data/18349/000001834904000086/0000018349-04-000086-index.htm",
        "finalLink": "https://www.sec.gov/Archives/edgar/data/18349/000001834904000086/verbage.txt"
    },
    {
        "date": "2003-12-31",
        "symbol": "SNV",
        "reportedCurrency": "USD",
        "cik": "0000018349",
        "fillingDate": "2004-03-09",
        "acceptedDate": "2004-03-09 14:55:47",
        "calendarYear": "2003",
        "period": "Q4",
        "revenue": 395170000,
        "costOfRevenue": 87114000,
        "grossProfit": 308056000,
        "grossProfitRatio": 0.7795531037,
        "researchAndDevelopmentExpenses": 0,
        "generalAndAdministrativeExpenses": 167157000,
        "sellingAndMarketingExpenses": 0,
        "sellingGeneralAndAdministrativeExpenses": 167157000,
        "otherExpenses": -20013000,
        "operatingExpenses": 147144000,
        "costAndExpenses": 234258000,
        "interestIncome": 264745000,
        "interestExpense": 67314000,
        "depreciationAndAmortization": 21629000,
        "ebitda": 182541000,
        "ebitdaratio": 0.4619303085,
        "operatingIncome": 160912000,
        "operatingIncomeRatio": 0.4071969026,
        "totalOtherIncomeExpensesNet": 0,
        "incomeBeforeTax": 160912000,
        "incomeBeforeTaxRatio": 0.4071969026,
        "incomeTaxExpense": 58273000,
        "netIncome": 102639000,
        "netIncomeRatio": 0.2597337855,
        "eps": 2.37,
        "epsdiluted": 2.37,
        "weightedAverageShsOut": 43120000,
        "weightedAverageShsOutDil": 43378000,
        "link": "https://www.sec.gov/Archives/edgar/data/18349/000001834904000079/0000018349-04-000079-index.htm",
        "finalLink": "https://www.sec.gov/Archives/edgar/data/18349/000001834904000079/mainfile.txt"
    },
    {
        "date": "2003-09-30",
        "symbol": "SNV",
        "reportedCurrency": "USD",
        "cik": "0000018349",
        "fillingDate": "2003-11-14",
        "acceptedDate": "2003-11-14 10:01:25",
        "calendarYear": "2003",
        "period": "Q3",
        "revenue": 613433000,
        "costOfRevenue": 88243000,
        "grossProfit": 525190000,
        "grossProfitRatio": 0.8561489193,
        "researchAndDevelopmentExpenses": 0,
        "generalAndAdministrativeExpenses": 171525000,
        "sellingAndMarketingExpenses": 0,
        "sellingGeneralAndAdministrativeExpenses": 171525000,
        "otherExpenses": 195943000,
        "operatingExpenses": 367468000,
        "costAndExpenses": 455711000,
        "interestIncome": 266248000,
        "interestExpense": 73135000,
        "depreciationAndAmortization": 33311000,
        "ebitda": 191033000,
        "ebitdaratio": 0.3114162427,
        "operatingIncome": 157722000,
        "operatingIncomeRatio": 0.2571136538,
        "totalOtherIncomeExpensesNet": 0,
        "incomeBeforeTax": 157722000,
        "incomeBeforeTaxRatio": 0.2571136538,
        "incomeTaxExpense": 57722000,
        "netIncome": 100000000,
        "netIncomeRatio": 0.163016988,
        "eps": 2.31,
        "epsdiluted": 2.31,
        "weightedAverageShsOut": 43052000,
        "weightedAverageShsOutDil": 43502000,
        "link": "https://www.sec.gov/Archives/edgar/data/18349/000001834903000093/0000018349-03-000093-index.htm",
        "finalLink": "https://www.sec.gov/Archives/edgar/data/18349/000001834903000093/main.txt"
    },
    {
        "date": "2003-06-30",
        "symbol": "SNV",
        "reportedCurrency": "USD",
        "cik": "0000018349",
        "fillingDate": "2003-08-14",
        "acceptedDate": "2003-08-14 12:08:42",
        "calendarYear": "2003",
        "period": "Q2",
        "revenue": 557403000,
        "costOfRevenue": 96370000,
        "grossProfit": 461033000,
        "grossProfitRatio": 0.827108932,
        "researchAndDevelopmentExpenses": 0,
        "generalAndAdministrativeExpenses": 174925000,
        "sellingAndMarketingExpenses": 0,
        "sellingGeneralAndAdministrativeExpenses": 174925000,
        "otherExpenses": 133640000,
        "operatingExpenses": 308565000,
        "costAndExpenses": 404935000,
        "interestIncome": 270742000,
        "interestExpense": 79805000,
        "depreciationAndAmortization": 29260000,
        "ebitda": 181728000,
        "ebitdaratio": 0.3260262324,
        "operatingIncome": 152468000,
        "operatingIncomeRatio": 0.273532794,
        "totalOtherIncomeExpensesNet": 0,
        "incomeBeforeTax": 152468000,
        "incomeBeforeTaxRatio": 0.273532794,
        "incomeTaxExpense": 56101000,
        "netIncome": 96367000,
        "netIncomeRatio": 0.1728856859,
        "eps": 2.24,
        "epsdiluted": 2.24,
        "weightedAverageShsOut": 43254000,
        "weightedAverageShsOutDil": 43574000,
        "link": "https://www.sec.gov/Archives/edgar/data/18349/000001834903000065/0000018349-03-000065-index.htm",
        "finalLink": "https://www.sec.gov/Archives/edgar/data/18349/000001834903000065/snv10q.txt"
    },
    {
        "date": "2003-03-31",
        "symbol": "SNV",
        "reportedCurrency": "USD",
        "cik": "0000018349",
        "fillingDate": "2003-05-15",
        "acceptedDate": "2003-05-14 21:35:39",
        "calendarYear": "2003",
        "period": "Q1",
        "revenue": 585012000,
        "costOfRevenue": 98478000,
        "grossProfit": 486534000,
        "grossProfitRatio": 0.8316649915,
        "researchAndDevelopmentExpenses": 0,
        "generalAndAdministrativeExpenses": 158641000,
        "sellingAndMarketingExpenses": 0,
        "sellingGeneralAndAdministrativeExpenses": 158641000,
        "otherExpenses": 187494000,
        "operatingExpenses": 346135000,
        "costAndExpenses": 444613000,
        "interestIncome": 259757000,
        "interestExpense": 78174000,
        "depreciationAndAmortization": 27812000,
        "ebitda": 168211000,
        "ebitdaratio": 0.2875342728,
        "operatingIncome": 140399000,
        "operatingIncomeRatio": 0.2399933677,
        "totalOtherIncomeExpensesNet": 0,
        "incomeBeforeTax": 140399000,
        "incomeBeforeTaxRatio": 0.2399933677,
        "incomeTaxExpense": 50480000,
        "netIncome": 89919000,
        "netIncomeRatio": 0.1537045394,
        "eps": 2.1,
        "epsdiluted": 2.1,
        "weightedAverageShsOut": 43152000,
        "weightedAverageShsOutDil": 43429000,
        "link": "https://www.sec.gov/Archives/edgar/data/18349/000001834903000028/0000018349-03-000028-index.htm",
        "finalLink": "https://www.sec.gov/Archives/edgar/data/18349/000001834903000028/mainfile.txt"
    },
    {
        "date": "2002-12-31",
        "symbol": "SNV",
        "reportedCurrency": "USD",
        "cik": "0000018349",
        "fillingDate": "2003-03-20",
        "acceptedDate": "2003-03-20 13:43:55",
        "calendarYear": "2002",
        "period": "Q4",
        "revenue": 372591000,
        "costOfRevenue": 98369000,
        "grossProfit": 274222000,
        "grossProfitRatio": 0.7359866449,
        "researchAndDevelopmentExpenses": 0,
        "generalAndAdministrativeExpenses": 164026000,
        "sellingAndMarketingExpenses": 0,
        "sellingGeneralAndAdministrativeExpenses": 164026000,
        "otherExpenses": -47156000,
        "operatingExpenses": 116870000,
        "costAndExpenses": 215239000,
        "interestIncome": 269146000,
        "interestExpense": 82539000,
        "depreciationAndAmortization": 27373000,
        "ebitda": 184725000,
        "ebitdaratio": 0.4957849223,
        "operatingIncome": 157352000,
        "operatingIncomeRatio": 0.4223183061,
        "totalOtherIncomeExpensesNet": 0,
        "incomeBeforeTax": 157352000,
        "incomeBeforeTaxRatio": 0.4223183061,
        "incomeTaxExpense": 52924000,
        "netIncome": 104428000,
        "netIncomeRatio": 0.2802751543,
        "eps": 2.42,
        "epsdiluted": 2.42,
        "weightedAverageShsOut": 42877000,
        "weightedAverageShsOutDil": 43152000,
        "link": "https://www.sec.gov/Archives/edgar/data/18349/000001834903000022/0000018349-03-000022-index.htm",
        "finalLink": "https://www.sec.gov/Archives/edgar/data/18349/000001834903000022/mainfile.txt"
    },
    {
        "date": "2002-09-30",
        "symbol": "SNV",
        "reportedCurrency": "USD",
        "cik": "0000018349",
        "fillingDate": "2002-11-14",
        "acceptedDate": "2002-11-14 17:52:05",
        "calendarYear": "2002",
        "period": "Q3",
        "revenue": 580689000,
        "costOfRevenue": 102615000,
        "grossProfit": 478074000,
        "grossProfitRatio": 0.8232875085,
        "researchAndDevelopmentExpenses": 0,
        "generalAndAdministrativeExpenses": 162209000,
        "sellingAndMarketingExpenses": 0,
        "sellingGeneralAndAdministrativeExpenses": 162209000,
        "otherExpenses": 172010000,
        "operatingExpenses": 334219000,
        "costAndExpenses": 436834000,
        "interestIncome": 269144000,
        "interestExpense": 86205000,
        "depreciationAndAmortization": 24206000,
        "ebitda": 168061000,
        "ebitdaratio": 0.2894165379,
        "operatingIncome": 143855000,
        "operatingIncomeRatio": 0.247731574,
        "totalOtherIncomeExpensesNet": 0,
        "incomeBeforeTax": 143855000,
        "incomeBeforeTaxRatio": 0.247731574,
        "incomeTaxExpense": 51583000,
        "netIncome": 92272000,
        "netIncomeRatio": 0.1589008919,
        "eps": 2.17,
        "epsdiluted": 2.17,
        "weightedAverageShsOut": 42652000,
        "weightedAverageShsOutDil": 43141000,
        "link": "https://www.sec.gov/Archives/edgar/data/18349/000001834902000044/0000018349-02-000044-index.htm",
        "finalLink": "https://www.sec.gov/Archives/edgar/data/18349/000001834902000044/mainfile.htm"
    },
    {
        "date": "2002-06-30",
        "symbol": "SNV",
        "reportedCurrency": "USD",
        "cik": "0000018349",
        "fillingDate": "2002-08-14",
        "acceptedDate": "2002-08-14 13:02:28",
        "calendarYear": "2002",
        "period": "Q2",
        "revenue": 558114000,
        "costOfRevenue": 103314000,
        "grossProfit": 454800000,
        "grossProfitRatio": 0.8148872811,
        "researchAndDevelopmentExpenses": 0,
        "generalAndAdministrativeExpenses": 139559000,
        "sellingAndMarketingExpenses": 0,
        "sellingGeneralAndAdministrativeExpenses": 139559000,
        "otherExpenses": 181770000,
        "operatingExpenses": 321329000,
        "costAndExpenses": 424643000,
        "interestIncome": 258677000,
        "interestExpense": 83336000,
        "depreciationAndAmortization": 23348000,
        "ebitda": 156819000,
        "ebitdaratio": 0.2809802298,
        "operatingIncome": 133471000,
        "operatingIncomeRatio": 0.2391464826,
        "totalOtherIncomeExpensesNet": 0,
        "incomeBeforeTax": 133471000,
        "incomeBeforeTaxRatio": 0.2391464826,
        "incomeTaxExpense": 47576000,
        "netIncome": 85895000,
        "netIncomeRatio": 0.1539022494,
        "eps": 2.03,
        "epsdiluted": 2.03,
        "weightedAverageShsOut": 42233000,
        "weightedAverageShsOutDil": 42897000,
        "link": "https://www.sec.gov/Archives/edgar/data/18349/000001834902000031/0000018349-02-000031-index.htm",
        "finalLink": "https://www.sec.gov/Archives/edgar/data/18349/000001834902000031/filingq.txt"
    },
    {
        "date": "2002-03-31",
        "symbol": "SNV",
        "reportedCurrency": "USD",
        "cik": "0000018349",
        "fillingDate": "2002-05-15",
        "acceptedDate": "2002-05-15 15:49:20",
        "calendarYear": "2002",
        "period": "Q1",
        "revenue": 547186000,
        "costOfRevenue": 98565000,
        "grossProfit": 448621000,
        "grossProfitRatio": 0.8198692949,
        "researchAndDevelopmentExpenses": 0,
        "generalAndAdministrativeExpenses": 142071000,
        "sellingAndMarketingExpenses": 0,
        "sellingGeneralAndAdministrativeExpenses": 142071000,
        "otherExpenses": 177348000,
        "operatingExpenses": 319419000,
        "costAndExpenses": 417984000,
        "interestIncome": 258073000,
        "interestExpense": 85456000,
        "depreciationAndAmortization": 22084000,
        "ebitda": 151286000,
        "ebitdaratio": 0.2764800269,
        "operatingIncome": 129202000,
        "operatingIncomeRatio": 0.2361208072,
        "totalOtherIncomeExpensesNet": 0,
        "incomeBeforeTax": 129202000,
        "incomeBeforeTaxRatio": 0.2361208072,
        "incomeTaxExpense": 46450000,
        "netIncome": 82752000,
        "netIncomeRatio": 0.1512319394,
        "eps": 1.96,
        "epsdiluted": 1.96,
        "weightedAverageShsOut": 42132000,
        "weightedAverageShsOutDil": 42880000,
        "link": "https://www.sec.gov/Archives/edgar/data/18349/000001834902000015/0000018349-02-000015-index.htm",
        "finalLink": "https://www.sec.gov/Archives/edgar/data/18349/000001834902000015/filing.txt"
    },
    {
        "date": "2001-12-31",
        "symbol": "SNV",
        "reportedCurrency": "USD",
        "cik": "0000018349",
        "fillingDate": "2002-03-21",
        "acceptedDate": "2002-03-21 00:00:00",
        "calendarYear": "2001",
        "period": "Q4",
        "revenue": 519308000,
        "costOfRevenue": 115433000,
        "grossProfit": 403875000,
        "grossProfitRatio": 0.777717655,
        "researchAndDevelopmentExpenses": 0,
        "generalAndAdministrativeExpenses": 152920000,
        "sellingAndMarketingExpenses": 0,
        "sellingGeneralAndAdministrativeExpenses": 152920000,
        "otherExpenses": 117261000,
        "operatingExpenses": 270181000,
        "costAndExpenses": 385614000,
        "interestIncome": 269488000,
        "interestExpense": 98716000,
        "depreciationAndAmortization": 23025000,
        "ebitda": 156719000,
        "ebitdaratio": 0.3017842976,
        "operatingIncome": 133694000,
        "operatingIncomeRatio": 0.257446448,
        "totalOtherIncomeExpensesNet": 0,
        "incomeBeforeTax": 133694000,
        "incomeBeforeTaxRatio": 0.257446448,
        "incomeTaxExpense": 48483000,
        "netIncome": 85211000,
        "netIncomeRatio": 0.1640856679,
        "eps": 2.02,
        "epsdiluted": 2.02,
        "weightedAverageShsOut": 41756000,
        "weightedAverageShsOutDil": 42132000,
        "link": "https://www.sec.gov/Archives/edgar/data/18349/000001834902000009/0000018349-02-000009-index.htm",
        "finalLink": "https://www.sec.gov/Archives/edgar/data/18349/000001834902000009/mainfile.txt"
    },
    {
        "date": "2001-09-30",
        "symbol": "SNV",
        "reportedCurrency": "USD",
        "cik": "0000018349",
        "fillingDate": "2001-11-14",
        "acceptedDate": "2001-11-14 00:00:00",
        "calendarYear": "2001",
        "period": "Q3",
        "revenue": 565121000,
        "costOfRevenue": 132834000,
        "grossProfit": 432287000,
        "grossProfitRatio": 0.7649459142,
        "researchAndDevelopmentExpenses": 0,
        "generalAndAdministrativeExpenses": 141455000,
        "sellingAndMarketingExpenses": 0,
        "sellingGeneralAndAdministrativeExpenses": 141455000,
        "otherExpenses": 166984000,
        "operatingExpenses": 308439000,
        "costAndExpenses": 441273000,
        "interestIncome": 280753000,
        "interestExpense": 122035000,
        "depreciationAndAmortization": 21369000,
        "ebitda": 145217000,
        "ebitdaratio": 0.2569662072,
        "operatingIncome": 123848000,
        "operatingIncomeRatio": 0.2191530663,
        "totalOtherIncomeExpensesNet": 0,
        "incomeBeforeTax": 123848000,
        "incomeBeforeTaxRatio": 0.2191530663,
        "incomeTaxExpense": 44943000,
        "netIncome": 78905000,
        "netIncomeRatio": 0.1396249653,
        "eps": 1.89,
        "epsdiluted": 1.89,
        "weightedAverageShsOut": 41553000,
        "weightedAverageShsOutDil": 42480000,
        "link": "https://www.sec.gov/Archives/edgar/data/18349/000001834901500048/0000018349-01-500048-index.htm",
        "finalLink": "https://www.sec.gov/Archives/edgar/data/18349/000001834901500048/bigfile.htm"
    },
    {
        "date": "2001-06-30",
        "symbol": "SNV",
        "reportedCurrency": "USD",
        "cik": "0000018349",
        "fillingDate": "2001-08-14",
        "acceptedDate": "2001-08-14 00:00:00",
        "calendarYear": "2001",
        "period": "Q2",
        "revenue": 520772000,
        "costOfRevenue": 147316000,
        "grossProfit": 373456000,
        "grossProfitRatio": 0.717119968,
        "researchAndDevelopmentExpenses": 0,
        "generalAndAdministrativeExpenses": 137441000,
        "sellingAndMarketingExpenses": 0,
        "sellingGeneralAndAdministrativeExpenses": 137441000,
        "otherExpenses": 116629000,
        "operatingExpenses": 254070000,
        "costAndExpenses": 401386000,
        "interestIncome": 288034000,
        "interestExpense": 134146000,
        "depreciationAndAmortization": 22318000,
        "ebitda": 141704000,
        "ebitdaratio": 0.2721037229,
        "operatingIncome": 119386000,
        "operatingIncomeRatio": 0.2292481163,
        "totalOtherIncomeExpensesNet": 0,
        "incomeBeforeTax": 119386000,
        "incomeBeforeTaxRatio": 0.2292481163,
        "incomeTaxExpense": 43771000,
        "netIncome": 75615000,
        "netIncomeRatio": 0.1451978985,
        "eps": 1.82,
        "epsdiluted": 1.82,
        "weightedAverageShsOut": 41474000,
        "weightedAverageShsOutDil": 42317000,
        "link": "https://www.sec.gov/Archives/edgar/data/18349/000001834901500033/0000018349-01-500033-index.htm",
        "finalLink": "https://www.sec.gov/Archives/edgar/data/18349/000001834901500033/body.txt"
    },
    {
        "date": "2001-03-31",
        "symbol": "SNV",
        "reportedCurrency": "USD",
        "cik": "0000018349",
        "fillingDate": "2001-05-15",
        "acceptedDate": "2001-05-15 00:00:00",
        "calendarYear": "2001",
        "period": "Q1",
        "revenue": 578193000,
        "costOfRevenue": 157187000,
        "grossProfit": 421006000,
        "grossProfitRatio": 0.7281409495,
        "researchAndDevelopmentExpenses": 0,
        "generalAndAdministrativeExpenses": 134268000,
        "sellingAndMarketingExpenses": 0,
        "sellingGeneralAndAdministrativeExpenses": 134268000,
        "otherExpenses": 173673000,
        "operatingExpenses": 307941000,
        "costAndExpenses": 465128000,
        "interestIncome": 292613000,
        "interestExpense": 146200000,
        "depreciationAndAmortization": 20488000,
        "ebitda": 133553000,
        "ebitdaratio": 0.2309834259,
        "operatingIncome": 113065000,
        "operatingIncomeRatio": 0.1955488911,
        "totalOtherIncomeExpensesNet": 0,
        "incomeBeforeTax": 113065000,
        "incomeBeforeTaxRatio": 0.1955488911,
        "incomeTaxExpense": 41180000,
        "netIncome": 71885000,
        "netIncomeRatio": 0.1243269981,
        "eps": 1.75,
        "epsdiluted": 1.75,
        "weightedAverageShsOut": 41101000,
        "weightedAverageShsOutDil": 41893000,
        "link": "https://www.sec.gov/Archives/edgar/data/18349/000001834901500022/0000018349-01-500022-index.htm",
        "finalLink": "https://www.sec.gov/Archives/edgar/data/18349/000001834901500022/new10q.txt"
    },
    {
        "date": "2000-12-31",
        "symbol": "SNV",
        "reportedCurrency": "USD",
        "cik": "0000018349",
        "fillingDate": "2001-03-16",
        "acceptedDate": "2001-03-16 00:00:00",
        "calendarYear": "2000",
        "period": "Q4",
        "revenue": 518007000,
        "costOfRevenue": 162526000,
        "grossProfit": 355481000,
        "grossProfitRatio": 0.6862474831,
        "researchAndDevelopmentExpenses": 0,
        "generalAndAdministrativeExpenses": 121658000,
        "sellingAndMarketingExpenses": 0,
        "sellingGeneralAndAdministrativeExpenses": 121658000,
        "otherExpenses": 116721000,
        "operatingExpenses": 238379000,
        "costAndExpenses": 400905000,
        "interestIncome": 294972000,
        "interestExpense": 151430000,
        "depreciationAndAmortization": 21360000,
        "ebitda": 138462000,
        "ebitdaratio": 0.2672975462,
        "operatingIncome": 117102000,
        "operatingIncomeRatio": 0.2260625822,
        "totalOtherIncomeExpensesNet": 0,
        "incomeBeforeTax": 117102000,
        "incomeBeforeTaxRatio": 0.2260625822,
        "incomeTaxExpense": 42420000,
        "netIncome": 74682000,
        "netIncomeRatio": 0.1441717969,
        "eps": 1.82,
        "epsdiluted": 1.82,
        "weightedAverageShsOut": 40633000,
        "weightedAverageShsOutDil": 41101000,
        "link": "https://www.sec.gov/Archives/edgar/data/18349/000001834901500015/0000018349-01-500015-index.htm",
        "finalLink": "https://www.sec.gov/Archives/edgar/data/18349/000001834901500015/front.txt"
    },
    {
        "date": "2000-09-30",
        "symbol": "SNV",
        "reportedCurrency": "USD",
        "cik": "0000018349",
        "fillingDate": "2000-11-14",
        "acceptedDate": "2000-11-14 00:00:00",
        "calendarYear": "2000",
        "period": "Q3",
        "revenue": 487863000,
        "costOfRevenue": 152945000,
        "grossProfit": 334918000,
        "grossProfitRatio": 0.6865001035,
        "researchAndDevelopmentExpenses": 0,
        "generalAndAdministrativeExpenses": 125117000,
        "sellingAndMarketingExpenses": 0,
        "sellingGeneralAndAdministrativeExpenses": 125117000,
        "otherExpenses": 108334000,
        "operatingExpenses": 233451000,
        "costAndExpenses": 386396000,
        "interestIncome": 283564000,
        "interestExpense": 143323000,
        "depreciationAndAmortization": 19843000,
        "ebitda": 121310000,
        "ebitdaratio": 0.2486558727,
        "operatingIncome": 101467000,
        "operatingIncomeRatio": 0.2079825689,
        "totalOtherIncomeExpensesNet": 0,
        "incomeBeforeTax": 101467000,
        "incomeBeforeTaxRatio": 0.2079825689,
        "incomeTaxExpense": 36736000,
        "netIncome": 64731000,
        "netIncomeRatio": 0.1326827409,
        "eps": 1.61,
        "epsdiluted": 1.61,
        "weightedAverageShsOut": 40593000,
        "weightedAverageShsOutDil": 41056000,
        "link": "https://www.sec.gov/Archives/edgar/data/18349/000001834900500018/0000018349-00-500018-index.htm",
        "finalLink": "https://www.sec.gov/Archives/edgar/data/18349/000001834900500018/body.txt"
    },
    {
        "date": "2000-06-30",
        "symbol": "SNV",
        "reportedCurrency": "USD",
        "cik": "0000018349",
        "fillingDate": "2000-08-14",
        "acceptedDate": "2000-08-14 00:00:00",
        "calendarYear": "2000",
        "period": "Q2",
        "revenue": 474563000,
        "costOfRevenue": 140132000,
        "grossProfit": 334431000,
        "grossProfitRatio": 0.7047135997,
        "researchAndDevelopmentExpenses": 0,
        "generalAndAdministrativeExpenses": 124817000,
        "sellingAndMarketingExpenses": 0,
        "sellingGeneralAndAdministrativeExpenses": 124817000,
        "otherExpenses": 112285000,
        "operatingExpenses": 237102000,
        "costAndExpenses": 377234000,
        "interestIncome": 269000000,
        "interestExpense": 127420000,
        "depreciationAndAmortization": 20262000,
        "ebitda": 117591000,
        "ebitdaratio": 0.2477879649,
        "operatingIncome": 97329000,
        "operatingIncomeRatio": 0.2050918424,
        "totalOtherIncomeExpensesNet": 0,
        "incomeBeforeTax": 97329000,
        "incomeBeforeTaxRatio": 0.2050918424,
        "incomeTaxExpense": 35577000,
        "netIncome": 61752000,
        "netIncomeRatio": 0.1301239245,
        "eps": 1.54,
        "epsdiluted": 1.54,
        "weightedAverageShsOut": 40494000,
        "weightedAverageShsOutDil": 40944000,
        "link": "https://www.sec.gov/Archives/edgar/data/18349/000001834900500009/0000018349-00-500009-index.htm",
        "finalLink": "https://www.sec.gov/Archives/edgar/data/18349/000001834900500009/body10q.txt"
    },
    {
        "date": "2000-03-31",
        "symbol": "SNV",
        "reportedCurrency": "USD",
        "cik": "0000018349",
        "fillingDate": "2000-05-15",
        "acceptedDate": "2000-05-15 00:00:00",
        "calendarYear": "2000",
        "period": "Q1",
        "revenue": 450885000,
        "costOfRevenue": 124211000,
        "grossProfit": 326674000,
        "grossProfitRatio": 0.7245173381,
        "researchAndDevelopmentExpenses": 0,
        "generalAndAdministrativeExpenses": 123885000,
        "sellingAndMarketingExpenses": 0,
        "sellingGeneralAndAdministrativeExpenses": 123885000,
        "otherExpenses": 106952000,
        "operatingExpenses": 230837000,
        "costAndExpenses": 355048000,
        "interestIncome": 250269000,
        "interestExpense": 113300000,
        "depreciationAndAmortization": 19037000,
        "ebitda": 114874000,
        "ebitdaratio": 0.254774499,
        "operatingIncome": 95837000,
        "operatingIncomeRatio": 0.21255309,
        "totalOtherIncomeExpensesNet": 0,
        "incomeBeforeTax": 95837000,
        "incomeBeforeTaxRatio": 0.21255309,
        "incomeTaxExpense": 34445000,
        "netIncome": 61392000,
        "netIncomeRatio": 0.1361588875,
        "eps": 1.54,
        "epsdiluted": 1.54,
        "weightedAverageShsOut": 40309000,
        "weightedAverageShsOutDil": 40707000,
        "link": "https://www.sec.gov/Archives/edgar/data/18349/000001834900000020/0000018349-00-000020-index.html",
        "finalLink": "https://www.sec.gov/Archives/edgar/data/18349/000001834900000020/0000018349-00-000020.txt"
    },
    {
        "date": "1999-12-31",
        "symbol": "SNV",
        "reportedCurrency": "USD",
        "cik": "0000018349",
        "fillingDate": "2000-03-22",
        "acceptedDate": "2000-03-22 00:00:00",
        "calendarYear": "1999",
        "period": "Q4",
        "revenue": 445100000,
        "costOfRevenue": 113000000,
        "grossProfit": 332100000,
        "grossProfitRatio": 0.7461244664,
        "researchAndDevelopmentExpenses": 0,
        "generalAndAdministrativeExpenses": 124100000,
        "sellingAndMarketingExpenses": 0,
        "sellingGeneralAndAdministrativeExpenses": 124100000,
        "otherExpenses": 109100000,
        "operatingExpenses": 233200000,
        "costAndExpenses": 346200000,
        "interestIncome": 240300000,
        "interestExpense": 104300000,
        "depreciationAndAmortization": 17800000,
        "ebitda": 116700000,
        "ebitdaratio": 0.2621882723,
        "operatingIncome": 98900000,
        "operatingIncomeRatio": 0.222197259,
        "totalOtherIncomeExpensesNet": 0,
        "incomeBeforeTax": 98900000,
        "incomeBeforeTaxRatio": 0.222197259,
        "incomeTaxExpense": 35700000,
        "netIncome": 63200000,
        "netIncomeRatio": 0.1419905639,
        "eps": 1.57,
        "epsdiluted": 1.57,
        "weightedAverageShsOut": 40274000,
        "weightedAverageShsOutDil": 40309000,
        "link": "https://www.sec.gov/Archives/edgar/data/18349/000001834900000011/0000018349-00-000011-index.html",
        "finalLink": "https://www.sec.gov/Archives/edgar/data/18349/000001834900000011/0000018349-00-000011.txt"
    },
    {
        "date": "1999-09-30",
        "symbol": "SNV",
        "reportedCurrency": "USD",
        "cik": "0000018349",
        "fillingDate": "1999-11-15",
        "acceptedDate": "1999-11-15 00:00:00",
        "calendarYear": "1999",
        "period": "Q3",
        "revenue": 412582000,
        "costOfRevenue": 103622000,
        "grossProfit": 308960000,
        "grossProfitRatio": 0.7488450781,
        "researchAndDevelopmentExpenses": 0,
        "generalAndAdministrativeExpenses": 113359000,
        "sellingAndMarketingExpenses": 0,
        "sellingGeneralAndAdministrativeExpenses": 113359000,
        "otherExpenses": 105714000,
        "operatingExpenses": 219073000,
        "costAndExpenses": 322695000,
        "interestIncome": 225643000,
        "interestExpense": 95009000,
        "depreciationAndAmortization": 19404000,
        "ebitda": 109291000,
        "ebitdaratio": 0.2648952208,
        "operatingIncome": 89887000,
        "operatingIncomeRatio": 0.21786457,
        "totalOtherIncomeExpensesNet": 0,
        "incomeBeforeTax": 89887000,
        "incomeBeforeTaxRatio": 0.21786457,
        "incomeTaxExpense": 31882000,
        "netIncome": 58005000,
        "netIncomeRatio": 0.1405902342,
        "eps": 1.47,
        "epsdiluted": 1.47,
        "weightedAverageShsOut": 39956000,
        "weightedAverageShsOutDil": 40401000,
        "link": "https://www.sec.gov/Archives/edgar/data/18349/000001834999000045/0000018349-99-000045-index.html",
        "finalLink": "https://www.sec.gov/Archives/edgar/data/18349/000001834999000045/0000018349-99-000045.txt"
    },
    {
        "date": "1999-06-30",
        "symbol": "SNV",
        "reportedCurrency": "USD",
        "cik": "0000018349",
        "fillingDate": "1999-08-16",
        "acceptedDate": "1999-08-16 00:00:00",
        "calendarYear": "1999",
        "period": "Q2",
        "revenue": 387300000,
        "costOfRevenue": 96600000,
        "grossProfit": 290700000,
        "grossProfitRatio": 0.750580945,
        "researchAndDevelopmentExpenses": 0,
        "generalAndAdministrativeExpenses": 109000000,
        "sellingAndMarketingExpenses": 0,
        "sellingGeneralAndAdministrativeExpenses": 109000000,
        "otherExpenses": 102200000,
        "operatingExpenses": 211200000,
        "costAndExpenses": 307800000,
        "interestIncome": 209200000,
        "interestExpense": 87200000,
        "depreciationAndAmortization": 18829000,
        "ebitda": 98329000,
        "ebitdaratio": 0.2538832946,
        "operatingIncome": 79500000,
        "operatingIncomeRatio": 0.2052672347,
        "totalOtherIncomeExpensesNet": 0,
        "incomeBeforeTax": 79500000,
        "incomeBeforeTaxRatio": 0.2052672347,
        "incomeTaxExpense": 28600000,
        "netIncome": 50900000,
        "netIncomeRatio": 0.1314226698,
        "eps": 1.33,
        "epsdiluted": 1.33,
        "weightedAverageShsOut": 38271000,
        "weightedAverageShsOutDil": 38271000,
        "link": "https://www.sec.gov/Archives/edgar/data/18349/000001834999000031/0000018349-99-000031-index.html",
        "finalLink": "https://www.sec.gov/Archives/edgar/data/18349/000001834999000031/0000018349-99-000031.txt"
    },
    {
        "date": "1999-03-31",
        "symbol": "SNV",
        "reportedCurrency": "USD",
        "cik": "0000018349",
        "fillingDate": "1999-05-17",
        "acceptedDate": "1999-05-17 00:00:00",
        "calendarYear": "1999",
        "period": "Q1",
        "revenue": 371724000,
        "costOfRevenue": 93583000,
        "grossProfit": 278141000,
        "grossProfitRatio": 0.7482460105,
        "researchAndDevelopmentExpenses": 0,
        "generalAndAdministrativeExpenses": 108225000,
        "sellingAndMarketingExpenses": 0,
        "sellingGeneralAndAdministrativeExpenses": 108225000,
        "otherExpenses": 92034000,
        "operatingExpenses": 200259000,
        "costAndExpenses": 293842000,
        "interestIncome": 206831000,
        "interestExpense": 86368000,
        "depreciationAndAmortization": 16471000,
        "ebitda": 94353000,
        "ebitdaratio": 0.2538254189,
        "operatingIncome": 77882000,
        "operatingIncomeRatio": 0.2095156622,
        "totalOtherIncomeExpensesNet": 0,
        "incomeBeforeTax": 77882000,
        "incomeBeforeTaxRatio": 0.2095156622,
        "incomeTaxExpense": 27149000,
        "netIncome": 50733000,
        "netIncomeRatio": 0.1364802918,
        "eps": 1.26,
        "epsdiluted": 1.26,
        "weightedAverageShsOut": 39847000,
        "weightedAverageShsOutDil": 40389000,
        "link": "https://www.sec.gov/Archives/edgar/data/18349/000001834999000023/0000018349-99-000023-index.html",
        "finalLink": "https://www.sec.gov/Archives/edgar/data/18349/0000018349-99-000023.txt"
    },
    {
        "date": "1998-12-31",
        "symbol": "SNV",
        "reportedCurrency": "USD",
        "cik": "0000018349",
        "fillingDate": "1999-03-16",
        "acceptedDate": "1999-03-16 00:00:00",
        "calendarYear": "1998",
        "period": "Q4",
        "revenue": 358700000,
        "costOfRevenue": 90400000,
        "grossProfit": 268300000,
        "grossProfitRatio": 0.7479788124,
        "researchAndDevelopmentExpenses": 0,
        "generalAndAdministrativeExpenses": 99800000,
        "sellingAndMarketingExpenses": 0,
        "sellingGeneralAndAdministrativeExpenses": 99800000,
        "otherExpenses": 84000000,
        "operatingExpenses": 183800000,
        "costAndExpenses": 274200000,
        "interestIncome": 199500000,
        "interestExpense": 84000000,
        "depreciationAndAmortization": 17200000,
        "ebitda": 101700000,
        "ebitdaratio": 0.2835238361,
        "operatingIncome": 84500000,
        "operatingIncomeRatio": 0.2355729021,
        "totalOtherIncomeExpensesNet": 0,
        "incomeBeforeTax": 84500000,
        "incomeBeforeTaxRatio": 0.2355729021,
        "incomeTaxExpense": 30300000,
        "netIncome": 54200000,
        "netIncomeRatio": 0.1511011988,
        "eps": 1.42,
        "epsdiluted": 1.42,
        "weightedAverageShsOut": 38254000,
        "weightedAverageShsOutDil": 38254000,
        "link": "https://www.sec.gov/Archives/edgar/data/18349/000001834999000012/0000018349-99-000012-index.html",
        "finalLink": "https://www.sec.gov/Archives/edgar/data/18349/0000018349-99-000012.txt"
    },
    {
        "date": "1998-09-30",
        "symbol": "SNV",
        "reportedCurrency": "USD",
        "cik": "0000018349",
        "fillingDate": "1998-11-16",
        "acceptedDate": "1998-11-16 00:00:00",
        "calendarYear": "1998",
        "period": "Q3",
        "revenue": 345700000,
        "costOfRevenue": 90600000,
        "grossProfit": 255100000,
        "grossProfitRatio": 0.7379230547,
        "researchAndDevelopmentExpenses": 0,
        "generalAndAdministrativeExpenses": 97500000,
        "sellingAndMarketingExpenses": 0,
        "sellingGeneralAndAdministrativeExpenses": 97500000,
        "otherExpenses": 80500000,
        "operatingExpenses": 178000000,
        "costAndExpenses": 268600000,
        "interestIncome": 199600000,
        "interestExpense": 84800000,
        "depreciationAndAmortization": 15800000,
        "ebitda": 92900000,
        "ebitdaratio": 0.2687301128,
        "operatingIncome": 77100000,
        "operatingIncomeRatio": 0.2230257449,
        "totalOtherIncomeExpensesNet": 0,
        "incomeBeforeTax": 77100000,
        "incomeBeforeTaxRatio": 0.2230257449,
        "incomeTaxExpense": 27500000,
        "netIncome": 49600000,
        "netIncomeRatio": 0.1434770032,
        "eps": 1.26,
        "epsdiluted": 1.26,
        "weightedAverageShsOut": 39365000,
        "weightedAverageShsOutDil": 39365000,
        "link": "https://www.sec.gov/Archives/edgar/data/18349/000001834998000040/0000018349-98-000040-index.html",
        "finalLink": "https://www.sec.gov/Archives/edgar/data/18349/0000018349-98-000040.txt"
    },
    {
        "date": "1998-06-30",
        "symbol": "SNV",
        "reportedCurrency": "USD",
        "cik": "0000018349",
        "fillingDate": "1998-08-14",
        "acceptedDate": "1998-08-14 00:00:00",
        "calendarYear": "1998",
        "period": "Q2",
        "revenue": 318600000,
        "costOfRevenue": 88200000,
        "grossProfit": 230400000,
        "grossProfitRatio": 0.7231638418,
        "researchAndDevelopmentExpenses": 0,
        "generalAndAdministrativeExpenses": 89400000,
        "sellingAndMarketingExpenses": 0,
        "sellingGeneralAndAdministrativeExpenses": 89400000,
        "otherExpenses": 72400000,
        "operatingExpenses": 161800000,
        "costAndExpenses": 250000000,
        "interestIncome": 189100000,
        "interestExpense": 81200000,
        "depreciationAndAmortization": 14600000,
        "ebitda": 83200000,
        "ebitdaratio": 0.2611424984,
        "operatingIncome": 68600000,
        "operatingIncomeRatio": 0.2153170119,
        "totalOtherIncomeExpensesNet": 0,
        "incomeBeforeTax": 68600000,
        "incomeBeforeTaxRatio": 0.2153170119,
        "incomeTaxExpense": 24400000,
        "netIncome": 44200000,
        "netIncomeRatio": 0.1387319523,
        "eps": 1.19,
        "epsdiluted": 1.19,
        "weightedAverageShsOut": 37143000,
        "weightedAverageShsOutDil": 37143000,
        "link": "https://www.sec.gov/Archives/edgar/data/18349/000001834998000031/0000018349-98-000031-index.html",
        "finalLink": "https://www.sec.gov/Archives/edgar/data/18349/0000018349-98-000031.txt"
    },
    {
        "date": "1998-03-31",
        "symbol": "SNV",
        "reportedCurrency": "USD",
        "cik": "0000018349",
        "fillingDate": "1998-05-14",
        "acceptedDate": "1998-05-14 00:00:00",
        "calendarYear": "1998",
        "period": "Q1",
        "revenue": 319300000,
        "costOfRevenue": 88500000,
        "grossProfit": 230800000,
        "grossProfitRatio": 0.7228311932,
        "researchAndDevelopmentExpenses": 0,
        "generalAndAdministrativeExpenses": 94700000,
        "sellingAndMarketingExpenses": 0,
        "sellingGeneralAndAdministrativeExpenses": 94700000,
        "otherExpenses": 71900000,
        "operatingExpenses": 166600000,
        "costAndExpenses": 255100000,
        "interestIncome": 187000000,
        "interestExpense": 80900000,
        "depreciationAndAmortization": 13100000,
        "ebitda": 77300000,
        "ebitdaratio": 0.2420920764,
        "operatingIncome": 64200000,
        "operatingIncomeRatio": 0.2010648293,
        "totalOtherIncomeExpensesNet": 0,
        "incomeBeforeTax": 64200000,
        "incomeBeforeTaxRatio": 0.2010648293,
        "incomeTaxExpense": 23000000,
        "netIncome": 41200000,
        "netIncomeRatio": 0.1290322581,
        "eps": 1.12,
        "epsdiluted": 1.05,
        "weightedAverageShsOut": 36786000,
        "weightedAverageShsOutDil": 39238000,
        "link": "https://www.sec.gov/Archives/edgar/data/18349/000001834998000015/0000018349-98-000015-index.html",
        "finalLink": "https://www.sec.gov/Archives/edgar/data/18349/0000018349-98-000015.txt"
    },
    {
        "date": "1997-12-31",
        "symbol": "SNV",
        "reportedCurrency": "USD",
        "cik": "0000018349",
        "fillingDate": "1998-03-20",
        "acceptedDate": "1998-03-20 00:00:00",
        "calendarYear": "1997",
        "period": "Q4",
        "revenue": 319500000,
        "costOfRevenue": 90400000,
        "grossProfit": 229100000,
        "grossProfitRatio": 0.717057903,
        "researchAndDevelopmentExpenses": 0,
        "generalAndAdministrativeExpenses": 84600000,
        "sellingAndMarketingExpenses": 0,
        "sellingGeneralAndAdministrativeExpenses": 84600000,
        "otherExpenses": 71200000,
        "operatingExpenses": 155800000,
        "costAndExpenses": 246200000,
        "interestIncome": 187800000,
        "interestExpense": 81000000,
        "depreciationAndAmortization": 12400000,
        "ebitda": 85700000,
        "ebitdaratio": 0.2682316119,
        "operatingIncome": 73300000,
        "operatingIncomeRatio": 0.2294209703,
        "totalOtherIncomeExpensesNet": 0,
        "incomeBeforeTax": 73300000,
        "incomeBeforeTaxRatio": 0.2294209703,
        "incomeTaxExpense": 26300000,
        "netIncome": 47000000,
        "netIncomeRatio": 0.1471048513,
        "eps": 1.28,
        "epsdiluted": 1.28,
        "weightedAverageShsOut": 36786000,
        "weightedAverageShsOutDil": 36786000,
        "link": "https://www.sec.gov/Archives/edgar/data/18349/000001834998000011/0000018349-98-000011-index.html",
        "finalLink": "https://www.sec.gov/Archives/edgar/data/18349/0000018349-98-000011.txt"
    },
    {
        "date": "1997-09-30",
        "symbol": "SNV",
        "reportedCurrency": "USD",
        "cik": "0000018349",
        "fillingDate": "1997-11-14",
        "acceptedDate": "1997-11-14 00:00:00",
        "calendarYear": "1997",
        "period": "Q3",
        "revenue": 309300000,
        "costOfRevenue": 87800000,
        "grossProfit": 221500000,
        "grossProfitRatio": 0.716133204,
        "researchAndDevelopmentExpenses": 0,
        "generalAndAdministrativeExpenses": 85400000,
        "sellingAndMarketingExpenses": 0,
        "sellingGeneralAndAdministrativeExpenses": 85400000,
        "otherExpenses": 69000000,
        "operatingExpenses": 154400000,
        "costAndExpenses": 242200000,
        "interestIncome": 185000000,
        "interestExpense": 80200000,
        "depreciationAndAmortization": 12000000,
        "ebitda": 79100000,
        "ebitdaratio": 0.255738765,
        "operatingIncome": 67100000,
        "operatingIncomeRatio": 0.2169414808,
        "totalOtherIncomeExpensesNet": 0,
        "incomeBeforeTax": 67100000,
        "incomeBeforeTaxRatio": 0.2169414808,
        "incomeTaxExpense": 24000000,
        "netIncome": 43100000,
        "netIncomeRatio": 0.1393469124,
        "eps": 1.19,
        "epsdiluted": 1.12,
        "weightedAverageShsOut": 36218000,
        "weightedAverageShsOutDil": 38482000,
        "link": "https://www.sec.gov/Archives/edgar/data/18349/000001834997000039/0000018349-97-000039-index.html",
        "finalLink": "https://www.sec.gov/Archives/edgar/data/18349/0000018349-97-000039.txt"
    },
    {
        "date": "1997-06-30",
        "symbol": "SNV",
        "reportedCurrency": "USD",
        "cik": "0000018349",
        "fillingDate": "1997-08-13",
        "acceptedDate": "1997-08-13 00:00:00",
        "calendarYear": "1997",
        "period": "Q2",
        "revenue": 301300000,
        "costOfRevenue": 86100000,
        "grossProfit": 215200000,
        "grossProfitRatio": 0.7142383007,
        "researchAndDevelopmentExpenses": 0,
        "generalAndAdministrativeExpenses": 84600000,
        "sellingAndMarketingExpenses": 0,
        "sellingGeneralAndAdministrativeExpenses": 84600000,
        "otherExpenses": 68400000,
        "operatingExpenses": 153000000,
        "costAndExpenses": 239100000,
        "interestIncome": 180400000,
        "interestExpense": 77800000,
        "depreciationAndAmortization": 12700000,
        "ebitda": 74900000,
        "ebitdaratio": 0.2485894457,
        "operatingIncome": 62200000,
        "operatingIncomeRatio": 0.2064387654,
        "totalOtherIncomeExpensesNet": 0,
        "incomeBeforeTax": 62200000,
        "incomeBeforeTaxRatio": 0.2064387654,
        "incomeTaxExpense": 22900000,
        "netIncome": 39300000,
        "netIncomeRatio": 0.1304347826,
        "eps": 1.05,
        "epsdiluted": 1.05,
        "weightedAverageShsOut": 37429000,
        "weightedAverageShsOutDil": 37429000,
        "link": "https://www.sec.gov/Archives/edgar/data/18349/000001834997000026/0000018349-97-000026-index.html",
        "finalLink": "https://www.sec.gov/Archives/edgar/data/18349/0000018349-97-000026.txt"
    },
    {
        "date": "1997-03-31",
        "symbol": "SNV",
        "reportedCurrency": "USD",
        "cik": "0000018349",
        "fillingDate": "1997-05-14",
        "acceptedDate": "1997-05-14 00:00:00",
        "calendarYear": "1997",
        "period": "Q1",
        "revenue": 284700000,
        "costOfRevenue": 81300000,
        "grossProfit": 203400000,
        "grossProfitRatio": 0.7144362487,
        "researchAndDevelopmentExpenses": 0,
        "generalAndAdministrativeExpenses": 84100000,
        "sellingAndMarketingExpenses": 0,
        "sellingGeneralAndAdministrativeExpenses": 84100000,
        "otherExpenses": 63100000,
        "operatingExpenses": 147200000,
        "costAndExpenses": 228500000,
        "interestIncome": 172500000,
        "interestExpense": 74300000,
        "depreciationAndAmortization": 12000000,
        "ebitda": 68200000,
        "ebitdaratio": 0.2395504039,
        "operatingIncome": 56200000,
        "operatingIncomeRatio": 0.1974007727,
        "totalOtherIncomeExpensesNet": 0,
        "incomeBeforeTax": 56200000,
        "incomeBeforeTaxRatio": 0.1974007727,
        "incomeTaxExpense": 20400000,
        "netIncome": 35800000,
        "netIncomeRatio": 0.1257463997,
        "eps": 0.98,
        "epsdiluted": 0.91,
        "weightedAverageShsOut": 36531000,
        "weightedAverageShsOutDil": 39341000,
        "link": "https://www.sec.gov/Archives/edgar/data/18349/000001834997000019/0000018349-97-000019-index.html",
        "finalLink": "https://www.sec.gov/Archives/edgar/data/18349/0000018349-97-000019.txt"
    },
    {
        "date": "1996-12-31",
        "symbol": "SNV",
        "reportedCurrency": "USD",
        "cik": "0000018349",
        "fillingDate": "1997-03-06",
        "acceptedDate": "1997-03-06 00:00:00",
        "calendarYear": "1996",
        "period": "Q4",
        "revenue": 287200000,
        "costOfRevenue": 82200000,
        "grossProfit": 205000000,
        "grossProfitRatio": 0.7137883008,
        "researchAndDevelopmentExpenses": 0,
        "generalAndAdministrativeExpenses": 76000000,
        "sellingAndMarketingExpenses": 0,
        "sellingGeneralAndAdministrativeExpenses": 76000000,
        "otherExpenses": 62800000,
        "operatingExpenses": 138800000,
        "costAndExpenses": 221000000,
        "interestIncome": 170600000,
        "interestExpense": 73100000,
        "depreciationAndAmortization": 11200000,
        "ebitda": 77400000,
        "ebitdaratio": 0.2694986072,
        "operatingIncome": 66200000,
        "operatingIncomeRatio": 0.2305013928,
        "totalOtherIncomeExpensesNet": 0,
        "incomeBeforeTax": 66200000,
        "incomeBeforeTaxRatio": 0.2305013928,
        "incomeTaxExpense": 24500000,
        "netIncome": 41700000,
        "netIncomeRatio": 0.1451949861,
        "eps": 1.14,
        "epsdiluted": 1.14,
        "weightedAverageShsOut": 35916000,
        "weightedAverageShsOutDil": 36531000,
        "link": "https://www.sec.gov/Archives/edgar/data/18349/000001834997000013/0000018349-97-000013-index.html",
        "finalLink": "https://www.sec.gov/Archives/edgar/data/18349/0000018349-97-000013.txt"
    },
    {
        "date": "1996-09-30",
        "symbol": "SNV",
        "reportedCurrency": "USD",
        "cik": "0000018349",
        "fillingDate": "1996-11-14",
        "acceptedDate": "1996-11-14 00:00:00",
        "calendarYear": "1996",
        "period": "Q3",
        "revenue": 278000000,
        "costOfRevenue": 81000000,
        "grossProfit": 197000000,
        "grossProfitRatio": 0.7086330935,
        "researchAndDevelopmentExpenses": 0,
        "generalAndAdministrativeExpenses": 74600000,
        "sellingAndMarketingExpenses": 0,
        "sellingGeneralAndAdministrativeExpenses": 74600000,
        "otherExpenses": 66900000,
        "operatingExpenses": 141500000,
        "costAndExpenses": 222500000,
        "interestIncome": 168600000,
        "interestExpense": 73000000,
        "depreciationAndAmortization": 11000000,
        "ebitda": 66500000,
        "ebitdaratio": 0.2392086331,
        "operatingIncome": 55500000,
        "operatingIncomeRatio": 0.1996402878,
        "totalOtherIncomeExpensesNet": 0,
        "incomeBeforeTax": 55500000,
        "incomeBeforeTaxRatio": 0.1996402878,
        "incomeTaxExpense": 20300000,
        "netIncome": 35200000,
        "netIncomeRatio": 0.126618705,
        "eps": 0.91,
        "epsdiluted": 0.91,
        "weightedAverageShsOut": 38681000,
        "weightedAverageShsOutDil": 38681000,
        "link": "https://www.sec.gov/Archives/edgar/data/18349/000001834996000021/0000018349-96-000021-index.html",
        "finalLink": "https://www.sec.gov/Archives/edgar/data/18349/0000018349-96-000021.txt"
    },
    {
        "date": "1996-06-30",
        "symbol": "SNV",
        "reportedCurrency": "USD",
        "cik": "0000018349",
        "fillingDate": "1996-08-14",
        "acceptedDate": "1996-08-14 00:00:00",
        "calendarYear": "1996",
        "period": "Q2",
        "revenue": 266800000,
        "costOfRevenue": 79400000,
        "grossProfit": 187400000,
        "grossProfitRatio": 0.7023988006,
        "researchAndDevelopmentExpenses": 0,
        "generalAndAdministrativeExpenses": 74600000,
        "sellingAndMarketingExpenses": 0,
        "sellingGeneralAndAdministrativeExpenses": 74600000,
        "otherExpenses": 61100000,
        "operatingExpenses": 135700000,
        "costAndExpenses": 215100000,
        "interestIncome": 163900000,
        "interestExpense": 71200000,
        "depreciationAndAmortization": 10900000,
        "ebitda": 62600000,
        "ebitdaratio": 0.2346326837,
        "operatingIncome": 51700000,
        "operatingIncomeRatio": 0.1937781109,
        "totalOtherIncomeExpensesNet": 0,
        "incomeBeforeTax": 51700000,
        "incomeBeforeTaxRatio": 0.1937781109,
        "incomeTaxExpense": 18600000,
        "netIncome": 33100000,
        "netIncomeRatio": 0.1240629685,
        "eps": 0.91,
        "epsdiluted": 0.91,
        "weightedAverageShsOut": 36374000,
        "weightedAverageShsOutDil": 36374000,
        "link": "https://www.sec.gov/Archives/edgar/data/18349/000001834996000018/0000018349-96-000018-index.html",
        "finalLink": "https://www.sec.gov/Archives/edgar/data/18349/0000018349-96-000018.txt"
    },
    {
        "date": "1996-03-31",
        "symbol": "SNV",
        "reportedCurrency": "USD",
        "cik": "0000018349",
        "fillingDate": "1996-05-15",
        "acceptedDate": "1996-05-15 00:00:00",
        "calendarYear": "1996",
        "period": "Q1",
        "revenue": 256600000,
        "costOfRevenue": 77500000,
        "grossProfit": 179100000,
        "grossProfitRatio": 0.6979734996,
        "researchAndDevelopmentExpenses": 0,
        "generalAndAdministrativeExpenses": 72600000,
        "sellingAndMarketingExpenses": 0,
        "sellingGeneralAndAdministrativeExpenses": 72600000,
        "otherExpenses": 60600000,
        "operatingExpenses": 133200000,
        "costAndExpenses": 210700000,
        "interestIncome": 160200000,
        "interestExpense": 71100000,
        "depreciationAndAmortization": 10200000,
        "ebitda": 56100000,
        "ebitdaratio": 0.2186282151,
        "operatingIncome": 45900000,
        "operatingIncomeRatio": 0.1788776306,
        "totalOtherIncomeExpensesNet": 0,
        "incomeBeforeTax": 45900000,
        "incomeBeforeTaxRatio": 0.1788776306,
        "incomeTaxExpense": 16300000,
        "netIncome": 29600000,
        "netIncomeRatio": 0.1153546376,
        "eps": 0.77,
        "epsdiluted": 0.77,
        "weightedAverageShsOut": 38442000,
        "weightedAverageShsOutDil": 38442000,
        "link": "https://www.sec.gov/Archives/edgar/data/18349/000001834996000014/0000018349-96-000014-index.html",
        "finalLink": "https://www.sec.gov/Archives/edgar/data/18349/0000018349-96-000014.txt"
    },
    {
        "date": "1995-12-31",
        "symbol": "SNV",
        "reportedCurrency": "USD",
        "cik": "0000018349",
        "fillingDate": "1996-03-25",
        "acceptedDate": "1996-03-25 00:00:00",
        "calendarYear": "1995",
        "period": "Q4",
        "revenue": 257200000,
        "costOfRevenue": 81000000,
        "grossProfit": 176200000,
        "grossProfitRatio": 0.6850699844,
        "researchAndDevelopmentExpenses": 0,
        "generalAndAdministrativeExpenses": 65800000,
        "sellingAndMarketingExpenses": 0,
        "sellingGeneralAndAdministrativeExpenses": 65800000,
        "otherExpenses": 57400000,
        "operatingExpenses": 123200000,
        "costAndExpenses": 204200000,
        "interestIncome": 160700000,
        "interestExpense": 72400000,
        "depreciationAndAmortization": 9200000,
        "ebitda": 62200000,
        "ebitdaratio": 0.2418351477,
        "operatingIncome": 53000000,
        "operatingIncomeRatio": 0.2060653188,
        "totalOtherIncomeExpensesNet": 0,
        "incomeBeforeTax": 53000000,
        "incomeBeforeTaxRatio": 0.2060653188,
        "incomeTaxExpense": 19300000,
        "netIncome": 33700000,
        "netIncomeRatio": 0.1310264386,
        "eps": 0.88,
        "epsdiluted": 0.88,
        "weightedAverageShsOut": 38442000,
        "weightedAverageShsOutDil": 38442000,
        "link": "https://www.sec.gov/Archives/edgar/data/18349/000001834996000010/0000018349-96-000010-index.html",
        "finalLink": "https://www.sec.gov/Archives/edgar/data/18349/0000018349-96-000010.txt"
    },
    {
        "date": "1995-09-30",
        "symbol": "SNV",
        "reportedCurrency": "USD",
        "cik": "0000018349",
        "fillingDate": "1995-11-14",
        "acceptedDate": "1995-11-14 00:00:00",
        "calendarYear": "1995",
        "period": "Q3",
        "revenue": 247300000,
        "costOfRevenue": 77400000,
        "grossProfit": 169900000,
        "grossProfitRatio": 0.687019814,
        "researchAndDevelopmentExpenses": 0,
        "generalAndAdministrativeExpenses": 64500000,
        "sellingAndMarketingExpenses": 0,
        "sellingGeneralAndAdministrativeExpenses": 64500000,
        "otherExpenses": 58200000,
        "operatingExpenses": 122700000,
        "costAndExpenses": 200100000,
        "interestIncome": 157500000,
        "interestExpense": 71200000,
        "depreciationAndAmortization": 10600000,
        "ebitda": 57800000,
        "ebitdaratio": 0.2337242216,
        "operatingIncome": 47200000,
        "operatingIncomeRatio": 0.1908613021,
        "totalOtherIncomeExpensesNet": 0,
        "incomeBeforeTax": 47200000,
        "incomeBeforeTaxRatio": 0.1908613021,
        "incomeTaxExpense": 16900000,
        "netIncome": 30300000,
        "netIncomeRatio": 0.1225232511,
        "eps": 0.77,
        "epsdiluted": 0.77,
        "weightedAverageShsOut": 39351000,
        "weightedAverageShsOutDil": 39351000,
        "link": "https://www.sec.gov/Archives/edgar/data/18349/000001834995000025/0000018349-95-000025-index.html",
        "finalLink": "https://www.sec.gov/Archives/edgar/data/18349/0000018349-95-000025.txt"
    },
    {
        "date": "1995-06-30",
        "symbol": "SNV",
        "reportedCurrency": "USD",
        "cik": "0000018349",
        "fillingDate": "1995-08-11",
        "acceptedDate": "1995-08-11 00:00:00",
        "calendarYear": "1995",
        "period": "Q2",
        "revenue": 234400000,
        "costOfRevenue": 74500000,
        "grossProfit": 159900000,
        "grossProfitRatio": 0.6821672355,
        "researchAndDevelopmentExpenses": 0,
        "generalAndAdministrativeExpenses": 62000000,
        "sellingAndMarketingExpenses": 0,
        "sellingGeneralAndAdministrativeExpenses": 62000000,
        "otherExpenses": 56100000,
        "operatingExpenses": 118100000,
        "costAndExpenses": 192600000,
        "interestIncome": 153300000,
        "interestExpense": 68800000,
        "depreciationAndAmortization": 9600000,
        "ebitda": 51400000,
        "ebitdaratio": 0.2192832765,
        "operatingIncome": 41800000,
        "operatingIncomeRatio": 0.1783276451,
        "totalOtherIncomeExpensesNet": 0,
        "incomeBeforeTax": 41800000,
        "incomeBeforeTaxRatio": 0.1783276451,
        "incomeTaxExpense": 15200000,
        "netIncome": 26600000,
        "netIncomeRatio": 0.1134812287,
        "eps": 0.7,
        "epsdiluted": 0.7,
        "weightedAverageShsOut": 38000000,
        "weightedAverageShsOutDil": 38000000,
        "link": "https://www.sec.gov/Archives/edgar/data/18349/000001834995000016/0000018349-95-000016-index.html",
        "finalLink": "https://www.sec.gov/Archives/edgar/data/18349/0000018349-95-000016.txt"
    },
    {
        "date": "1995-03-31",
        "symbol": "SNV",
        "reportedCurrency": "USD",
        "cik": "0000018349",
        "fillingDate": "1995-05-12",
        "acceptedDate": "1995-05-12 00:00:00",
        "calendarYear": "1995",
        "period": "Q1",
        "revenue": 217800000,
        "costOfRevenue": 66700000,
        "grossProfit": 151100000,
        "grossProfitRatio": 0.6937557392,
        "researchAndDevelopmentExpenses": 0,
        "generalAndAdministrativeExpenses": 60200000,
        "sellingAndMarketingExpenses": 0,
        "sellingGeneralAndAdministrativeExpenses": 60200000,
        "otherExpenses": 53400000,
        "operatingExpenses": 113600000,
        "costAndExpenses": 180300000,
        "interestIncome": 144300000,
        "interestExpense": 61500000,
        "depreciationAndAmortization": 9200000,
        "ebitda": 46700000,
        "ebitdaratio": 0.2144168962,
        "operatingIncome": 37500000,
        "operatingIncomeRatio": 0.1721763085,
        "totalOtherIncomeExpensesNet": 0,
        "incomeBeforeTax": 37500000,
        "incomeBeforeTaxRatio": 0.1721763085,
        "incomeTaxExpense": 13400000,
        "netIncome": 24100000,
        "netIncomeRatio": 0.1106519743,
        "eps": 0.63,
        "epsdiluted": 0.63,
        "weightedAverageShsOut": 38254000,
        "weightedAverageShsOutDil": 38254000,
        "link": "https://www.sec.gov/Archives/edgar/data/18349/000095014495001312/0000950144-95-001312-index.html",
        "finalLink": "https://www.sec.gov/Archives/edgar/data/18349/0000950144-95-001312.txt"
    },
    {
        "date": "1994-12-31",
        "symbol": "SNV",
        "reportedCurrency": "USD",
        "cik": "0000018349",
        "fillingDate": "1994-12-31",
        "acceptedDate": "1994-12-31 00:00:00",
        "calendarYear": "1994",
        "period": "Q4",
        "revenue": 190400000,
        "costOfRevenue": 53700000,
        "grossProfit": 136700000,
        "grossProfitRatio": 0.7179621849,
        "researchAndDevelopmentExpenses": 0,
        "generalAndAdministrativeExpenses": 51200000,
        "sellingAndMarketingExpenses": 0,
        "sellingGeneralAndAdministrativeExpenses": 51200000,
        "otherExpenses": 47800000,
        "operatingExpenses": 99000000,
        "costAndExpenses": 152700000,
        "interestIncome": 116900000,
        "interestExpense": 47000000,
        "depreciationAndAmortization": 8500000,
        "ebitda": 46200000,
        "ebitdaratio": 0.2426470588,
        "operatingIncome": 37700000,
        "operatingIncomeRatio": 0.1980042017,
        "totalOtherIncomeExpensesNet": 0,
        "incomeBeforeTax": 37700000,
        "incomeBeforeTaxRatio": 0.1980042017,
        "incomeTaxExpense": 13200000,
        "netIncome": 24500000,
        "netIncomeRatio": 0.1286764706,
        "eps": 0.77,
        "epsdiluted": 0.77,
        "weightedAverageShsOut": 31857000,
        "weightedAverageShsOutDil": 31857000,
        "link": null,
        "finalLink": null
    },
    {
        "date": "1994-09-30",
        "symbol": "SNV",
        "reportedCurrency": "USD",
        "cik": "0000018349",
        "fillingDate": "1994-09-30",
        "acceptedDate": "1994-09-30 00:00:00",
        "calendarYear": "1994",
        "period": "Q3",
        "revenue": 175900000,
        "costOfRevenue": 48100000,
        "grossProfit": 127800000,
        "grossProfitRatio": 0.7265491757,
        "researchAndDevelopmentExpenses": 0,
        "generalAndAdministrativeExpenses": 49300000,
        "sellingAndMarketingExpenses": 0,
        "sellingGeneralAndAdministrativeExpenses": 49300000,
        "otherExpenses": 44200000,
        "operatingExpenses": 93500000,
        "costAndExpenses": 141600000,
        "interestIncome": 109800000,
        "interestExpense": 43200000,
        "depreciationAndAmortization": 8200000,
        "ebitda": 42500000,
        "ebitdaratio": 0.2416145537,
        "operatingIncome": 34300000,
        "operatingIncomeRatio": 0.1949971575,
        "totalOtherIncomeExpensesNet": 0,
        "incomeBeforeTax": 34300000,
        "incomeBeforeTaxRatio": 0.1949971575,
        "incomeTaxExpense": 12000000,
        "netIncome": 22300000,
        "netIncomeRatio": 0.1267765776,
        "eps": 0.7,
        "epsdiluted": 0.7,
        "weightedAverageShsOut": 31857000,
        "weightedAverageShsOutDil": 31857000,
        "link": null,
        "finalLink": null
    },
    {
        "date": "1994-06-30",
        "symbol": "SNV",
        "reportedCurrency": "USD",
        "cik": "0000018349",
        "fillingDate": "1994-06-30",
        "acceptedDate": "1994-06-30 00:00:00",
        "calendarYear": "1994",
        "period": "Q2",
        "revenue": 168500000,
        "costOfRevenue": 46000000,
        "grossProfit": 122500000,
        "grossProfitRatio": 0.7270029674,
        "researchAndDevelopmentExpenses": 0,
        "generalAndAdministrativeExpenses": 46900000,
        "sellingAndMarketingExpenses": 0,
        "sellingGeneralAndAdministrativeExpenses": 46900000,
        "otherExpenses": 43200000,
        "operatingExpenses": 90100000,
        "costAndExpenses": 136100000,
        "interestIncome": 105600000,
        "interestExpense": 41000000,
        "depreciationAndAmortization": 7800000,
        "ebitda": 40200000,
        "ebitdaratio": 0.2385756677,
        "operatingIncome": 32400000,
        "operatingIncomeRatio": 0.1922848665,
        "totalOtherIncomeExpensesNet": 0,
        "incomeBeforeTax": 32400000,
        "incomeBeforeTaxRatio": 0.1922848665,
        "incomeTaxExpense": 11700000,
        "netIncome": 20700000,
        "netIncomeRatio": 0.1228486647,
        "eps": 0.63,
        "epsdiluted": 0.63,
        "weightedAverageShsOut": 32857000,
        "weightedAverageShsOutDil": 32857000,
        "link": null,
        "finalLink": null
    },
    {
        "date": "1994-03-31",
        "symbol": "SNV",
        "reportedCurrency": "USD",
        "cik": "0000018349",
        "fillingDate": "1994-03-31",
        "acceptedDate": "1994-03-31 00:00:00",
        "calendarYear": "1994",
        "period": "Q1",
        "revenue": 158600000,
        "costOfRevenue": 44300000,
        "grossProfit": 114300000,
        "grossProfitRatio": 0.7206809584,
        "researchAndDevelopmentExpenses": 0,
        "generalAndAdministrativeExpenses": 44300000,
        "sellingAndMarketingExpenses": 0,
        "sellingGeneralAndAdministrativeExpenses": 44300000,
        "otherExpenses": 40000000,
        "operatingExpenses": 84300000,
        "costAndExpenses": 128600000,
        "interestIncome": 97100000,
        "interestExpense": 38700000,
        "depreciationAndAmortization": 8600000,
        "ebitda": 38600000,
        "ebitdaratio": 0.2433795712,
        "operatingIncome": 30000000,
        "operatingIncomeRatio": 0.1891551072,
        "totalOtherIncomeExpensesNet": 0,
        "incomeBeforeTax": 30000000,
        "incomeBeforeTaxRatio": 0.1891551072,
        "incomeTaxExpense": 11200000,
        "netIncome": 18800000,
        "netIncomeRatio": 0.1185372005,
        "eps": 0.63,
        "epsdiluted": 0.63,
        "weightedAverageShsOut": 29841000,
        "weightedAverageShsOutDil": 29841000,
        "link": null,
        "finalLink": null
    },
    {
        "date": "1993-12-31",
        "symbol": "SNV",
        "reportedCurrency": "USD",
        "cik": "0000018349",
        "fillingDate": "1993-12-31",
        "acceptedDate": "1993-12-31 00:00:00",
        "calendarYear": "1993",
        "period": "Q4",
        "revenue": 160000000,
        "costOfRevenue": 44600000,
        "grossProfit": 115400000,
        "grossProfitRatio": 0.72125,
        "researchAndDevelopmentExpenses": 0,
        "generalAndAdministrativeExpenses": 41900000,
        "sellingAndMarketingExpenses": 0,
        "sellingGeneralAndAdministrativeExpenses": 41900000,
        "otherExpenses": 40900000,
        "operatingExpenses": 82800000,
        "costAndExpenses": 127400000,
        "interestIncome": 98600000,
        "interestExpense": 39400000,
        "depreciationAndAmortization": 7400000,
        "ebitda": 40000000,
        "ebitdaratio": 0.25,
        "operatingIncome": 32600000,
        "operatingIncomeRatio": 0.20375,
        "totalOtherIncomeExpensesNet": 0,
        "incomeBeforeTax": 32600000,
        "incomeBeforeTaxRatio": 0.20375,
        "incomeTaxExpense": 11900000,
        "netIncome": 20700000,
        "netIncomeRatio": 0.129375,
        "eps": 0.69,
        "epsdiluted": 0.69,
        "weightedAverageShsOut": 30159000,
        "weightedAverageShsOutDil": 30159000,
        "link": null,
        "finalLink": null
    },
    {
        "date": "1993-09-30",
        "symbol": "SNV",
        "reportedCurrency": "USD",
        "cik": "0000018349",
        "fillingDate": "1993-09-30",
        "acceptedDate": "1993-09-30 00:00:00",
        "calendarYear": "1993",
        "period": "Q3",
        "revenue": 155800000,
        "costOfRevenue": 47000000,
        "grossProfit": 108800000,
        "grossProfitRatio": 0.6983311938,
        "researchAndDevelopmentExpenses": 0,
        "generalAndAdministrativeExpenses": 41200000,
        "sellingAndMarketingExpenses": 0,
        "sellingGeneralAndAdministrativeExpenses": 41200000,
        "otherExpenses": 38900000,
        "operatingExpenses": 80100000,
        "costAndExpenses": 127100000,
        "interestIncome": 98700000,
        "interestExpense": 40300000,
        "depreciationAndAmortization": 8200000,
        "ebitda": 36900000,
        "ebitdaratio": 0.2368421053,
        "operatingIncome": 28700000,
        "operatingIncomeRatio": 0.1842105263,
        "totalOtherIncomeExpensesNet": 0,
        "incomeBeforeTax": 28700000,
        "incomeBeforeTaxRatio": 0.1842105263,
        "incomeTaxExpense": 9700000,
        "netIncome": 19000000,
        "netIncomeRatio": 0.1219512195,
        "eps": 0.63,
        "epsdiluted": 0.63,
        "weightedAverageShsOut": 30159000,
        "weightedAverageShsOutDil": 30159000,
        "link": null,
        "finalLink": null
    },
    {
        "date": "1993-06-30",
        "symbol": "SNV",
        "reportedCurrency": "USD",
        "cik": "0000018349",
        "fillingDate": "1993-06-30",
        "acceptedDate": "1993-06-30 00:00:00",
        "calendarYear": "1993",
        "period": "Q2",
        "revenue": 151500000,
        "costOfRevenue": 46000000,
        "grossProfit": 105500000,
        "grossProfitRatio": 0.696369637,
        "researchAndDevelopmentExpenses": 0,
        "generalAndAdministrativeExpenses": 40100000,
        "sellingAndMarketingExpenses": 0,
        "sellingGeneralAndAdministrativeExpenses": 40100000,
        "otherExpenses": 37800000,
        "operatingExpenses": 77900000,
        "costAndExpenses": 123900000,
        "interestIncome": 96800000,
        "interestExpense": 40200000,
        "depreciationAndAmortization": 7500000,
        "ebitda": 35100000,
        "ebitdaratio": 0.2316831683,
        "operatingIncome": 27600000,
        "operatingIncomeRatio": 0.1821782178,
        "totalOtherIncomeExpensesNet": 0,
        "incomeBeforeTax": 27600000,
        "incomeBeforeTaxRatio": 0.1821782178,
        "incomeTaxExpense": 9700000,
        "netIncome": 17900000,
        "netIncomeRatio": 0.1181518152,
        "eps": 0.56,
        "epsdiluted": 0.56,
        "weightedAverageShsOut": 31964000,
        "weightedAverageShsOutDil": 31964000,
        "link": null,
        "finalLink": null
    },
    {
        "date": "1993-03-31",
        "symbol": "SNV",
        "reportedCurrency": "USD",
        "cik": "0000018349",
        "fillingDate": "1993-03-31",
        "acceptedDate": "1993-03-31 00:00:00",
        "calendarYear": "1993",
        "period": "Q1",
        "revenue": 148100000,
        "costOfRevenue": 46100000,
        "grossProfit": 102000000,
        "grossProfitRatio": 0.6887238352,
        "researchAndDevelopmentExpenses": 0,
        "generalAndAdministrativeExpenses": 40200000,
        "sellingAndMarketingExpenses": 0,
        "sellingGeneralAndAdministrativeExpenses": 40200000,
        "otherExpenses": 36600000,
        "operatingExpenses": 76800000,
        "costAndExpenses": 122900000,
        "interestIncome": 95200000,
        "interestExpense": 40300000,
        "depreciationAndAmortization": 7400000,
        "ebitda": 32600000,
        "ebitdaratio": 0.2201215395,
        "operatingIncome": 25200000,
        "operatingIncomeRatio": 0.1701553005,
        "totalOtherIncomeExpensesNet": 0,
        "incomeBeforeTax": 25200000,
        "incomeBeforeTaxRatio": 0.1701553005,
        "incomeTaxExpense": 8700000,
        "netIncome": 16500000,
        "netIncomeRatio": 0.1114112086,
        "eps": 0.49,
        "epsdiluted": 0.49,
        "weightedAverageShsOut": 33673000,
        "weightedAverageShsOutDil": 33673000,
        "link": null,
        "finalLink": null
    },
    {
        "date": "1992-12-31",
        "symbol": "SNV",
        "reportedCurrency": "USD",
        "cik": "0000018349",
        "fillingDate": "1992-12-31",
        "acceptedDate": "1992-12-31 00:00:00",
        "calendarYear": "1992",
        "period": "Q4",
        "revenue": 207200000,
        "costOfRevenue": 79200000,
        "grossProfit": 128000000,
        "grossProfitRatio": 0.6177606178,
        "researchAndDevelopmentExpenses": 0,
        "generalAndAdministrativeExpenses": 45700000,
        "sellingAndMarketingExpenses": 0,
        "sellingGeneralAndAdministrativeExpenses": 45700000,
        "otherExpenses": 47400000,
        "operatingExpenses": 93100000,
        "costAndExpenses": 172300000,
        "interestIncome": 148500000,
        "interestExpense": 65100000,
        "depreciationAndAmortization": 8800000,
        "ebitda": 43700000,
        "ebitdaratio": 0.2109073359,
        "operatingIncome": 34900000,
        "operatingIncomeRatio": 0.1684362934,
        "totalOtherIncomeExpensesNet": 0,
        "incomeBeforeTax": 34900000,
        "incomeBeforeTaxRatio": 0.1684362934,
        "incomeTaxExpense": 11700000,
        "netIncome": 23200000,
        "netIncomeRatio": 0.111969112,
        "eps": 0.83,
        "epsdiluted": 0.83,
        "weightedAverageShsOut": 27959000,
        "weightedAverageShsOutDil": 27959000,
        "link": null,
        "finalLink": null
    },
    {
        "date": "1992-09-30",
        "symbol": "SNV",
        "reportedCurrency": "USD",
        "cik": "0000018349",
        "fillingDate": "1992-09-30",
        "acceptedDate": "1992-09-30 00:00:00",
        "calendarYear": "1992",
        "period": "Q3",
        "revenue": 131400000,
        "costOfRevenue": 44200000,
        "grossProfit": 87200000,
        "grossProfitRatio": 0.6636225266,
        "researchAndDevelopmentExpenses": 0,
        "generalAndAdministrativeExpenses": 32400000,
        "sellingAndMarketingExpenses": 0,
        "sellingGeneralAndAdministrativeExpenses": 32400000,
        "otherExpenses": 33700000,
        "operatingExpenses": 66100000,
        "costAndExpenses": 110300000,
        "interestIncome": 82400000,
        "interestExpense": 37700000,
        "depreciationAndAmortization": 6800000,
        "ebitda": 27900000,
        "ebitdaratio": 0.2123287671,
        "operatingIncome": 21100000,
        "operatingIncomeRatio": 0.1605783866,
        "totalOtherIncomeExpensesNet": 0,
        "incomeBeforeTax": 21100000,
        "incomeBeforeTaxRatio": 0.1605783866,
        "incomeTaxExpense": 7400000,
        "netIncome": 13700000,
        "netIncomeRatio": 0.104261796,
        "eps": 0.49,
        "epsdiluted": 0.49,
        "weightedAverageShsOut": 27959000,
        "weightedAverageShsOutDil": 27959000,
        "link": null,
        "finalLink": null
    },
    {
        "date": "1992-06-30",
        "symbol": "SNV",
        "reportedCurrency": "USD",
        "cik": "0000018349",
        "fillingDate": "1992-06-30",
        "acceptedDate": "1992-06-30 00:00:00",
        "calendarYear": "1992",
        "period": "Q2",
        "revenue": 128500000,
        "costOfRevenue": 46300000,
        "grossProfit": 82200000,
        "grossProfitRatio": 0.639688716,
        "researchAndDevelopmentExpenses": 0,
        "generalAndAdministrativeExpenses": 31700000,
        "sellingAndMarketingExpenses": 0,
        "sellingGeneralAndAdministrativeExpenses": 31700000,
        "otherExpenses": 31400000,
        "operatingExpenses": 63100000,
        "costAndExpenses": 109400000,
        "interestIncome": 84000000,
        "interestExpense": 41300000,
        "depreciationAndAmortization": 5900000,
        "ebitda": 25000000,
        "ebitdaratio": 0.1945525292,
        "operatingIncome": 19100000,
        "operatingIncomeRatio": 0.1486381323,
        "totalOtherIncomeExpensesNet": 0,
        "incomeBeforeTax": 19100000,
        "incomeBeforeTaxRatio": 0.1486381323,
        "incomeTaxExpense": 6400000,
        "netIncome": 12700000,
        "netIncomeRatio": 0.0988326848,
        "eps": 0.49,
        "epsdiluted": 0.49,
        "weightedAverageShsOut": 25918000,
        "weightedAverageShsOutDil": 25918000,
        "link": null,
        "finalLink": null
    },
    {
        "date": "1992-03-31",
        "symbol": "SNV",
        "reportedCurrency": "USD",
        "cik": "0000018349",
        "fillingDate": "1992-03-31",
        "acceptedDate": "1992-03-31 00:00:00",
        "calendarYear": "1992",
        "period": "Q1",
        "revenue": 128000000,
        "costOfRevenue": 49200000,
        "grossProfit": 78800000,
        "grossProfitRatio": 0.615625,
        "researchAndDevelopmentExpenses": 0,
        "generalAndAdministrativeExpenses": 31100000,
        "sellingAndMarketingExpenses": 0,
        "sellingGeneralAndAdministrativeExpenses": 31100000,
        "otherExpenses": 30600000,
        "operatingExpenses": 61700000,
        "costAndExpenses": 110900000,
        "interestIncome": 84700000,
        "interestExpense": 44300000,
        "depreciationAndAmortization": 6200000,
        "ebitda": 23300000,
        "ebitdaratio": 0.18203125,
        "operatingIncome": 17100000,
        "operatingIncomeRatio": 0.13359375,
        "totalOtherIncomeExpensesNet": 0,
        "incomeBeforeTax": 17100000,
        "incomeBeforeTaxRatio": 0.13359375,
        "incomeTaxExpense": 5500000,
        "netIncome": 11600000,
        "netIncomeRatio": 0.090625,
        "eps": 0.42,
        "epsdiluted": 0.42,
        "weightedAverageShsOut": 27619000,
        "weightedAverageShsOutDil": 27619000,
        "link": null,
        "finalLink": null
    },
    {
        "date": "1991-12-31",
        "symbol": "SNV",
        "reportedCurrency": "USD",
        "cik": "0000018349",
        "fillingDate": "1991-12-31",
        "acceptedDate": "1991-12-31 00:00:00",
        "calendarYear": "1991",
        "period": "Q4",
        "revenue": 132600000,
        "costOfRevenue": 56700000,
        "grossProfit": 75900000,
        "grossProfitRatio": 0.57239819,
        "researchAndDevelopmentExpenses": 0,
        "generalAndAdministrativeExpenses": 29500000,
        "sellingAndMarketingExpenses": 0,
        "sellingGeneralAndAdministrativeExpenses": 29500000,
        "otherExpenses": 30500000,
        "operatingExpenses": 60000000,
        "costAndExpenses": 116700000,
        "interestIncome": 88300000,
        "interestExpense": 48700000,
        "depreciationAndAmortization": 4100000,
        "ebitda": 20000000,
        "ebitdaratio": 0.1508295626,
        "operatingIncome": 15900000,
        "operatingIncomeRatio": 0.1199095023,
        "totalOtherIncomeExpensesNet": 0,
        "incomeBeforeTax": 15900000,
        "incomeBeforeTaxRatio": 0.1199095023,
        "incomeTaxExpense": 5200000,
        "netIncome": 10700000,
        "netIncomeRatio": 0.080693816,
        "eps": 0.43,
        "epsdiluted": 0.43,
        "weightedAverageShsOut": 25000000,
        "weightedAverageShsOutDil": 25000000,
        "link": null,
        "finalLink": null
    },
    {
        "date": "1991-09-30",
        "symbol": "SNV",
        "reportedCurrency": "USD",
        "cik": "0000018349",
        "fillingDate": "1991-09-30",
        "acceptedDate": "1991-09-30 00:00:00",
        "calendarYear": "1991",
        "period": "Q3",
        "revenue": 129800000,
        "costOfRevenue": 54400000,
        "grossProfit": 75400000,
        "grossProfitRatio": 0.5808936826,
        "researchAndDevelopmentExpenses": 0,
        "generalAndAdministrativeExpenses": 29800000,
        "sellingAndMarketingExpenses": 0,
        "sellingGeneralAndAdministrativeExpenses": 29800000,
        "otherExpenses": 30100000,
        "operatingExpenses": 59900000,
        "costAndExpenses": 114300000,
        "interestIncome": 87500000,
        "interestExpense": 48600000,
        "depreciationAndAmortization": 5100000,
        "ebitda": 20600000,
        "ebitdaratio": 0.1587057011,
        "operatingIncome": 15500000,
        "operatingIncomeRatio": 0.1194144838,
        "totalOtherIncomeExpensesNet": 0,
        "incomeBeforeTax": 15500000,
        "incomeBeforeTaxRatio": 0.1194144838,
        "incomeTaxExpense": 5000000,
        "netIncome": 10500000,
        "netIncomeRatio": 0.0808936826,
        "eps": 0.42,
        "epsdiluted": 0.42,
        "weightedAverageShsOut": 25000000,
        "weightedAverageShsOutDil": 25000000,
        "link": null,
        "finalLink": null
    },
    {
        "date": "1991-06-30",
        "symbol": "SNV",
        "reportedCurrency": "USD",
        "cik": "0000018349",
        "fillingDate": "1991-06-30",
        "acceptedDate": "1991-06-30 00:00:00",
        "calendarYear": "1991",
        "period": "Q2",
        "revenue": 115400000,
        "costOfRevenue": 46900000,
        "grossProfit": 68500000,
        "grossProfitRatio": 0.5935875217,
        "researchAndDevelopmentExpenses": 0,
        "generalAndAdministrativeExpenses": 27400000,
        "sellingAndMarketingExpenses": 0,
        "sellingGeneralAndAdministrativeExpenses": 27400000,
        "otherExpenses": 26700000,
        "operatingExpenses": 54100000,
        "costAndExpenses": 101000000,
        "interestIncome": 76000000,
        "interestExpense": 42700000,
        "depreciationAndAmortization": 4500000,
        "ebitda": 18900000,
        "ebitdaratio": 0.1637781629,
        "operatingIncome": 14400000,
        "operatingIncomeRatio": 0.1247833622,
        "totalOtherIncomeExpensesNet": 0,
        "incomeBeforeTax": 14400000,
        "incomeBeforeTaxRatio": 0.1247833622,
        "incomeTaxExpense": 4500000,
        "netIncome": 9900000,
        "netIncomeRatio": 0.0857885615,
        "eps": 0.42,
        "epsdiluted": 0.42,
        "weightedAverageShsOut": 23571000,
        "weightedAverageShsOutDil": 23571000,
        "link": null,
        "finalLink": null
    },
    {
        "date": "1991-03-31",
        "symbol": "SNV",
        "reportedCurrency": "USD",
        "cik": "0000018349",
        "fillingDate": "1991-03-31",
        "acceptedDate": "1991-03-31 00:00:00",
        "calendarYear": "1991",
        "period": "Q1",
        "revenue": 109800000,
        "costOfRevenue": 44600000,
        "grossProfit": 65200000,
        "grossProfitRatio": 0.5938069217,
        "researchAndDevelopmentExpenses": 0,
        "generalAndAdministrativeExpenses": 26400000,
        "sellingAndMarketingExpenses": 0,
        "sellingGeneralAndAdministrativeExpenses": 26400000,
        "otherExpenses": 25200000,
        "operatingExpenses": 51600000,
        "costAndExpenses": 96200000,
        "interestIncome": 73100000,
        "interestExpense": 41300000,
        "depreciationAndAmortization": 4100000,
        "ebitda": 17700000,
        "ebitdaratio": 0.1612021858,
        "operatingIncome": 13600000,
        "operatingIncomeRatio": 0.1238615665,
        "totalOtherIncomeExpensesNet": 0,
        "incomeBeforeTax": 13600000,
        "incomeBeforeTaxRatio": 0.1238615665,
        "incomeTaxExpense": 4200000,
        "netIncome": 9400000,
        "netIncomeRatio": 0.0856102004,
        "eps": 0.35,
        "epsdiluted": 0.35,
        "weightedAverageShsOut": 26857000,
        "weightedAverageShsOutDil": 26857000,
        "link": null,
        "finalLink": null
    },
    {
        "date": "1990-12-31",
        "symbol": "SNV",
        "reportedCurrency": "USD",
        "cik": "0000018349",
        "fillingDate": "1990-12-31",
        "acceptedDate": "1990-12-30 19:00:00",
        "calendarYear": "1990",
        "period": "Q4",
        "revenue": 120900000,
        "costOfRevenue": 52200000,
        "grossProfit": 68700000,
        "grossProfitRatio": 0.5682382134,
        "researchAndDevelopmentExpenses": 0,
        "generalAndAdministrativeExpenses": 0,
        "sellingAndMarketingExpenses": 0,
        "sellingGeneralAndAdministrativeExpenses": 0,
        "otherExpenses": 54000000,
        "operatingExpenses": 54000000,
        "costAndExpenses": 106200000,
        "interestIncome": 83600000,
        "interestExpense": 47300000,
        "depreciationAndAmortization": 0,
        "ebitda": 14700000,
        "ebitdaratio": 0.1215880893,
        "operatingIncome": 14700000,
        "operatingIncomeRatio": 0.1215880893,
        "totalOtherIncomeExpensesNet": 0,
        "incomeBeforeTax": 14700000,
        "incomeBeforeTaxRatio": 0.1215880893,
        "incomeTaxExpense": 4500000,
        "netIncome": 10200000,
        "netIncomeRatio": 0.0843672457,
        "eps": 0.41,
        "epsdiluted": 0.41,
        "weightedAverageShsOut": 24258000,
        "weightedAverageShsOutDil": 25143000,
        "link": "",
        "finalLink": ""
    },
    {
        "date": "1990-09-30",
        "symbol": "SNV",
        "reportedCurrency": "USD",
        "cik": "0000018349",
        "fillingDate": "1990-09-30",
        "acceptedDate": "1990-09-30 00:00:00",
        "calendarYear": "1990",
        "period": "Q3",
        "revenue": 100600000,
        "costOfRevenue": 42200000,
        "grossProfit": 58400000,
        "grossProfitRatio": 0.5805168986,
        "researchAndDevelopmentExpenses": 0,
        "generalAndAdministrativeExpenses": 23800000,
        "sellingAndMarketingExpenses": 0,
        "sellingGeneralAndAdministrativeExpenses": 23800000,
        "otherExpenses": 22100000,
        "operatingExpenses": 45900000,
        "costAndExpenses": 88100000,
        "interestIncome": 69500000,
        "interestExpense": 39300000,
        "depreciationAndAmortization": 6600000,
        "ebitda": 19100000,
        "ebitdaratio": 0.189860835,
        "operatingIncome": 12500000,
        "operatingIncomeRatio": 0.1242544732,
        "totalOtherIncomeExpensesNet": 0,
        "incomeBeforeTax": 12500000,
        "incomeBeforeTaxRatio": 0.1242544732,
        "incomeTaxExpense": 3700000,
        "netIncome": 8800000,
        "netIncomeRatio": 0.0874751491,
        "eps": 0.35,
        "epsdiluted": 0.35,
        "weightedAverageShsOut": 25143000,
        "weightedAverageShsOutDil": 25143000,
        "link": null,
        "finalLink": null
    },
    {
        "date": "1990-06-30",
        "symbol": "SNV",
        "reportedCurrency": "USD",
        "cik": "0000018349",
        "fillingDate": "1990-06-30",
        "acceptedDate": "1990-06-30 00:00:00",
        "calendarYear": "1990",
        "period": "Q2",
        "revenue": 94100000,
        "costOfRevenue": 39400000,
        "grossProfit": 54700000,
        "grossProfitRatio": 0.5812964931,
        "researchAndDevelopmentExpenses": 0,
        "generalAndAdministrativeExpenses": 22200000,
        "sellingAndMarketingExpenses": 0,
        "sellingGeneralAndAdministrativeExpenses": 22200000,
        "otherExpenses": 20400000,
        "operatingExpenses": 42600000,
        "costAndExpenses": 82000000,
        "interestIncome": 65900000,
        "interestExpense": 36900000,
        "depreciationAndAmortization": 3300000,
        "ebitda": 15400000,
        "ebitdaratio": 0.1636556854,
        "operatingIncome": 12100000,
        "operatingIncomeRatio": 0.12858661,
        "totalOtherIncomeExpensesNet": 0,
        "incomeBeforeTax": 12100000,
        "incomeBeforeTaxRatio": 0.12858661,
        "incomeTaxExpense": 3500000,
        "netIncome": 8600000,
        "netIncomeRatio": 0.091392136,
        "eps": 0.35,
        "epsdiluted": 0.35,
        "weightedAverageShsOut": 24571000,
        "weightedAverageShsOutDil": 24571000,
        "link": null,
        "finalLink": null
    },
    {
        "date": "1990-03-31",
        "symbol": "SNV",
        "reportedCurrency": "USD",
        "cik": "0000018349",
        "fillingDate": "1990-03-31",
        "acceptedDate": "1990-03-31 00:00:00",
        "calendarYear": "1990",
        "period": "Q1",
        "revenue": 89000000,
        "costOfRevenue": 37800000,
        "grossProfit": 51200000,
        "grossProfitRatio": 0.5752808989,
        "researchAndDevelopmentExpenses": 0,
        "generalAndAdministrativeExpenses": 21400000,
        "sellingAndMarketingExpenses": 0,
        "sellingGeneralAndAdministrativeExpenses": 21400000,
        "otherExpenses": 18400000,
        "operatingExpenses": 39800000,
        "costAndExpenses": 77600000,
        "interestIncome": 63500000,
        "interestExpense": 35300000,
        "depreciationAndAmortization": 2800000,
        "ebitda": 14200000,
        "ebitdaratio": 0.1595505618,
        "operatingIncome": 11400000,
        "operatingIncomeRatio": 0.1280898876,
        "totalOtherIncomeExpensesNet": 0,
        "incomeBeforeTax": 11400000,
        "incomeBeforeTaxRatio": 0.1280898876,
        "incomeTaxExpense": 3100000,
        "netIncome": 8300000,
        "netIncomeRatio": 0.093258427,
        "eps": 0.35,
        "epsdiluted": 0.35,
        "weightedAverageShsOut": 23714000,
        "weightedAverageShsOutDil": 23714000,
        "link": null,
        "finalLink": null
    },
    {
        "date": "1989-12-31",
        "symbol": "SNV",
        "reportedCurrency": "USD",
        "cik": "0000018349",
        "fillingDate": "1989-12-31",
        "acceptedDate": "1989-12-30 19:00:00",
        "calendarYear": "1989",
        "period": "Q4",
        "revenue": 0,
        "costOfRevenue": 0,
        "grossProfit": 0,
        "grossProfitRatio": 0,
        "researchAndDevelopmentExpenses": 0,
        "generalAndAdministrativeExpenses": 0,
        "sellingAndMarketingExpenses": 0,
        "sellingGeneralAndAdministrativeExpenses": 0,
        "otherExpenses": 0,
        "operatingExpenses": 0,
        "costAndExpenses": 0,
        "interestIncome": 0,
        "interestExpense": 0,
        "depreciationAndAmortization": 0,
        "ebitda": 0,
        "ebitdaratio": 0,
        "operatingIncome": 0,
        "operatingIncomeRatio": 0,
        "totalOtherIncomeExpensesNet": 0,
        "incomeBeforeTax": 0,
        "incomeBeforeTaxRatio": 0,
        "incomeTaxExpense": 0,
        "netIncome": 8600000,
        "netIncomeRatio": 0,
        "eps": 0.38,
        "epsdiluted": 0.38,
        "weightedAverageShsOut": 22857000,
        "weightedAverageShsOutDil": 22857000,
        "link": "",
        "finalLink": ""
    },
    {
        "date": "1989-09-30",
        "symbol": "SNV",
        "reportedCurrency": "USD",
        "cik": "0000018349",
        "fillingDate": "1989-09-30",
        "acceptedDate": "1989-09-30 00:00:00",
        "calendarYear": "1989",
        "period": "Q3",
        "revenue": 77200000,
        "costOfRevenue": 33000000,
        "grossProfit": 44200000,
        "grossProfitRatio": 0.5725388601,
        "researchAndDevelopmentExpenses": 0,
        "generalAndAdministrativeExpenses": 17100000,
        "sellingAndMarketingExpenses": 0,
        "sellingGeneralAndAdministrativeExpenses": 17100000,
        "otherExpenses": 16700000,
        "operatingExpenses": 33800000,
        "costAndExpenses": 66800000,
        "interestIncome": 55500000,
        "interestExpense": 31100000,
        "depreciationAndAmortization": 2800000,
        "ebitda": 13200000,
        "ebitdaratio": 0.170984456,
        "operatingIncome": 10400000,
        "operatingIncomeRatio": 0.1347150259,
        "totalOtherIncomeExpensesNet": 0,
        "incomeBeforeTax": 10400000,
        "incomeBeforeTaxRatio": 0.1347150259,
        "incomeTaxExpense": 2400000,
        "netIncome": 8000000,
        "netIncomeRatio": 0.103626943,
        "eps": 0.35,
        "epsdiluted": 0.35,
        "weightedAverageShsOut": 22857000,
        "weightedAverageShsOutDil": 22857000,
        "link": null,
        "finalLink": null
    },
    {
        "date": "1989-06-30",
        "symbol": "SNV",
        "reportedCurrency": "USD",
        "cik": "0000018349",
        "fillingDate": "1989-06-30",
        "acceptedDate": "1989-06-29 20:00:00",
        "calendarYear": "1989",
        "period": "Q2",
        "revenue": 76100000,
        "costOfRevenue": 32300000,
        "grossProfit": 43800000,
        "grossProfitRatio": 0.5755584757,
        "researchAndDevelopmentExpenses": 0,
        "generalAndAdministrativeExpenses": 17400000,
        "sellingAndMarketingExpenses": 0,
        "sellingGeneralAndAdministrativeExpenses": 17400000,
        "otherExpenses": 16800000,
        "operatingExpenses": 34200000,
        "costAndExpenses": 66500000,
        "interestIncome": 54900000,
        "interestExpense": 30100000,
        "depreciationAndAmortization": 0,
        "ebitda": 9600000,
        "ebitdaratio": 0.1261498029,
        "operatingIncome": 9600000,
        "operatingIncomeRatio": 0.1261498029,
        "totalOtherIncomeExpensesNet": 0,
        "incomeBeforeTax": 9600000,
        "incomeBeforeTaxRatio": 0.1261498029,
        "incomeTaxExpense": 2200000,
        "netIncome": 7400000,
        "netIncomeRatio": 0.0972404731,
        "eps": 0.35,
        "epsdiluted": 0.35,
        "weightedAverageShsOut": 21143000,
        "weightedAverageShsOutDil": 21143000,
        "link": "",
        "finalLink": ""
    },
    {
        "date": "1989-03-31",
        "symbol": "SNV",
        "reportedCurrency": "USD",
        "cik": "0000018349",
        "fillingDate": "1989-03-31",
        "acceptedDate": "1989-03-30 19:00:00",
        "calendarYear": "1989",
        "period": "Q1",
        "revenue": 0,
        "costOfRevenue": 0,
        "grossProfit": 0,
        "grossProfitRatio": 0,
        "researchAndDevelopmentExpenses": 0,
        "generalAndAdministrativeExpenses": 0,
        "sellingAndMarketingExpenses": 0,
        "sellingGeneralAndAdministrativeExpenses": 0,
        "otherExpenses": 0,
        "operatingExpenses": 0,
        "costAndExpenses": 0,
        "interestIncome": 0,
        "interestExpense": 0,
        "depreciationAndAmortization": 0,
        "ebitda": 0,
        "ebitdaratio": 0,
        "operatingIncome": 0,
        "operatingIncomeRatio": 0,
        "totalOtherIncomeExpensesNet": 0,
        "incomeBeforeTax": 0,
        "incomeBeforeTaxRatio": 0,
        "incomeTaxExpense": 0,
        "netIncome": 0,
        "netIncomeRatio": 0,
        "eps": 0.35,
        "epsdiluted": 0.35,
        "weightedAverageShsOut": 22198000,
        "weightedAverageShsOutDil": 22198000,
        "link": "",
        "finalLink": ""
    },
    {
        "date": "1988-09-30",
        "symbol": "SNV",
        "reportedCurrency": "USD",
        "cik": "0000018349",
        "fillingDate": "1988-09-30",
        "acceptedDate": "1988-09-29 20:00:00",
        "calendarYear": "1988",
        "period": "Q3",
        "revenue": 0,
        "costOfRevenue": 0,
        "grossProfit": 0,
        "grossProfitRatio": 0,
        "researchAndDevelopmentExpenses": 0,
        "generalAndAdministrativeExpenses": 0,
        "sellingAndMarketingExpenses": 0,
        "sellingGeneralAndAdministrativeExpenses": 0,
        "otherExpenses": 0,
        "operatingExpenses": 0,
        "costAndExpenses": 0,
        "interestIncome": 0,
        "interestExpense": 0,
        "depreciationAndAmortization": 0,
        "ebitda": 0,
        "ebitdaratio": 0,
        "operatingIncome": 0,
        "operatingIncomeRatio": 0,
        "totalOtherIncomeExpensesNet": 0,
        "incomeBeforeTax": 0,
        "incomeBeforeTaxRatio": 0,
        "incomeTaxExpense": 0,
        "netIncome": 0,
        "netIncomeRatio": 0,
        "eps": 0.35,
        "epsdiluted": 0.35,
        "weightedAverageShsOut": 22199000,
        "weightedAverageShsOutDil": 22199000,
        "link": null,
        "finalLink": null
    },
    {
        "date": "1988-06-30",
        "symbol": "SNV",
        "reportedCurrency": "USD",
        "cik": "0000018349",
        "fillingDate": "1988-06-30",
        "acceptedDate": "1988-06-29 20:00:00",
        "calendarYear": "1988",
        "period": "Q2",
        "revenue": 0,
        "costOfRevenue": 0,
        "grossProfit": 0,
        "grossProfitRatio": 0,
        "researchAndDevelopmentExpenses": 0,
        "generalAndAdministrativeExpenses": 0,
        "sellingAndMarketingExpenses": 0,
        "sellingGeneralAndAdministrativeExpenses": 0,
        "otherExpenses": 0,
        "operatingExpenses": 0,
        "costAndExpenses": 0,
        "interestIncome": 0,
        "interestExpense": 0,
        "depreciationAndAmortization": 0,
        "ebitda": 0,
        "ebitdaratio": 0,
        "operatingIncome": 0,
        "operatingIncomeRatio": 0,
        "totalOtherIncomeExpensesNet": 0,
        "incomeBeforeTax": 0,
        "incomeBeforeTaxRatio": 0,
        "incomeTaxExpense": 0,
        "netIncome": 0,
        "netIncomeRatio": 0,
        "eps": 0.28,
        "epsdiluted": 0.28,
        "weightedAverageShsOut": 22181000,
        "weightedAverageShsOutDil": 22181000,
        "link": null,
        "finalLink": null
    },
    {
        "date": "1988-03-31",
        "symbol": "SNV",
        "reportedCurrency": "USD",
        "cik": "0000018349",
        "fillingDate": "1988-03-31",
        "acceptedDate": "1988-03-30 19:00:00",
        "calendarYear": "1988",
        "period": "Q1",
        "revenue": 0,
        "costOfRevenue": 0,
        "grossProfit": 0,
        "grossProfitRatio": 0,
        "researchAndDevelopmentExpenses": 0,
        "generalAndAdministrativeExpenses": 0,
        "sellingAndMarketingExpenses": 0,
        "sellingGeneralAndAdministrativeExpenses": 0,
        "otherExpenses": 0,
        "operatingExpenses": 0,
        "costAndExpenses": 0,
        "interestIncome": 0,
        "interestExpense": 0,
        "depreciationAndAmortization": 0,
        "ebitda": 0,
        "ebitdaratio": 0,
        "operatingIncome": 0,
        "operatingIncomeRatio": 0,
        "totalOtherIncomeExpensesNet": 0,
        "incomeBeforeTax": 0,
        "incomeBeforeTaxRatio": 0,
        "incomeTaxExpense": 0,
        "netIncome": 0,
        "netIncomeRatio": 0,
        "eps": 0.28,
        "epsdiluted": 0.28,
        "weightedAverageShsOut": 21534000,
        "weightedAverageShsOutDil": 21534000,
        "link": "",
        "finalLink": ""
    },
    {
        "date": "1987-09-30",
        "symbol": "SNV",
        "reportedCurrency": "USD",
        "cik": "0000018349",
        "fillingDate": "1987-09-30",
        "acceptedDate": "1987-09-29 20:00:00",
        "calendarYear": "1987",
        "period": "Q3",
        "revenue": 0,
        "costOfRevenue": 0,
        "grossProfit": 0,
        "grossProfitRatio": 0,
        "researchAndDevelopmentExpenses": 0,
        "generalAndAdministrativeExpenses": 0,
        "sellingAndMarketingExpenses": 0,
        "sellingGeneralAndAdministrativeExpenses": 0,
        "otherExpenses": 0,
        "operatingExpenses": 0,
        "costAndExpenses": 0,
        "interestIncome": 0,
        "interestExpense": 0,
        "depreciationAndAmortization": 0,
        "ebitda": 0,
        "ebitdaratio": 0,
        "operatingIncome": 0,
        "operatingIncomeRatio": 0,
        "totalOtherIncomeExpensesNet": 0,
        "incomeBeforeTax": 0,
        "incomeBeforeTaxRatio": 0,
        "incomeTaxExpense": 0,
        "netIncome": 0,
        "netIncomeRatio": 0,
        "eps": 0.35,
        "epsdiluted": 0.35,
        "weightedAverageShsOut": 21285000,
        "weightedAverageShsOutDil": 21285000,
        "link": null,
        "finalLink": null
    },
    {
        "date": "1987-06-30",
        "symbol": "SNV",
        "reportedCurrency": "USD",
        "cik": "0000018349",
        "fillingDate": "1987-06-30",
        "acceptedDate": "1987-06-29 20:00:00",
        "calendarYear": "1987",
        "period": "Q2",
        "revenue": 0,
        "costOfRevenue": 0,
        "grossProfit": 0,
        "grossProfitRatio": 0,
        "researchAndDevelopmentExpenses": 0,
        "generalAndAdministrativeExpenses": 0,
        "sellingAndMarketingExpenses": 0,
        "sellingGeneralAndAdministrativeExpenses": 0,
        "otherExpenses": 0,
        "operatingExpenses": 0,
        "costAndExpenses": 0,
        "interestIncome": 0,
        "interestExpense": 0,
        "depreciationAndAmortization": 0,
        "ebitda": 0,
        "ebitdaratio": 0,
        "operatingIncome": 0,
        "operatingIncomeRatio": 0,
        "totalOtherIncomeExpensesNet": 0,
        "incomeBeforeTax": 0,
        "incomeBeforeTaxRatio": 0,
        "incomeTaxExpense": 0,
        "netIncome": 0,
        "netIncomeRatio": 0,
        "eps": 0.21,
        "epsdiluted": 0.21,
        "weightedAverageShsOut": 21285000,
        "weightedAverageShsOutDil": 21285000,
        "link": null,
        "finalLink": null
    },
    {
        "date": "1987-03-31",
        "symbol": "SNV",
        "reportedCurrency": "USD",
        "cik": "0000018349",
        "fillingDate": "1987-03-31",
        "acceptedDate": "1987-03-30 19:00:00",
        "calendarYear": "1987",
        "period": "Q1",
        "revenue": 0,
        "costOfRevenue": 0,
        "grossProfit": 0,
        "grossProfitRatio": 0,
        "researchAndDevelopmentExpenses": 0,
        "generalAndAdministrativeExpenses": 0,
        "sellingAndMarketingExpenses": 0,
        "sellingGeneralAndAdministrativeExpenses": 0,
        "otherExpenses": 0,
        "operatingExpenses": 0,
        "costAndExpenses": 0,
        "interestIncome": 0,
        "interestExpense": 0,
        "depreciationAndAmortization": 0,
        "ebitda": 0,
        "ebitdaratio": 0,
        "operatingIncome": 0,
        "operatingIncomeRatio": 0,
        "totalOtherIncomeExpensesNet": 0,
        "incomeBeforeTax": 0,
        "incomeBeforeTaxRatio": 0,
        "incomeTaxExpense": 0,
        "netIncome": 0,
        "netIncomeRatio": 0,
        "eps": 0.21,
        "epsdiluted": 0.21,
        "weightedAverageShsOut": 20375000,
        "weightedAverageShsOutDil": 20375000,
        "link": "",
        "finalLink": ""
    },
    {
        "date": "1986-09-30",
        "symbol": "SNV",
        "reportedCurrency": "USD",
        "cik": "0000018349",
        "fillingDate": "1986-09-30",
        "acceptedDate": "1986-09-29 20:00:00",
        "calendarYear": "1986",
        "period": "Q3",
        "revenue": 0,
        "costOfRevenue": 0,
        "grossProfit": 0,
        "grossProfitRatio": 0,
        "researchAndDevelopmentExpenses": 0,
        "generalAndAdministrativeExpenses": 0,
        "sellingAndMarketingExpenses": 0,
        "sellingGeneralAndAdministrativeExpenses": 0,
        "otherExpenses": 0,
        "operatingExpenses": 0,
        "costAndExpenses": 0,
        "interestIncome": 0,
        "interestExpense": 0,
        "depreciationAndAmortization": 0,
        "ebitda": 0,
        "ebitdaratio": 0,
        "operatingIncome": 0,
        "operatingIncomeRatio": 0,
        "totalOtherIncomeExpensesNet": 0,
        "incomeBeforeTax": 0,
        "incomeBeforeTaxRatio": 0,
        "incomeTaxExpense": 0,
        "netIncome": 0,
        "netIncomeRatio": 0,
        "eps": 0.21,
        "epsdiluted": 0.21,
        "weightedAverageShsOut": 20150000,
        "weightedAverageShsOutDil": 20150000,
        "link": null,
        "finalLink": null
    },
    {
        "date": "1986-06-30",
        "symbol": "SNV",
        "reportedCurrency": "USD",
        "cik": "0000018349",
        "fillingDate": "1986-06-30",
        "acceptedDate": "1986-06-29 20:00:00",
        "calendarYear": "1986",
        "period": "Q2",
        "revenue": 0,
        "costOfRevenue": 0,
        "grossProfit": 0,
        "grossProfitRatio": 0,
        "researchAndDevelopmentExpenses": 0,
        "generalAndAdministrativeExpenses": 0,
        "sellingAndMarketingExpenses": 0,
        "sellingGeneralAndAdministrativeExpenses": 0,
        "otherExpenses": 0,
        "operatingExpenses": 0,
        "costAndExpenses": 0,
        "interestIncome": 0,
        "interestExpense": 0,
        "depreciationAndAmortization": 0,
        "ebitda": 0,
        "ebitdaratio": 0,
        "operatingIncome": 0,
        "operatingIncomeRatio": 0,
        "totalOtherIncomeExpensesNet": 0,
        "incomeBeforeTax": 0,
        "incomeBeforeTaxRatio": 0,
        "incomeTaxExpense": 0,
        "netIncome": 0,
        "netIncomeRatio": 0,
        "eps": 0.21,
        "epsdiluted": 0.21,
        "weightedAverageShsOut": 20148000,
        "weightedAverageShsOutDil": 20148000,
        "link": null,
        "finalLink": null
    },
    {
        "date": "1986-03-31",
        "symbol": "SNV",
        "reportedCurrency": "USD",
        "cik": "0000018349",
        "fillingDate": "1986-03-31",
        "acceptedDate": "1986-03-30 19:00:00",
        "calendarYear": "1986",
        "period": "Q1",
        "revenue": 0,
        "costOfRevenue": 0,
        "grossProfit": 0,
        "grossProfitRatio": 0,
        "researchAndDevelopmentExpenses": 0,
        "generalAndAdministrativeExpenses": 0,
        "sellingAndMarketingExpenses": 0,
        "sellingGeneralAndAdministrativeExpenses": 0,
        "otherExpenses": 0,
        "operatingExpenses": 0,
        "costAndExpenses": 0,
        "interestIncome": 0,
        "interestExpense": 0,
        "depreciationAndAmortization": 0,
        "ebitda": 0,
        "ebitdaratio": 0,
        "operatingIncome": 0,
        "operatingIncomeRatio": 0,
        "totalOtherIncomeExpensesNet": 0,
        "incomeBeforeTax": 0,
        "incomeBeforeTaxRatio": 0,
        "incomeTaxExpense": 0,
        "netIncome": 0,
        "netIncomeRatio": 0,
        "eps": 0.21,
        "epsdiluted": 0.21,
        "weightedAverageShsOut": 19131000,
        "weightedAverageShsOutDil": 19131000,
        "link": "",
        "finalLink": ""
    },
    {
        "date": "1985-09-30",
        "symbol": "SNV",
        "reportedCurrency": "USD",
        "cik": "0000018349",
        "fillingDate": "1985-09-30",
        "acceptedDate": "1985-09-29 20:00:00",
        "calendarYear": "1985",
        "period": "Q3",
        "revenue": 0,
        "costOfRevenue": 0,
        "grossProfit": 0,
        "grossProfitRatio": 0,
        "researchAndDevelopmentExpenses": 0,
        "generalAndAdministrativeExpenses": 0,
        "sellingAndMarketingExpenses": 0,
        "sellingGeneralAndAdministrativeExpenses": 0,
        "otherExpenses": 0,
        "operatingExpenses": 0,
        "costAndExpenses": 0,
        "interestIncome": 0,
        "interestExpense": 0,
        "depreciationAndAmortization": 0,
        "ebitda": 0,
        "ebitdaratio": 0,
        "operatingIncome": 0,
        "operatingIncomeRatio": 0,
        "totalOtherIncomeExpensesNet": 0,
        "incomeBeforeTax": 0,
        "incomeBeforeTaxRatio": 0,
        "incomeTaxExpense": 0,
        "netIncome": 0,
        "netIncomeRatio": 0,
        "eps": 0.21,
        "epsdiluted": 0.21,
        "weightedAverageShsOut": 18990000,
        "weightedAverageShsOutDil": 18990000,
        "link": null,
        "finalLink": null
    }
]