[
    {
        "date": "2025-09-30",
        "symbol": "SO",
        "reportedCurrency": "USD",
        "cik": "0000092122",
        "fillingDate": "2025-10-30",
        "acceptedDate": "2025-10-29 17:40:57",
        "calendarYear": "2025",
        "period": "Q3",
        "revenue": 7823000000,
        "costOfRevenue": 3519000000,
        "grossProfit": 4304000000,
        "grossProfitRatio": 0.5501725681,
        "researchAndDevelopmentExpenses": 0,
        "generalAndAdministrativeExpenses": 0,
        "sellingAndMarketingExpenses": 0,
        "sellingGeneralAndAdministrativeExpenses": 0,
        "otherExpenses": 1710000000,
        "operatingExpenses": 1710000000,
        "costAndExpenses": 5229000000,
        "interestIncome": 0,
        "interestExpense": 755000000,
        "depreciationAndAmortization": 1422000000,
        "ebitda": 4298000000,
        "ebitdaratio": 0.5494055989,
        "operatingIncome": 2594000000,
        "operatingIncomeRatio": 0.3315863479,
        "totalOtherIncomeExpensesNet": -483000000,
        "incomeBeforeTax": 2111000000,
        "incomeBeforeTaxRatio": 0.2698453279,
        "incomeTaxExpense": 400000000,
        "netIncome": 1711000000,
        "netIncomeRatio": 0.2187140483,
        "eps": 1.55,
        "epsdiluted": 1.54,
        "weightedAverageShsOut": 1102000000,
        "weightedAverageShsOutDil": 1110000000,
        "link": "https://www.sec.gov/Archives/edgar/data/92122/000009212225000084/0000092122-25-000084-index.htm",
        "finalLink": "https://www.sec.gov/Archives/edgar/data/41091/000009212225000084/so-20250930.htm"
    },
    {
        "date": "2025-06-30",
        "symbol": "SO",
        "reportedCurrency": "USD",
        "cik": "0000092122",
        "fillingDate": "2025-07-31",
        "acceptedDate": "2025-07-30 17:41:43",
        "calendarYear": "2025",
        "period": "Q2",
        "revenue": 6973000000,
        "costOfRevenue": 3483000000,
        "grossProfit": 3490000000,
        "grossProfitRatio": 0.500501936,
        "researchAndDevelopmentExpenses": 0,
        "generalAndAdministrativeExpenses": 0,
        "sellingAndMarketingExpenses": 0,
        "sellingGeneralAndAdministrativeExpenses": 0,
        "otherExpenses": 1726000000,
        "operatingExpenses": 1726000000,
        "costAndExpenses": 5209000000,
        "interestIncome": 0,
        "interestExpense": 874000000,
        "depreciationAndAmortization": 1449000000,
        "ebitda": 3465000000,
        "ebitdaratio": 0.4969166786,
        "operatingIncome": 1764000000,
        "operatingIncomeRatio": 0.2529757637,
        "totalOtherIncomeExpensesNet": -622000000,
        "incomeBeforeTax": 1142000000,
        "incomeBeforeTaxRatio": 0.163774559,
        "incomeTaxExpense": 289000000,
        "netIncome": 880000000,
        "netIncomeRatio": 0.1262010612,
        "eps": 0.8,
        "epsdiluted": 0.8,
        "weightedAverageShsOut": 1100000000,
        "weightedAverageShsOutDil": 1105000000,
        "link": "https://www.sec.gov/Archives/edgar/data/92122/000009212225000076/0000092122-25-000076-index.htm",
        "finalLink": "https://www.sec.gov/Archives/edgar/data/92122/000009212225000076/so-20250630.htm"
    },
    {
        "date": "2025-03-31",
        "symbol": "SO",
        "reportedCurrency": "USD",
        "cik": "0000092122",
        "fillingDate": "2025-05-01",
        "acceptedDate": "2025-04-30 17:36:57",
        "calendarYear": "2025",
        "period": "Q1",
        "revenue": 7775000000,
        "costOfRevenue": 4034000000,
        "grossProfit": 3741000000,
        "grossProfitRatio": 0.4811575563,
        "researchAndDevelopmentExpenses": 0,
        "generalAndAdministrativeExpenses": 0,
        "sellingAndMarketingExpenses": 0,
        "sellingGeneralAndAdministrativeExpenses": 0,
        "otherExpenses": 1731000000,
        "operatingExpenses": 1731000000,
        "costAndExpenses": 5765000000,
        "interestIncome": 0,
        "interestExpense": 714000000,
        "depreciationAndAmortization": 1411000000,
        "ebitda": 3675000000,
        "ebitdaratio": 0.4726688103,
        "operatingIncome": 2010000000,
        "operatingIncomeRatio": 0.2585209003,
        "totalOtherIncomeExpensesNet": -460000000,
        "incomeBeforeTax": 1550000000,
        "incomeBeforeTaxRatio": 0.1993569132,
        "incomeTaxExpense": 280000000,
        "netIncome": 1334000000,
        "netIncomeRatio": 0.1715755627,
        "eps": 1.21,
        "epsdiluted": 1.21,
        "weightedAverageShsOut": 1100000000,
        "weightedAverageShsOutDil": 1105000000,
        "link": "https://www.sec.gov/Archives/edgar/data/92122/000009212225000042/0000092122-25-000042-index.htm",
        "finalLink": "https://www.sec.gov/Archives/edgar/data/3153/000009212225000042/so-20250331.htm"
    },
    {
        "date": "2024-12-31",
        "symbol": "SO",
        "reportedCurrency": "USD",
        "cik": "0000092122",
        "fillingDate": "2025-02-20",
        "acceptedDate": "2025-02-19 17:55:26",
        "calendarYear": "2024",
        "period": "Q4",
        "revenue": 6341000000,
        "costOfRevenue": 3680000000,
        "grossProfit": 2661000000,
        "grossProfitRatio": 0.4196498975,
        "researchAndDevelopmentExpenses": 0,
        "generalAndAdministrativeExpenses": 0,
        "sellingAndMarketingExpenses": 0,
        "sellingGeneralAndAdministrativeExpenses": 0,
        "otherExpenses": 1603000000,
        "operatingExpenses": 1603000000,
        "costAndExpenses": 5283000000,
        "interestIncome": 0,
        "interestExpense": 693000000,
        "depreciationAndAmortization": 1350000000,
        "ebitda": 2588000000,
        "ebitdaratio": 0.4081375177,
        "operatingIncome": 1058000000,
        "operatingIncomeRatio": 0.1668506545,
        "totalOtherIncomeExpensesNet": -513000000,
        "incomeBeforeTax": 545000000,
        "incomeBeforeTaxRatio": 0.0859485886,
        "incomeTaxExpense": 79000000,
        "netIncome": 534000000,
        "netIncomeRatio": 0.0842138464,
        "eps": 0.49,
        "epsdiluted": 0.48,
        "weightedAverageShsOut": 1098000000,
        "weightedAverageShsOutDil": 1112500000,
        "link": "https://www.sec.gov/Archives/edgar/data/92122/000009212225000018/0000092122-25-000018-index.htm",
        "finalLink": "https://www.sec.gov/Archives/edgar/data/3153/000009212225000018/so-20241231.htm"
    },
    {
        "date": "2024-09-30",
        "symbol": "SO",
        "reportedCurrency": "USD",
        "cik": "0000092122",
        "fillingDate": "2024-10-31",
        "acceptedDate": "2024-10-30 18:17:34",
        "calendarYear": "2024",
        "period": "Q3",
        "revenue": 7274000000,
        "costOfRevenue": 3321000000,
        "grossProfit": 3953000000,
        "grossProfitRatio": 0.5434423976,
        "researchAndDevelopmentExpenses": 0,
        "generalAndAdministrativeExpenses": 0,
        "sellingAndMarketingExpenses": 0,
        "sellingGeneralAndAdministrativeExpenses": 0,
        "otherExpenses": 1585000000,
        "operatingExpenses": 1585000000,
        "costAndExpenses": 4906000000,
        "interestIncome": 0,
        "interestExpense": 692000000,
        "depreciationAndAmortization": 1344000000,
        "ebitda": 3948000000,
        "ebitdaratio": 0.5427550179,
        "operatingIncome": 2368000000,
        "operatingIncomeRatio": 0.32554303,
        "totalOtherIncomeExpensesNet": -456000000,
        "incomeBeforeTax": 1912000000,
        "incomeBeforeTaxRatio": 0.2628540005,
        "incomeTaxExpense": 377000000,
        "netIncome": 1535000000,
        "netIncomeRatio": 0.2110255705,
        "eps": 1.4,
        "epsdiluted": 1.39,
        "weightedAverageShsOut": 1097000000,
        "weightedAverageShsOutDil": 1103000000,
        "link": "https://www.sec.gov/Archives/edgar/data/92122/000009212224000089/0000092122-24-000089-index.htm",
        "finalLink": "https://www.sec.gov/Archives/edgar/data/3153/000009212224000089/so-20240930.htm"
    },
    {
        "date": "2024-06-30",
        "symbol": "SO",
        "reportedCurrency": "USD",
        "cik": "0000092122",
        "fillingDate": "2024-08-01",
        "acceptedDate": "2024-07-31 14:41:41",
        "calendarYear": "2024",
        "period": "Q2",
        "revenue": 6463000000,
        "costOfRevenue": 2979000000,
        "grossProfit": 3484000000,
        "grossProfitRatio": 0.539068544,
        "researchAndDevelopmentExpenses": 0,
        "generalAndAdministrativeExpenses": 0,
        "sellingAndMarketingExpenses": 0,
        "sellingGeneralAndAdministrativeExpenses": 0,
        "otherExpenses": 1545000000,
        "operatingExpenses": 1545000000,
        "costAndExpenses": 4524000000,
        "interestIncome": 0,
        "interestExpense": 694000000,
        "depreciationAndAmortization": 1311000000,
        "ebitda": 3483000000,
        "ebitdaratio": 0.5389138171,
        "operatingIncome": 1939000000,
        "operatingIncomeRatio": 0.3000154727,
        "totalOtherIncomeExpensesNet": -461000000,
        "incomeBeforeTax": 1478000000,
        "incomeBeforeTaxRatio": 0.2286863686,
        "incomeTaxExpense": 290000000,
        "netIncome": 1203000000,
        "netIncomeRatio": 0.1861364691,
        "eps": 1.1,
        "epsdiluted": 1.09,
        "weightedAverageShsOut": 1096000000,
        "weightedAverageShsOutDil": 1103670000,
        "link": "https://www.sec.gov/Archives/edgar/data/92122/000009212224000075/0000092122-24-000075-index.htm",
        "finalLink": "https://www.sec.gov/Archives/edgar/data/92122/000009212224000075/so-20240630.htm"
    },
    {
        "date": "2024-03-31",
        "symbol": "SO",
        "reportedCurrency": "USD",
        "cik": "0000092122",
        "fillingDate": "2024-05-02",
        "acceptedDate": "2024-05-01 17:41:06",
        "calendarYear": "2024",
        "period": "Q1",
        "revenue": 6646000000,
        "costOfRevenue": 3402000000,
        "grossProfit": 3244000000,
        "grossProfitRatio": 0.4881131508,
        "researchAndDevelopmentExpenses": 0,
        "generalAndAdministrativeExpenses": 0,
        "sellingAndMarketingExpenses": 0,
        "sellingGeneralAndAdministrativeExpenses": 0,
        "otherExpenses": 1541000000,
        "operatingExpenses": 1541000000,
        "costAndExpenses": 4943000000,
        "interestIncome": 0,
        "interestExpense": 665000000,
        "depreciationAndAmortization": 1261000000,
        "ebitda": 3220000000,
        "ebitdaratio": 0.4845019561,
        "operatingIncome": 1703000000,
        "operatingIncomeRatio": 0.2562443575,
        "totalOtherIncomeExpensesNet": -409000000,
        "incomeBeforeTax": 1294000000,
        "incomeBeforeTaxRatio": 0.1947035811,
        "incomeTaxExpense": 223000000,
        "netIncome": 1129000000,
        "netIncomeRatio": 0.1698766175,
        "eps": 1.03,
        "epsdiluted": 1.03,
        "weightedAverageShsOut": 1094000000,
        "weightedAverageShsOutDil": 1100000000,
        "link": "https://www.sec.gov/Archives/edgar/data/92122/000009212224000042/0000092122-24-000042-index.htm",
        "finalLink": "https://www.sec.gov/Archives/edgar/data/3153/000009212224000042/so-20240331.htm"
    },
    {
        "date": "2023-12-31",
        "symbol": "SO",
        "reportedCurrency": "USD",
        "cik": "0000092122",
        "fillingDate": "2024-02-15",
        "acceptedDate": "2024-02-14 15:44:56",
        "calendarYear": "2023",
        "period": "Q4",
        "revenue": 6045000000,
        "costOfRevenue": 3557000000,
        "grossProfit": 2488000000,
        "grossProfitRatio": 0.411579818,
        "researchAndDevelopmentExpenses": 0,
        "generalAndAdministrativeExpenses": 0,
        "sellingAndMarketingExpenses": 0,
        "sellingGeneralAndAdministrativeExpenses": 0,
        "otherExpenses": 1281000000,
        "operatingExpenses": 1281000000,
        "costAndExpenses": 4838000000,
        "interestIncome": 0,
        "interestExpense": 634000000,
        "depreciationAndAmortization": 1287000000,
        "ebitda": 2721000000,
        "ebitdaratio": 0.4501240695,
        "operatingIncome": 1207000000,
        "operatingIncomeRatio": 0.1996691481,
        "totalOtherIncomeExpensesNet": -407000000,
        "incomeBeforeTax": 800000000,
        "incomeBeforeTaxRatio": 0.1323407775,
        "incomeTaxExpense": 4000000,
        "netIncome": 855000000,
        "netIncomeRatio": 0.141439206,
        "eps": 0.78,
        "epsdiluted": 0.78,
        "weightedAverageShsOut": 1092000000,
        "weightedAverageShsOutDil": 1098500000,
        "link": "https://www.sec.gov/Archives/edgar/data/92122/000009212224000009/0000092122-24-000009-index.htm",
        "finalLink": "https://www.sec.gov/Archives/edgar/data/92122/000009212224000009/so-20231231.htm"
    },
    {
        "date": "2023-09-30",
        "symbol": "SO",
        "reportedCurrency": "USD",
        "cik": "0000092122",
        "fillingDate": "2023-09-30",
        "acceptedDate": "2023-09-29 20:00:00",
        "calendarYear": "2023",
        "period": "Q3",
        "revenue": 6980000000,
        "costOfRevenue": 3226000000,
        "grossProfit": 3754000000,
        "grossProfitRatio": 0.5378223496,
        "researchAndDevelopmentExpenses": 0,
        "generalAndAdministrativeExpenses": 0,
        "sellingAndMarketingExpenses": 0,
        "sellingGeneralAndAdministrativeExpenses": 0,
        "otherExpenses": 1644000000,
        "operatingExpenses": 1644000000,
        "costAndExpenses": 4870000000,
        "interestIncome": 0,
        "interestExpense": 620000000,
        "depreciationAndAmortization": 1263000000,
        "ebitda": 3612000000,
        "ebitdaratio": 0.51747851,
        "operatingIncome": 2110000000,
        "operatingIncomeRatio": 0.3022922636,
        "totalOtherIncomeExpensesNet": -381000000,
        "incomeBeforeTax": 1729000000,
        "incomeBeforeTaxRatio": 0.2477077364,
        "incomeTaxExpense": 297000000,
        "netIncome": 1422000000,
        "netIncomeRatio": 0.2037249284,
        "eps": 1.3,
        "epsdiluted": 1.29,
        "weightedAverageShsOut": 1092000000,
        "weightedAverageShsOutDil": 1099000000,
        "link": null,
        "finalLink": null
    },
    {
        "date": "2023-06-30",
        "symbol": "SO",
        "reportedCurrency": "USD",
        "cik": "0000092122",
        "fillingDate": "2023-08-03",
        "acceptedDate": "2023-08-02 17:39:05",
        "calendarYear": "2023",
        "period": "Q2",
        "revenue": 5748000000,
        "costOfRevenue": 3006000000,
        "grossProfit": 2742000000,
        "grossProfitRatio": 0.4770354906,
        "researchAndDevelopmentExpenses": 0,
        "generalAndAdministrativeExpenses": 0,
        "sellingAndMarketingExpenses": 0,
        "sellingGeneralAndAdministrativeExpenses": 0,
        "otherExpenses": 1452000000,
        "operatingExpenses": 1452000000,
        "costAndExpenses": 4458000000,
        "interestIncome": 0,
        "interestExpense": 610000000,
        "depreciationAndAmortization": 1203000000,
        "ebitda": 2734000000,
        "ebitdaratio": 0.4756437022,
        "operatingIncome": 1290000000,
        "operatingIncomeRatio": 0.2244258873,
        "totalOtherIncomeExpensesNet": -369000000,
        "incomeBeforeTax": 921000000,
        "incomeBeforeTaxRatio": 0.1602296451,
        "incomeTaxExpense": 98000000,
        "netIncome": 838000000,
        "netIncomeRatio": 0.1457898399,
        "eps": 0.77,
        "epsdiluted": 0.76,
        "weightedAverageShsOut": 1092000000,
        "weightedAverageShsOutDil": 1098000000,
        "link": "https://www.sec.gov/Archives/edgar/data/92122/000009212223000070/0000092122-23-000070-index.htm",
        "finalLink": "https://www.sec.gov/Archives/edgar/data/3153/000009212223000070/so-20230630.htm"
    },
    {
        "date": "2023-03-31",
        "symbol": "SO",
        "reportedCurrency": "USD",
        "cik": "0000092122",
        "fillingDate": "2023-04-27",
        "acceptedDate": "2023-04-26 18:21:10",
        "calendarYear": "2023",
        "period": "Q1",
        "revenue": 6480000000,
        "costOfRevenue": 3757000000,
        "grossProfit": 2723000000,
        "grossProfitRatio": 0.4202160494,
        "researchAndDevelopmentExpenses": 0,
        "generalAndAdministrativeExpenses": 0,
        "sellingAndMarketingExpenses": 0,
        "sellingGeneralAndAdministrativeExpenses": 0,
        "otherExpenses": 1505000000,
        "operatingExpenses": 1505000000,
        "costAndExpenses": 5262000000,
        "interestIncome": 0,
        "interestExpense": 582000000,
        "depreciationAndAmortization": 1233000000,
        "ebitda": 2711000000,
        "ebitdaratio": 0.4183641975,
        "operatingIncome": 1218000000,
        "operatingIncomeRatio": 0.187962963,
        "totalOtherIncomeExpensesNet": -322000000,
        "incomeBeforeTax": 896000000,
        "incomeBeforeTaxRatio": 0.1382716049,
        "incomeTaxExpense": 97000000,
        "netIncome": 862000000,
        "netIncomeRatio": 0.1330246914,
        "eps": 0.79,
        "epsdiluted": 0.79,
        "weightedAverageShsOut": 1091000000,
        "weightedAverageShsOutDil": 1098000000,
        "link": "https://www.sec.gov/Archives/edgar/data/92122/000009212223000028/0000092122-23-000028-index.htm",
        "finalLink": "https://www.sec.gov/Archives/edgar/data/3153/000009212223000028/so-20230331.htm"
    },
    {
        "date": "2022-12-31",
        "symbol": "SO",
        "reportedCurrency": "USD",
        "cik": "0000092122",
        "fillingDate": "2023-02-16",
        "acceptedDate": "2023-02-15 17:59:03",
        "calendarYear": "2022",
        "period": "Q4",
        "revenue": 7047000000,
        "costOfRevenue": 5188000000,
        "grossProfit": 1859000000,
        "grossProfitRatio": 0.2638001987,
        "researchAndDevelopmentExpenses": 0,
        "generalAndAdministrativeExpenses": 0,
        "sellingAndMarketingExpenses": 0,
        "sellingGeneralAndAdministrativeExpenses": 0,
        "otherExpenses": 1721000000,
        "operatingExpenses": 1721000000,
        "costAndExpenses": 6909000000,
        "interestIncome": 0,
        "interestExpense": 561000000,
        "depreciationAndAmortization": 980000000,
        "ebitda": 1307000000,
        "ebitdaratio": 0.1854689939,
        "operatingIncome": 138000000,
        "operatingIncomeRatio": 0.0195828012,
        "totalOtherIncomeExpensesNet": -372000000,
        "incomeBeforeTax": -234000000,
        "incomeBeforeTaxRatio": -0.0332056194,
        "incomeTaxExpense": -96000000,
        "netIncome": -86000000,
        "netIncomeRatio": -0.0122037747,
        "eps": -0.0798,
        "epsdiluted": -0.0798,
        "weightedAverageShsOut": 1090000000,
        "weightedAverageShsOutDil": 1090000000,
        "link": "https://www.sec.gov/Archives/edgar/data/92122/000009212223000012/0000092122-23-000012-index.htm",
        "finalLink": "https://www.sec.gov/Archives/edgar/data/3153/000009212223000012/so-20221231.htm"
    },
    {
        "date": "2022-09-30",
        "symbol": "SO",
        "reportedCurrency": "USD",
        "cik": "0000092122",
        "fillingDate": "2022-10-27",
        "acceptedDate": "2022-10-26 17:41:38",
        "calendarYear": "2022",
        "period": "Q3",
        "revenue": 8378000000,
        "costOfRevenue": 4981000000,
        "grossProfit": 3397000000,
        "grossProfitRatio": 0.4054666985,
        "researchAndDevelopmentExpenses": 0,
        "generalAndAdministrativeExpenses": 0,
        "sellingAndMarketingExpenses": 0,
        "sellingGeneralAndAdministrativeExpenses": 0,
        "otherExpenses": 1204000000,
        "operatingExpenses": 1204000000,
        "costAndExpenses": 6185000000,
        "interestIncome": 0,
        "interestExpense": 511000000,
        "depreciationAndAmortization": 1089000000,
        "ebitda": 3501000000,
        "ebitdaratio": 0.4178801623,
        "operatingIncome": 2193000000,
        "operatingIncomeRatio": 0.2617569826,
        "totalOtherIncomeExpensesNet": -292000000,
        "incomeBeforeTax": 1901000000,
        "incomeBeforeTaxRatio": 0.2269037957,
        "incomeTaxExpense": 414000000,
        "netIncome": 1475000000,
        "netIncomeRatio": 0.176056338,
        "eps": 1.36,
        "epsdiluted": 1.35,
        "weightedAverageShsOut": 1082000000,
        "weightedAverageShsOutDil": 1088000000,
        "link": "https://www.sec.gov/Archives/edgar/data/92122/000009212222000064/0000092122-22-000064-index.htm",
        "finalLink": "https://www.sec.gov/Archives/edgar/data/3153/000009212222000064/so-20220930.htm"
    },
    {
        "date": "2022-06-30",
        "symbol": "SO",
        "reportedCurrency": "USD",
        "cik": "0000092122",
        "fillingDate": "2022-07-28",
        "acceptedDate": "2022-07-27 17:46:48",
        "calendarYear": "2022",
        "period": "Q2",
        "revenue": 7206000000,
        "costOfRevenue": 4237000000,
        "grossProfit": 2969000000,
        "grossProfitRatio": 0.412017763,
        "researchAndDevelopmentExpenses": 0,
        "generalAndAdministrativeExpenses": 0,
        "sellingAndMarketingExpenses": 0,
        "sellingGeneralAndAdministrativeExpenses": 0,
        "otherExpenses": 1314000000,
        "operatingExpenses": 1314000000,
        "costAndExpenses": 5551000000,
        "interestIncome": 0,
        "interestExpense": 488000000,
        "depreciationAndAmortization": 1006000000,
        "ebitda": 2887000000,
        "ebitdaratio": 0.4006383569,
        "operatingIncome": 1655000000,
        "operatingIncomeRatio": 0.2296697197,
        "totalOtherIncomeExpensesNet": -262000000,
        "incomeBeforeTax": 1393000000,
        "incomeBeforeTaxRatio": 0.1933111296,
        "incomeTaxExpense": 304000000,
        "netIncome": 1111000000,
        "netIncomeRatio": 0.1541770747,
        "eps": 1.04,
        "epsdiluted": 1.03,
        "weightedAverageShsOut": 1065000000,
        "weightedAverageShsOutDil": 1072000000,
        "link": "https://www.sec.gov/Archives/edgar/data/92122/000009212222000039/0000092122-22-000039-index.htm",
        "finalLink": "https://www.sec.gov/Archives/edgar/data/3153/000009212222000039/so-20220630.htm"
    },
    {
        "date": "2022-03-31",
        "symbol": "SO",
        "reportedCurrency": "USD",
        "cik": "0000092122",
        "fillingDate": "2022-04-28",
        "acceptedDate": "2022-04-27 18:51:33",
        "calendarYear": "2022",
        "period": "Q1",
        "revenue": 6648000000,
        "costOfRevenue": 4023000000,
        "grossProfit": 2625000000,
        "grossProfitRatio": 0.3948555957,
        "researchAndDevelopmentExpenses": 0,
        "generalAndAdministrativeExpenses": 0,
        "sellingAndMarketingExpenses": 0,
        "sellingGeneralAndAdministrativeExpenses": 0,
        "otherExpenses": 1241000000,
        "operatingExpenses": 1241000000,
        "costAndExpenses": 5264000000,
        "interestIncome": 0,
        "interestExpense": 462000000,
        "depreciationAndAmortization": 989000000,
        "ebitda": 2615000000,
        "ebitdaratio": 0.3933513839,
        "operatingIncome": 1384000000,
        "operatingIncomeRatio": 0.2081829122,
        "totalOtherIncomeExpensesNet": -220000000,
        "incomeBeforeTax": 1164000000,
        "incomeBeforeTaxRatio": 0.1750902527,
        "incomeTaxExpense": 173000000,
        "netIncome": 1036000000,
        "netIncomeRatio": 0.1558363418,
        "eps": 0.97,
        "epsdiluted": 0.97,
        "weightedAverageShsOut": 1063000000,
        "weightedAverageShsOutDil": 1069000000,
        "link": "https://www.sec.gov/Archives/edgar/data/92122/000009212222000014/0000092122-22-000014-index.htm",
        "finalLink": "https://www.sec.gov/Archives/edgar/data/3153/000009212222000014/so-20220331.htm"
    },
    {
        "date": "2021-12-31",
        "symbol": "SO",
        "reportedCurrency": "USD",
        "cik": "0000092122",
        "fillingDate": "2022-02-17",
        "acceptedDate": "2022-02-16 17:44:30",
        "calendarYear": "2021",
        "period": "Q4",
        "revenue": 5767000000,
        "costOfRevenue": 3955000000,
        "grossProfit": 1812000000,
        "grossProfitRatio": 0.3142014912,
        "researchAndDevelopmentExpenses": 0,
        "generalAndAdministrativeExpenses": 0,
        "sellingAndMarketingExpenses": 0,
        "sellingGeneralAndAdministrativeExpenses": 0,
        "otherExpenses": 2143000000,
        "operatingExpenses": 2143000000,
        "costAndExpenses": 6098000000,
        "interestIncome": 0,
        "interestExpense": 485000000,
        "depreciationAndAmortization": 1029000000,
        "ebitda": 948000000,
        "ebitdaratio": 0.1643835616,
        "operatingIncome": -331000000,
        "operatingIncomeRatio": -0.0573955263,
        "totalOtherIncomeExpensesNet": -235000000,
        "incomeBeforeTax": -566000000,
        "incomeBeforeTaxRatio": -0.0981446159,
        "incomeTaxExpense": -283000000,
        "netIncome": -211000000,
        "netIncomeRatio": -0.0365874805,
        "eps": -0.2,
        "epsdiluted": -0.2,
        "weightedAverageShsOut": 1062000000,
        "weightedAverageShsOutDil": 1062000000,
        "link": "https://www.sec.gov/Archives/edgar/data/92122/000009212222000003/0000092122-22-000003-index.htm",
        "finalLink": "https://www.sec.gov/Archives/edgar/data/3153/000009212222000003/so-20211231.htm"
    },
    {
        "date": "2021-09-30",
        "symbol": "SO",
        "reportedCurrency": "USD",
        "cik": "0000092122",
        "fillingDate": "2021-11-04",
        "acceptedDate": "2021-11-03 17:55:45",
        "calendarYear": "2021",
        "period": "Q3",
        "revenue": 6238000000,
        "costOfRevenue": 3168000000,
        "grossProfit": 3070000000,
        "grossProfitRatio": 0.4921449182,
        "researchAndDevelopmentExpenses": 0,
        "generalAndAdministrativeExpenses": 0,
        "sellingAndMarketingExpenses": 0,
        "sellingGeneralAndAdministrativeExpenses": 0,
        "otherExpenses": 1347000000,
        "operatingExpenses": 1347000000,
        "costAndExpenses": 4515000000,
        "interestIncome": 0,
        "interestExpense": 451000000,
        "depreciationAndAmortization": 995000000,
        "ebitda": 2928000000,
        "ebitdaratio": 0.4693812119,
        "operatingIncome": 1723000000,
        "operatingIncomeRatio": 0.2762103238,
        "totalOtherIncomeExpensesNet": -241000000,
        "incomeBeforeTax": 1482000000,
        "incomeBeforeTaxRatio": 0.2375761462,
        "incomeTaxExpense": 372000000,
        "netIncome": 1105000000,
        "netIncomeRatio": 0.177140109,
        "eps": 1.04,
        "epsdiluted": 1.03,
        "weightedAverageShsOut": 1061000000,
        "weightedAverageShsOutDil": 1068000000,
        "link": "https://www.sec.gov/Archives/edgar/data/92122/000009212221000092/0000092122-21-000092-index.htm",
        "finalLink": "https://www.sec.gov/Archives/edgar/data/3153/000009212221000092/so-20210930.htm"
    },
    {
        "date": "2021-06-30",
        "symbol": "SO",
        "reportedCurrency": "USD",
        "cik": "0000092122",
        "fillingDate": "2021-07-29",
        "acceptedDate": "2021-07-28 19:13:59",
        "calendarYear": "2021",
        "period": "Q2",
        "revenue": 5198000000,
        "costOfRevenue": 2837000000,
        "grossProfit": 2361000000,
        "grossProfitRatio": 0.4542131589,
        "researchAndDevelopmentExpenses": 0,
        "generalAndAdministrativeExpenses": 0,
        "sellingAndMarketingExpenses": 0,
        "sellingGeneralAndAdministrativeExpenses": 0,
        "otherExpenses": 1653000000,
        "operatingExpenses": 1653000000,
        "costAndExpenses": 4490000000,
        "interestIncome": 0,
        "interestExpense": 450000000,
        "depreciationAndAmortization": 985000000,
        "ebitda": 1799000000,
        "ebitdaratio": 0.3460946518,
        "operatingIncome": 708000000,
        "operatingIncomeRatio": 0.1362062332,
        "totalOtherIncomeExpensesNet": -344000000,
        "incomeBeforeTax": 364000000,
        "incomeBeforeTaxRatio": 0.0700269334,
        "incomeTaxExpense": -12000000,
        "netIncome": 376000000,
        "netIncomeRatio": 0.0723355137,
        "eps": 0.35,
        "epsdiluted": 0.35,
        "weightedAverageShsOut": 1061000000,
        "weightedAverageShsOutDil": 1067000000,
        "link": "https://www.sec.gov/Archives/edgar/data/92122/000009212221000064/0000092122-21-000064-index.htm",
        "finalLink": "https://www.sec.gov/Archives/edgar/data/3153/000009212221000064/so-20210630.htm"
    },
    {
        "date": "2021-03-31",
        "symbol": "SO",
        "reportedCurrency": "USD",
        "cik": "0000092122",
        "fillingDate": "2021-04-29",
        "acceptedDate": "2021-04-28 17:43:04",
        "calendarYear": "2021",
        "period": "Q1",
        "revenue": 5910000000,
        "costOfRevenue": 3092000000,
        "grossProfit": 2818000000,
        "grossProfitRatio": 0.4768189509,
        "researchAndDevelopmentExpenses": 0,
        "generalAndAdministrativeExpenses": 0,
        "sellingAndMarketingExpenses": 0,
        "sellingGeneralAndAdministrativeExpenses": 0,
        "otherExpenses": 1220000000,
        "operatingExpenses": 1220000000,
        "costAndExpenses": 4312000000,
        "interestIncome": 0,
        "interestExpense": 450000000,
        "depreciationAndAmortization": 964000000,
        "ebitda": 2711000000,
        "ebitdaratio": 0.458714044,
        "operatingIncome": 1598000000,
        "operatingIncomeRatio": 0.2703891709,
        "totalOtherIncomeExpensesNet": -301000000,
        "incomeBeforeTax": 1297000000,
        "incomeBeforeTaxRatio": 0.2194585448,
        "incomeTaxExpense": 190000000,
        "netIncome": 1139000000,
        "netIncomeRatio": 0.1927241963,
        "eps": 1.07,
        "epsdiluted": 1.06,
        "weightedAverageShsOut": 1060000000,
        "weightedAverageShsOutDil": 1066000000,
        "link": "https://www.sec.gov/Archives/edgar/data/92122/000009212221000037/0000092122-21-000037-index.htm",
        "finalLink": "https://www.sec.gov/Archives/edgar/data/3153/000009212221000037/so-20210331.htm"
    },
    {
        "date": "2020-12-31",
        "symbol": "SO",
        "reportedCurrency": "USD",
        "cik": "0000092122",
        "fillingDate": "2021-02-18",
        "acceptedDate": "2021-02-17 17:48:11",
        "calendarYear": "2020",
        "period": "Q4",
        "revenue": 5117000000,
        "costOfRevenue": 3037000000,
        "grossProfit": 2080000000,
        "grossProfitRatio": 0.4064881767,
        "researchAndDevelopmentExpenses": 0,
        "generalAndAdministrativeExpenses": 0,
        "sellingAndMarketingExpenses": 0,
        "sellingGeneralAndAdministrativeExpenses": 0,
        "otherExpenses": 1351000000,
        "operatingExpenses": 1351000000,
        "costAndExpenses": 4388000000,
        "interestIncome": 0,
        "interestExpense": 478000000,
        "depreciationAndAmortization": 1002000000,
        "ebitda": 1787000000,
        "ebitdaratio": 0.3492280633,
        "operatingIncome": 729000000,
        "operatingIncomeRatio": 0.1424662888,
        "totalOtherIncomeExpensesNet": -422000000,
        "incomeBeforeTax": 307000000,
        "incomeBeforeTaxRatio": 0.0599960915,
        "incomeTaxExpense": -50000000,
        "netIncome": 391000000,
        "netIncomeRatio": 0.0764119601,
        "eps": 0.37,
        "epsdiluted": 0.37,
        "weightedAverageShsOut": 1058000000,
        "weightedAverageShsOutDil": 1058000000,
        "link": "https://www.sec.gov/Archives/edgar/data/92122/000009212221000006/0000092122-21-000006-index.htm",
        "finalLink": "https://www.sec.gov/Archives/edgar/data/3153/000009212221000006/so-20201231.htm"
    },
    {
        "date": "2020-09-30",
        "symbol": "SO",
        "reportedCurrency": "USD",
        "cik": "0000092122",
        "fillingDate": "2020-10-29",
        "acceptedDate": "2020-10-28 17:38:56",
        "calendarYear": "2020",
        "period": "Q3",
        "revenue": 5620000000,
        "costOfRevenue": 2592000000,
        "grossProfit": 3028000000,
        "grossProfitRatio": 0.5387900356,
        "researchAndDevelopmentExpenses": 0,
        "generalAndAdministrativeExpenses": 0,
        "sellingAndMarketingExpenses": 0,
        "sellingGeneralAndAdministrativeExpenses": 0,
        "otherExpenses": 1193000000,
        "operatingExpenses": 1193000000,
        "costAndExpenses": 3785000000,
        "interestIncome": 0,
        "interestExpense": 443000000,
        "depreciationAndAmortization": 987000000,
        "ebitda": 3006000000,
        "ebitdaratio": 0.5348754448,
        "operatingIncome": 1835000000,
        "operatingIncomeRatio": 0.3265124555,
        "totalOtherIncomeExpensesNet": -259000000,
        "incomeBeforeTax": 1576000000,
        "incomeBeforeTaxRatio": 0.2804270463,
        "incomeTaxExpense": 293000000,
        "netIncome": 1255000000,
        "netIncomeRatio": 0.2233096085,
        "eps": 1.18,
        "epsdiluted": 1.18,
        "weightedAverageShsOut": 1058000000,
        "weightedAverageShsOutDil": 1064000000,
        "link": "https://www.sec.gov/Archives/edgar/data/92122/000009212220000085/0000092122-20-000085-index.htm",
        "finalLink": "https://www.sec.gov/Archives/edgar/data/3153/000009212220000085/so-20200930.htm"
    },
    {
        "date": "2020-06-30",
        "symbol": "SO",
        "reportedCurrency": "USD",
        "cik": "0000092122",
        "fillingDate": "2020-07-30",
        "acceptedDate": "2020-07-29 17:45:30",
        "calendarYear": "2020",
        "period": "Q2",
        "revenue": 4620000000,
        "costOfRevenue": 2242000000,
        "grossProfit": 2378000000,
        "grossProfitRatio": 0.5147186147,
        "researchAndDevelopmentExpenses": 0,
        "generalAndAdministrativeExpenses": 0,
        "sellingAndMarketingExpenses": 0,
        "sellingGeneralAndAdministrativeExpenses": 0,
        "otherExpenses": 1320000000,
        "operatingExpenses": 1320000000,
        "costAndExpenses": 3562000000,
        "interestIncome": 0,
        "interestExpense": 444000000,
        "depreciationAndAmortization": 967000000,
        "ebitda": 2037000000,
        "ebitdaratio": 0.4409090909,
        "operatingIncome": 1058000000,
        "operatingIncomeRatio": 0.229004329,
        "totalOtherIncomeExpensesNet": -432000000,
        "incomeBeforeTax": 626000000,
        "incomeBeforeTaxRatio": 0.1354978355,
        "incomeTaxExpense": 5000000,
        "netIncome": 616000000,
        "netIncomeRatio": 0.1333333333,
        "eps": 0.58,
        "epsdiluted": 0.58,
        "weightedAverageShsOut": 1058000000,
        "weightedAverageShsOutDil": 1063000000,
        "link": "https://www.sec.gov/Archives/edgar/data/92122/000009212220000057/0000092122-20-000057-index.htm",
        "finalLink": "https://www.sec.gov/Archives/edgar/data/3153/000009212220000057/so10q6302020.htm"
    },
    {
        "date": "2020-03-31",
        "symbol": "SO",
        "reportedCurrency": "USD",
        "cik": "0000092122",
        "fillingDate": "2020-04-30",
        "acceptedDate": "2020-04-29 17:42:31",
        "calendarYear": "2020",
        "period": "Q1",
        "revenue": 5018000000,
        "costOfRevenue": 2607000000,
        "grossProfit": 2411000000,
        "grossProfitRatio": 0.4804703069,
        "researchAndDevelopmentExpenses": 0,
        "generalAndAdministrativeExpenses": 0,
        "sellingAndMarketingExpenses": 0,
        "sellingGeneralAndAdministrativeExpenses": 0,
        "otherExpenses": 1148000000,
        "operatingExpenses": 1148000000,
        "costAndExpenses": 3755000000,
        "interestIncome": 0,
        "interestExpense": 456000000,
        "depreciationAndAmortization": 949000000,
        "ebitda": 2391000000,
        "ebitdaratio": 0.4764846552,
        "operatingIncome": 1263000000,
        "operatingIncomeRatio": 0.251693902,
        "totalOtherIncomeExpensesNet": -277000000,
        "incomeBeforeTax": 986000000,
        "incomeBeforeTaxRatio": 0.1964926265,
        "incomeTaxExpense": 145000000,
        "netIncome": 872000000,
        "netIncomeRatio": 0.1737744121,
        "eps": 0.82,
        "epsdiluted": 0.81,
        "weightedAverageShsOut": 1057000000,
        "weightedAverageShsOutDil": 1067000000,
        "link": "https://www.sec.gov/Archives/edgar/data/92122/000009212220000042/0000092122-20-000042-index.htm",
        "finalLink": "https://www.sec.gov/Archives/edgar/data/3153/000009212220000042/so10q3312020.htm"
    },
    {
        "date": "2019-12-31",
        "symbol": "SO",
        "reportedCurrency": "USD",
        "cik": "0000092122",
        "fillingDate": "2020-02-20",
        "acceptedDate": "2020-02-19 17:55:30",
        "calendarYear": "2019",
        "period": "Q4",
        "revenue": 4914000000,
        "costOfRevenue": 3171000000,
        "grossProfit": 1743000000,
        "grossProfitRatio": 0.3547008547,
        "researchAndDevelopmentExpenses": 0,
        "generalAndAdministrativeExpenses": 0,
        "sellingAndMarketingExpenses": 0,
        "sellingGeneralAndAdministrativeExpenses": 0,
        "otherExpenses": 1053000000,
        "operatingExpenses": 1053000000,
        "costAndExpenses": 4224000000,
        "interestIncome": 0,
        "interestExpense": 442000000,
        "depreciationAndAmortization": 817000000,
        "ebitda": 1594000000,
        "ebitdaratio": 0.3243793244,
        "operatingIncome": 690000000,
        "operatingIncomeRatio": 0.1404151404,
        "totalOtherIncomeExpensesNet": -355000000,
        "incomeBeforeTax": 335000000,
        "incomeBeforeTaxRatio": 0.0681725682,
        "incomeTaxExpense": -74000000,
        "netIncome": 445000000,
        "netIncomeRatio": 0.0905575906,
        "eps": 0.42,
        "epsdiluted": 0.42,
        "weightedAverageShsOut": 1053000000,
        "weightedAverageShsOutDil": 1053000000,
        "link": "https://www.sec.gov/Archives/edgar/data/92122/000009212220000017/0000092122-20-000017-index.htm",
        "finalLink": "https://www.sec.gov/Archives/edgar/data/3153/000009212220000017/so10-k12312019.htm"
    },
    {
        "date": "2019-09-30",
        "symbol": "SO",
        "reportedCurrency": "USD",
        "cik": "0000092122",
        "fillingDate": "2019-10-30",
        "acceptedDate": "2019-10-29 19:30:33",
        "calendarYear": "2019",
        "period": "Q3",
        "revenue": 5995000000,
        "costOfRevenue": 2815000000,
        "grossProfit": 3180000000,
        "grossProfitRatio": 0.530442035,
        "researchAndDevelopmentExpenses": 0,
        "generalAndAdministrativeExpenses": 0,
        "sellingAndMarketingExpenses": 0,
        "sellingGeneralAndAdministrativeExpenses": 0,
        "otherExpenses": 1167000000,
        "operatingExpenses": 1167000000,
        "costAndExpenses": 3982000000,
        "interestIncome": 0,
        "interestExpense": 434000000,
        "depreciationAndAmortization": 891000000,
        "ebitda": 3037000000,
        "ebitdaratio": 0.506588824,
        "operatingIncome": 2013000000,
        "operatingIncomeRatio": 0.3357798165,
        "totalOtherIncomeExpensesNet": -301000000,
        "incomeBeforeTax": 1712000000,
        "incomeBeforeTaxRatio": 0.2855713094,
        "incomeTaxExpense": 367000000,
        "netIncome": 1320000000,
        "netIncomeRatio": 0.2201834862,
        "eps": 1.26,
        "epsdiluted": 1.25,
        "weightedAverageShsOut": 1048000000,
        "weightedAverageShsOutDil": 1057000000,
        "link": "https://www.sec.gov/Archives/edgar/data/92122/000009212219000053/0000092122-19-000053-index.htm",
        "finalLink": "https://www.sec.gov/Archives/edgar/data/3153/000009212219000053/so10q9302019.htm"
    },
    {
        "date": "2019-06-30",
        "symbol": "SO",
        "reportedCurrency": "USD",
        "cik": "0000092122",
        "fillingDate": "2019-07-31",
        "acceptedDate": "2019-07-30 17:45:58",
        "calendarYear": "2019",
        "period": "Q2",
        "revenue": 5098000000,
        "costOfRevenue": 2710000000,
        "grossProfit": 2388000000,
        "grossProfitRatio": 0.4684189878,
        "researchAndDevelopmentExpenses": 0,
        "generalAndAdministrativeExpenses": 0,
        "sellingAndMarketingExpenses": 0,
        "sellingGeneralAndAdministrativeExpenses": 0,
        "otherExpenses": 1046000000,
        "operatingExpenses": 1046000000,
        "costAndExpenses": 3756000000,
        "interestIncome": 0,
        "interestExpense": 429000000,
        "depreciationAndAmortization": 772000000,
        "ebitda": 2277000000,
        "ebitdaratio": 0.4466457434,
        "operatingIncome": 1342000000,
        "operatingIncomeRatio": 0.2632404865,
        "totalOtherIncomeExpensesNet": -266000000,
        "incomeBeforeTax": 1076000000,
        "incomeBeforeTaxRatio": 0.211063162,
        "incomeTaxExpense": 145000000,
        "netIncome": 902000000,
        "netIncomeRatio": 0.1769321302,
        "eps": 0.86,
        "epsdiluted": 0.86,
        "weightedAverageShsOut": 1045231646,
        "weightedAverageShsOutDil": 1045231646,
        "link": "https://www.sec.gov/Archives/edgar/data/92122/000009212219000037/0000092122-19-000037-index.htm",
        "finalLink": "https://www.sec.gov/Archives/edgar/data/3153/000009212219000037/so10q6302019.htm"
    },
    {
        "date": "2019-03-31",
        "symbol": "SO",
        "reportedCurrency": "USD",
        "cik": "0000092122",
        "fillingDate": "2019-05-01",
        "acceptedDate": "2019-04-30 18:32:56",
        "calendarYear": "2019",
        "period": "Q1",
        "revenue": 5412000000,
        "costOfRevenue": 3138000000,
        "grossProfit": 2274000000,
        "grossProfitRatio": 0.4201773836,
        "researchAndDevelopmentExpenses": 0,
        "generalAndAdministrativeExpenses": 0,
        "sellingAndMarketingExpenses": 0,
        "sellingGeneralAndAdministrativeExpenses": 0,
        "otherExpenses": -1417000000,
        "operatingExpenses": -1417000000,
        "costAndExpenses": 1721000000,
        "interestIncome": 0,
        "interestExpense": 430000000,
        "depreciationAndAmortization": 851000000,
        "ebitda": 4700000000,
        "ebitdaratio": 0.8684405026,
        "operatingIncome": 3691000000,
        "operatingIncomeRatio": 0.6820029564,
        "totalOtherIncomeExpensesNet": -272000000,
        "incomeBeforeTax": 3419000000,
        "incomeBeforeTaxRatio": 0.631744272,
        "incomeTaxExpense": 1360000000,
        "netIncome": 2088000000,
        "netIncomeRatio": 0.3858093126,
        "eps": 2.01,
        "epsdiluted": 1.99,
        "weightedAverageShsOut": 1038000000,
        "weightedAverageShsOutDil": 1045000000,
        "link": "https://www.sec.gov/Archives/edgar/data/92122/000009212219000016/0000092122-19-000016-index.htm",
        "finalLink": "https://www.sec.gov/Archives/edgar/data/3153/000009212219000016/so_10qx3312019.htm"
    },
    {
        "date": "2018-12-31",
        "symbol": "SO",
        "reportedCurrency": "USD",
        "cik": "0000092122",
        "fillingDate": "2019-02-20",
        "acceptedDate": "2019-02-19 18:34:01",
        "calendarYear": "2018",
        "period": "Q4",
        "revenue": 5337000000,
        "costOfRevenue": 3610000000,
        "grossProfit": 1727000000,
        "grossProfitRatio": 0.3235900319,
        "researchAndDevelopmentExpenses": 0,
        "generalAndAdministrativeExpenses": 0,
        "sellingAndMarketingExpenses": 0,
        "sellingGeneralAndAdministrativeExpenses": 0,
        "otherExpenses": 1149000000,
        "operatingExpenses": 1149000000,
        "costAndExpenses": 4759000000,
        "interestIncome": 0,
        "interestExpense": 456000000,
        "depreciationAndAmortization": 902000000,
        "ebitda": 1478000000,
        "ebitdaratio": 0.2769346075,
        "operatingIncome": 578000000,
        "operatingIncomeRatio": 0.1083005434,
        "totalOtherIncomeExpensesNet": -458000000,
        "incomeBeforeTax": 120000000,
        "incomeBeforeTaxRatio": 0.0224845419,
        "incomeTaxExpense": -149000000,
        "netIncome": 282000000,
        "netIncomeRatio": 0.0528386734,
        "eps": 0.27,
        "epsdiluted": 0.27,
        "weightedAverageShsOut": 1033788000,
        "weightedAverageShsOutDil": 1033788000,
        "link": "https://www.sec.gov/Archives/edgar/data/92122/000009212219000006/0000092122-19-000006-index.htm",
        "finalLink": "https://www.sec.gov/Archives/edgar/data/3153/000009212219000006/so10-k12312018.htm"
    },
    {
        "date": "2018-09-30",
        "symbol": "SO",
        "reportedCurrency": "USD",
        "cik": "0000092122",
        "fillingDate": "2018-11-07",
        "acceptedDate": "2018-11-06 17:47:23",
        "calendarYear": "2018",
        "period": "Q3",
        "revenue": 6159000000,
        "costOfRevenue": 3195000000,
        "grossProfit": 2964000000,
        "grossProfitRatio": 0.4812469557,
        "researchAndDevelopmentExpenses": 0,
        "generalAndAdministrativeExpenses": 0,
        "sellingAndMarketingExpenses": 0,
        "sellingGeneralAndAdministrativeExpenses": 0,
        "otherExpenses": 790000000,
        "operatingExpenses": 790000000,
        "costAndExpenses": 3985000000,
        "interestIncome": 0,
        "interestExpense": 458000000,
        "depreciationAndAmortization": 897000000,
        "ebitda": 3200000000,
        "ebitdaratio": 0.5195648644,
        "operatingIncome": 2174000000,
        "operatingIncomeRatio": 0.3529793798,
        "totalOtherIncomeExpensesNet": -329000000,
        "incomeBeforeTax": 1845000000,
        "incomeBeforeTaxRatio": 0.2995616171,
        "incomeTaxExpense": 623000000,
        "netIncome": 1168000000,
        "netIncomeRatio": 0.1896411755,
        "eps": 1.14,
        "epsdiluted": 1.13,
        "weightedAverageShsOut": 1023000000,
        "weightedAverageShsOutDil": 1029000000,
        "link": "https://www.sec.gov/Archives/edgar/data/92122/000009212218000062/0000092122-18-000062-index.htm",
        "finalLink": "https://www.sec.gov/Archives/edgar/data/3153/000009212218000062/so_10qx9302018.htm"
    },
    {
        "date": "2018-06-30",
        "symbol": "SO",
        "reportedCurrency": "USD",
        "cik": "0000092122",
        "fillingDate": "2018-08-08",
        "acceptedDate": "2018-08-07 18:44:06",
        "calendarYear": "2018",
        "period": "Q2",
        "revenue": 5627000000,
        "costOfRevenue": 3369000000,
        "grossProfit": 2258000000,
        "grossProfitRatio": 0.4012795451,
        "researchAndDevelopmentExpenses": 0,
        "generalAndAdministrativeExpenses": 0,
        "sellingAndMarketingExpenses": 0,
        "sellingGeneralAndAdministrativeExpenses": 0,
        "otherExpenses": 2195000000,
        "operatingExpenses": 2195000000,
        "costAndExpenses": 5564000000,
        "interestIncome": 0,
        "interestExpense": 470000000,
        "depreciationAndAmortization": 877000000,
        "ebitda": 1081000000,
        "ebitdaratio": 0.1921094722,
        "operatingIncome": 63000000,
        "operatingIncomeRatio": 0.0111960192,
        "totalOtherIncomeExpensesNet": -329000000,
        "incomeBeforeTax": -266000000,
        "incomeBeforeTaxRatio": -0.047272081,
        "incomeTaxExpense": -139000000,
        "netIncome": -150000000,
        "netIncomeRatio": -0.0266571886,
        "eps": -0.15,
        "epsdiluted": -0.15,
        "weightedAverageShsOut": 1014000000,
        "weightedAverageShsOutDil": 1014000000,
        "link": "https://www.sec.gov/Archives/edgar/data/92122/000009212218000050/0000092122-18-000050-index.htm",
        "finalLink": "https://www.sec.gov/Archives/edgar/data/3153/000009212218000050/so_10qx6302018.htm"
    },
    {
        "date": "2018-03-31",
        "symbol": "SO",
        "reportedCurrency": "USD",
        "cik": "0000092122",
        "fillingDate": "2018-05-02",
        "acceptedDate": "2018-05-01 17:40:51",
        "calendarYear": "2018",
        "period": "Q1",
        "revenue": 6372000000,
        "costOfRevenue": 3828000000,
        "grossProfit": 2544000000,
        "grossProfitRatio": 0.3992467043,
        "researchAndDevelopmentExpenses": 0,
        "generalAndAdministrativeExpenses": 0,
        "sellingAndMarketingExpenses": 0,
        "sellingGeneralAndAdministrativeExpenses": 0,
        "otherExpenses": 1168000000,
        "operatingExpenses": 1168000000,
        "costAndExpenses": 4996000000,
        "interestIncome": 0,
        "interestExpense": 458000000,
        "depreciationAndAmortization": 873000000,
        "ebitda": 2380000000,
        "ebitdaratio": 0.3735091023,
        "operatingIncome": 1376000000,
        "operatingIncomeRatio": 0.2159447583,
        "totalOtherIncomeExpensesNet": -327000000,
        "incomeBeforeTax": 1049000000,
        "incomeBeforeTaxRatio": 0.1646264909,
        "incomeTaxExpense": 113000000,
        "netIncome": 942000000,
        "netIncomeRatio": 0.147834275,
        "eps": 0.93,
        "epsdiluted": 0.93,
        "weightedAverageShsOut": 1011624620,
        "weightedAverageShsOutDil": 1011624620,
        "link": "https://www.sec.gov/Archives/edgar/data/92122/000009212218000027/0000092122-18-000027-index.htm",
        "finalLink": "https://www.sec.gov/Archives/edgar/data/3153/000009212218000027/so_10qx3312018.htm"
    },
    {
        "date": "2017-12-31",
        "symbol": "SO",
        "reportedCurrency": "USD",
        "cik": "0000092122",
        "fillingDate": "2018-02-21",
        "acceptedDate": "2018-02-20 21:22:00",
        "calendarYear": "2017",
        "period": "Q4",
        "revenue": 5628000000,
        "costOfRevenue": 3544000000,
        "grossProfit": 2084000000,
        "grossProfitRatio": 0.3702914001,
        "researchAndDevelopmentExpenses": 0,
        "generalAndAdministrativeExpenses": 0,
        "sellingAndMarketingExpenses": 0,
        "sellingGeneralAndAdministrativeExpenses": 0,
        "otherExpenses": 1290000000,
        "operatingExpenses": 1290000000,
        "costAndExpenses": 4834000000,
        "interestIncome": 0,
        "interestExpense": 446000000,
        "depreciationAndAmortization": 893000000,
        "ebitda": 1663000000,
        "ebitdaratio": 0.2954868515,
        "operatingIncome": 794000000,
        "operatingIncomeRatio": 0.1410803127,
        "totalOtherIncomeExpensesNet": -470000000,
        "incomeBeforeTax": 324000000,
        "incomeBeforeTaxRatio": 0.0575692964,
        "incomeTaxExpense": -175000000,
        "netIncome": 501000000,
        "netIncomeRatio": 0.0890191898,
        "eps": 0.49,
        "epsdiluted": 0.49,
        "weightedAverageShsOut": 1007603100,
        "weightedAverageShsOutDil": 1007603100,
        "link": "https://www.sec.gov/Archives/edgar/data/92122/000009212218000012/0000092122-18-000012-index.htm",
        "finalLink": "https://www.sec.gov/Archives/edgar/data/3153/000009212218000012/so_10-kx12312017.htm"
    },
    {
        "date": "2017-09-30",
        "symbol": "SO",
        "reportedCurrency": "USD",
        "cik": "0000092122",
        "fillingDate": "2017-11-01",
        "acceptedDate": "2017-10-31 17:54:28",
        "calendarYear": "2017",
        "period": "Q3",
        "revenue": 6201000000,
        "costOfRevenue": 3106000000,
        "grossProfit": 3095000000,
        "grossProfitRatio": 0.4991130463,
        "researchAndDevelopmentExpenses": 0,
        "generalAndAdministrativeExpenses": 0,
        "sellingAndMarketingExpenses": 0,
        "sellingGeneralAndAdministrativeExpenses": 0,
        "otherExpenses": 1104000000,
        "operatingExpenses": 1104000000,
        "costAndExpenses": 4210000000,
        "interestIncome": 0,
        "interestExpense": 407000000,
        "depreciationAndAmortization": 881000000,
        "ebitda": 2987000000,
        "ebitdaratio": 0.4816965006,
        "operatingIncome": 1991000000,
        "operatingIncomeRatio": 0.3210772456,
        "totalOtherIncomeExpensesNet": -292000000,
        "incomeBeforeTax": 1699000000,
        "incomeBeforeTaxRatio": 0.2739880664,
        "incomeTaxExpense": 590000000,
        "netIncome": 1079000000,
        "netIncomeRatio": 0.1740041929,
        "eps": 1.07,
        "epsdiluted": 1.06,
        "weightedAverageShsOut": 1003000000,
        "weightedAverageShsOutDil": 1010000000,
        "link": "https://www.sec.gov/Archives/edgar/data/92122/000009212217000076/0000092122-17-000076-index.htm",
        "finalLink": "https://www.sec.gov/Archives/edgar/data/3153/000009212217000076/so_10qx9302017.htm"
    },
    {
        "date": "2017-06-30",
        "symbol": "SO",
        "reportedCurrency": "USD",
        "cik": "0000092122",
        "fillingDate": "2017-08-02",
        "acceptedDate": "2017-08-01 18:43:13",
        "calendarYear": "2017",
        "period": "Q2",
        "revenue": 5430000000,
        "costOfRevenue": 3005000000,
        "grossProfit": 2425000000,
        "grossProfitRatio": 0.4465930018,
        "researchAndDevelopmentExpenses": 0,
        "generalAndAdministrativeExpenses": 0,
        "sellingAndMarketingExpenses": 0,
        "sellingGeneralAndAdministrativeExpenses": 0,
        "otherExpenses": 4074000000,
        "operatingExpenses": 4074000000,
        "costAndExpenses": 7079000000,
        "interestIncome": 0,
        "interestExpense": 424000000,
        "depreciationAndAmortization": 860000000,
        "ebitda": -651000000,
        "ebitdaratio": -0.1198895028,
        "operatingIncome": -1649000000,
        "operatingIncomeRatio": -0.3036832413,
        "totalOtherIncomeExpensesNet": -286000000,
        "incomeBeforeTax": -1935000000,
        "incomeBeforeTaxRatio": -0.3563535912,
        "incomeTaxExpense": -587000000,
        "netIncome": -1370000000,
        "netIncomeRatio": -0.2523020258,
        "eps": -1.38,
        "epsdiluted": -1.37,
        "weightedAverageShsOut": 998000000,
        "weightedAverageShsOutDil": 1005000000,
        "link": "https://www.sec.gov/Archives/edgar/data/92122/000009212217000065/0000092122-17-000065-index.htm",
        "finalLink": "https://www.sec.gov/Archives/edgar/data/3153/000009212217000065/so_10qx6302017.htm"
    },
    {
        "date": "2017-03-31",
        "symbol": "SO",
        "reportedCurrency": "USD",
        "cik": "0000092122",
        "fillingDate": "2017-05-03",
        "acceptedDate": "2017-05-02 17:48:08",
        "calendarYear": "2017",
        "period": "Q1",
        "revenue": 5771000000,
        "costOfRevenue": 3365000000,
        "grossProfit": 2406000000,
        "grossProfitRatio": 0.4169121469,
        "researchAndDevelopmentExpenses": 0,
        "generalAndAdministrativeExpenses": 0,
        "sellingAndMarketingExpenses": 0,
        "sellingGeneralAndAdministrativeExpenses": 0,
        "otherExpenses": 1154000000,
        "operatingExpenses": 1154000000,
        "costAndExpenses": 4519000000,
        "interestIncome": 0,
        "interestExpense": 416000000,
        "depreciationAndAmortization": 823000000,
        "ebitda": 2219000000,
        "ebitdaratio": 0.3845087506,
        "operatingIncome": 1252000000,
        "operatingIncomeRatio": 0.216946803,
        "totalOtherIncomeExpensesNet": -272000000,
        "incomeBeforeTax": 980000000,
        "incomeBeforeTaxRatio": 0.1698145902,
        "incomeTaxExpense": 315000000,
        "netIncome": 669000000,
        "netIncomeRatio": 0.1159244498,
        "eps": 0.66,
        "epsdiluted": 0.66,
        "weightedAverageShsOut": 993000000,
        "weightedAverageShsOutDil": 1000000000,
        "link": "https://www.sec.gov/Archives/edgar/data/92122/000009212217000024/0000092122-17-000024-index.htm",
        "finalLink": "https://www.sec.gov/Archives/edgar/data/3153/000009212217000024/so_10qx3312017.htm"
    },
    {
        "date": "2016-12-31",
        "symbol": "SO",
        "reportedCurrency": "USD",
        "cik": "0000092122",
        "fillingDate": "2017-02-22",
        "acceptedDate": "2017-02-21 21:23:49",
        "calendarYear": "2016",
        "period": "Q4",
        "revenue": 5181000000,
        "costOfRevenue": 3399000000,
        "grossProfit": 1782000000,
        "grossProfitRatio": 0.3439490446,
        "researchAndDevelopmentExpenses": 0,
        "generalAndAdministrativeExpenses": 0,
        "sellingAndMarketingExpenses": 0,
        "sellingGeneralAndAdministrativeExpenses": 0,
        "otherExpenses": 1195000000,
        "operatingExpenses": 1195000000,
        "costAndExpenses": 4594000000,
        "interestIncome": 0,
        "interestExpense": 404000000,
        "depreciationAndAmortization": 814000000,
        "ebitda": 1457000000,
        "ebitdaratio": 0.2812198417,
        "operatingIncome": 587000000,
        "operatingIncomeRatio": 0.113298591,
        "totalOtherIncomeExpensesNet": -348000000,
        "incomeBeforeTax": 239000000,
        "incomeBeforeTaxRatio": 0.0461300907,
        "incomeTaxExpense": 9000000,
        "netIncome": 233000000,
        "netIncomeRatio": 0.0449720131,
        "eps": 0.2,
        "epsdiluted": 0.2,
        "weightedAverageShsOut": 990200000,
        "weightedAverageShsOutDil": 990200000,
        "link": "https://www.sec.gov/Archives/edgar/data/92122/000009212217000007/0000092122-17-000007-index.htm",
        "finalLink": "https://www.sec.gov/Archives/edgar/data/3153/000009212217000007/so_10-kx12312016.htm"
    },
    {
        "date": "2016-09-30",
        "symbol": "SO",
        "reportedCurrency": "USD",
        "cik": "0000092122",
        "fillingDate": "2016-11-04",
        "acceptedDate": "2016-11-04 16:43:30",
        "calendarYear": "2016",
        "period": "Q3",
        "revenue": 6264000000,
        "costOfRevenue": 3255000000,
        "grossProfit": 3009000000,
        "grossProfitRatio": 0.4803639847,
        "researchAndDevelopmentExpenses": 0,
        "generalAndAdministrativeExpenses": 0,
        "sellingAndMarketingExpenses": 0,
        "sellingGeneralAndAdministrativeExpenses": 0,
        "otherExpenses": 1092000000,
        "operatingExpenses": 1092000000,
        "costAndExpenses": 4347000000,
        "interestIncome": 0,
        "interestExpense": 374000000,
        "depreciationAndAmortization": 803000000,
        "ebitda": 2793000000,
        "ebitdaratio": 0.4458812261,
        "operatingIncome": 1917000000,
        "operatingIncomeRatio": 0.3060344828,
        "totalOtherIncomeExpensesNet": -301000000,
        "incomeBeforeTax": 1616000000,
        "incomeBeforeTaxRatio": 0.2579821201,
        "incomeTaxExpense": 439000000,
        "netIncome": 1150000000,
        "netIncomeRatio": 0.1835887612,
        "eps": 1.17,
        "epsdiluted": 1.17,
        "weightedAverageShsOut": 979999480,
        "weightedAverageShsOutDil": 979999480,
        "link": "https://www.sec.gov/Archives/edgar/data/92122/000009212216000213/0000092122-16-000213-index.htm",
        "finalLink": "https://www.sec.gov/Archives/edgar/data/3153/000009212216000213/so_10qx9302016.htm"
    },
    {
        "date": "2016-06-30",
        "symbol": "SO",
        "reportedCurrency": "USD",
        "cik": "0000092122",
        "fillingDate": "2016-08-08",
        "acceptedDate": "2016-08-08 12:24:43",
        "calendarYear": "2016",
        "period": "Q2",
        "revenue": 4459000000,
        "costOfRevenue": 2369000000,
        "grossProfit": 2090000000,
        "grossProfitRatio": 0.4687149585,
        "researchAndDevelopmentExpenses": 0,
        "generalAndAdministrativeExpenses": 0,
        "sellingAndMarketingExpenses": 0,
        "sellingGeneralAndAdministrativeExpenses": 0,
        "otherExpenses": 905000000,
        "operatingExpenses": 905000000,
        "costAndExpenses": 3274000000,
        "interestIncome": 0,
        "interestExpense": 293000000,
        "depreciationAndAmortization": 667000000,
        "ebitda": 1868000000,
        "ebitdaratio": 0.4189280108,
        "operatingIncome": 1185000000,
        "operatingIncomeRatio": 0.2657546535,
        "totalOtherIncomeExpensesNet": -277000000,
        "incomeBeforeTax": 908000000,
        "incomeBeforeTaxRatio": 0.2036331016,
        "incomeTaxExpense": 261000000,
        "netIncome": 635000000,
        "netIncomeRatio": 0.1424086118,
        "eps": 0.68,
        "epsdiluted": 0.68,
        "weightedAverageShsOut": 941598673,
        "weightedAverageShsOutDil": 941598673,
        "link": "https://www.sec.gov/Archives/edgar/data/92122/000009212216000179/0000092122-16-000179-index.htm",
        "finalLink": "https://www.sec.gov/Archives/edgar/data/3153/000009212216000179/so_10qx6302016.htm"
    },
    {
        "date": "2016-03-31",
        "symbol": "SO",
        "reportedCurrency": "USD",
        "cik": "0000092122",
        "fillingDate": "2016-05-05",
        "acceptedDate": "2016-05-05 14:14:47",
        "calendarYear": "2016",
        "period": "Q1",
        "revenue": 3992000000,
        "costOfRevenue": 2202000000,
        "grossProfit": 1790000000,
        "grossProfitRatio": 0.4483967936,
        "researchAndDevelopmentExpenses": 0,
        "generalAndAdministrativeExpenses": 0,
        "sellingAndMarketingExpenses": 0,
        "sellingGeneralAndAdministrativeExpenses": 0,
        "otherExpenses": 850000000,
        "operatingExpenses": 850000000,
        "costAndExpenses": 3052000000,
        "interestIncome": 0,
        "interestExpense": 246000000,
        "depreciationAndAmortization": 639000000,
        "ebitda": 1603000000,
        "ebitdaratio": 0.4015531062,
        "operatingIncome": 940000000,
        "operatingIncomeRatio": 0.2354709419,
        "totalOtherIncomeExpensesNet": -222000000,
        "incomeBeforeTax": 718000000,
        "incomeBeforeTaxRatio": 0.1798597194,
        "incomeTaxExpense": 217000000,
        "netIncome": 500000000,
        "netIncomeRatio": 0.125250501,
        "eps": 0.53,
        "epsdiluted": 0.53,
        "weightedAverageShsOut": 918258425,
        "weightedAverageShsOutDil": 918258425,
        "link": "https://www.sec.gov/Archives/edgar/data/92122/000009212216000144/0000092122-16-000144-index.htm",
        "finalLink": "https://www.sec.gov/Archives/edgar/data/3153/000009212216000144/so_10qx3312016.htm"
    },
    {
        "date": "2015-12-31",
        "symbol": "SO",
        "reportedCurrency": "USD",
        "cik": "0000092122",
        "fillingDate": "2016-02-26",
        "acceptedDate": "2016-02-26 15:42:42",
        "calendarYear": "2015",
        "period": "Q4",
        "revenue": 3568000000,
        "costOfRevenue": 2052000000,
        "grossProfit": 1516000000,
        "grossProfitRatio": 0.4248878924,
        "researchAndDevelopmentExpenses": 0,
        "generalAndAdministrativeExpenses": 0,
        "sellingAndMarketingExpenses": 0,
        "sellingGeneralAndAdministrativeExpenses": 0,
        "otherExpenses": 938000000,
        "operatingExpenses": 938000000,
        "costAndExpenses": 2990000000,
        "interestIncome": 0,
        "interestExpense": 228000000,
        "depreciationAndAmortization": 608000000,
        "ebitda": 1251000000,
        "ebitdaratio": 0.3506165919,
        "operatingIncome": 578000000,
        "operatingIncomeRatio": 0.1619955157,
        "totalOtherIncomeExpensesNet": -163000000,
        "incomeBeforeTax": 415000000,
        "incomeBeforeTaxRatio": 0.1163116592,
        "incomeTaxExpense": 118000000,
        "netIncome": 297000000,
        "netIncomeRatio": 0.0832399103,
        "eps": 0.3,
        "epsdiluted": 0.3,
        "weightedAverageShsOut": 911600000,
        "weightedAverageShsOutDil": 911600000,
        "link": "https://www.sec.gov/Archives/edgar/data/92122/000009212216000126/0000092122-16-000126-index.htm",
        "finalLink": "https://www.sec.gov/Archives/edgar/data/3153/000009212216000126/so_10-kx12312015.htm"
    },
    {
        "date": "2015-09-30",
        "symbol": "SO",
        "reportedCurrency": "USD",
        "cik": "0000092122",
        "fillingDate": "2015-11-05",
        "acceptedDate": "2015-11-05 14:52:12",
        "calendarYear": "2015",
        "period": "Q3",
        "revenue": 5401000000,
        "costOfRevenue": 2810000000,
        "grossProfit": 2591000000,
        "grossProfitRatio": 0.4797259767,
        "researchAndDevelopmentExpenses": 0,
        "generalAndAdministrativeExpenses": 0,
        "sellingAndMarketingExpenses": 0,
        "sellingGeneralAndAdministrativeExpenses": 0,
        "otherExpenses": 942000000,
        "operatingExpenses": 942000000,
        "costAndExpenses": 3752000000,
        "interestIncome": 0,
        "interestExpense": 218000000,
        "depreciationAndAmortization": 616000000,
        "ebitda": 2304000000,
        "ebitdaratio": 0.426587669,
        "operatingIncome": 1649000000,
        "operatingIncomeRatio": 0.3053138308,
        "totalOtherIncomeExpensesNet": -179000000,
        "incomeBeforeTax": 1470000000,
        "incomeBeforeTaxRatio": 0.27217182,
        "incomeTaxExpense": 500000000,
        "netIncome": 970000000,
        "netIncomeRatio": 0.179596371,
        "eps": 1.06,
        "epsdiluted": 1.06,
        "weightedAverageShsOut": 908938919,
        "weightedAverageShsOutDil": 908938919,
        "link": "https://www.sec.gov/Archives/edgar/data/92122/000009212215000107/0000092122-15-000107-index.htm",
        "finalLink": "https://www.sec.gov/Archives/edgar/data/3153/000009212215000107/so_10qx9302015.htm"
    },
    {
        "date": "2015-06-30",
        "symbol": "SO",
        "reportedCurrency": "USD",
        "cik": "0000092122",
        "fillingDate": "2015-08-05",
        "acceptedDate": "2015-08-05 16:48:40",
        "calendarYear": "2015",
        "period": "Q2",
        "revenue": 4337000000,
        "costOfRevenue": 2471000000,
        "grossProfit": 1866000000,
        "grossProfitRatio": 0.4302513258,
        "researchAndDevelopmentExpenses": 0,
        "generalAndAdministrativeExpenses": 0,
        "sellingAndMarketingExpenses": 0,
        "sellingGeneralAndAdministrativeExpenses": 0,
        "otherExpenses": 768000000,
        "operatingExpenses": 768000000,
        "costAndExpenses": 3239000000,
        "interestIncome": 0,
        "interestExpense": 180000000,
        "depreciationAndAmortization": 593000000,
        "ebitda": 1718000000,
        "ebitdaratio": 0.3961263546,
        "operatingIncome": 1098000000,
        "operatingIncomeRatio": 0.2531703943,
        "totalOtherIncomeExpensesNet": -153000000,
        "incomeBeforeTax": 945000000,
        "incomeBeforeTaxRatio": 0.2178925525,
        "incomeTaxExpense": 302000000,
        "netIncome": 643000000,
        "netIncomeRatio": 0.1482591653,
        "eps": 0.69,
        "epsdiluted": 0.69,
        "weightedAverageShsOut": 908424808,
        "weightedAverageShsOutDil": 908424808,
        "link": "https://www.sec.gov/Archives/edgar/data/92122/000009212215000066/0000092122-15-000066-index.htm",
        "finalLink": "https://www.sec.gov/Archives/edgar/data/3153/000009212215000066/so_10qx6302015.htm"
    },
    {
        "date": "2015-03-31",
        "symbol": "SO",
        "reportedCurrency": "USD",
        "cik": "0000092122",
        "fillingDate": "2015-05-07",
        "acceptedDate": "2015-05-07 14:42:58",
        "calendarYear": "2015",
        "period": "Q1",
        "revenue": 4183000000,
        "costOfRevenue": 2478000000,
        "grossProfit": 1705000000,
        "grossProfitRatio": 0.4076021994,
        "researchAndDevelopmentExpenses": 0,
        "generalAndAdministrativeExpenses": 0,
        "sellingAndMarketingExpenses": 0,
        "sellingGeneralAndAdministrativeExpenses": 0,
        "otherExpenses": 748000000,
        "operatingExpenses": 748000000,
        "costAndExpenses": 3226000000,
        "interestIncome": 0,
        "interestExpense": 213000000,
        "depreciationAndAmortization": 578000000,
        "ebitda": 1590000000,
        "ebitdaratio": 0.3801099689,
        "operatingIncome": 957000000,
        "operatingIncomeRatio": 0.22878317,
        "totalOtherIncomeExpensesNet": -158000000,
        "incomeBeforeTax": 799000000,
        "incomeBeforeTaxRatio": 0.191011236,
        "incomeTaxExpense": 274000000,
        "netIncome": 525000000,
        "netIncomeRatio": 0.1255080086,
        "eps": 0.56,
        "epsdiluted": 0.56,
        "weightedAverageShsOut": 908261371,
        "weightedAverageShsOutDil": 908261371,
        "link": "https://www.sec.gov/Archives/edgar/data/92122/000009212215000031/0000092122-15-000031-index.htm",
        "finalLink": "https://www.sec.gov/Archives/edgar/data/3153/000009212215000031/so_10qx3312015.htm"
    },
    {
        "date": "2014-12-31",
        "symbol": "SO",
        "reportedCurrency": "USD",
        "cik": "0000092122",
        "fillingDate": "2015-03-02",
        "acceptedDate": "2015-03-02 10:52:18",
        "calendarYear": "2014",
        "period": "Q4",
        "revenue": 4017000000,
        "costOfRevenue": 2726000000,
        "grossProfit": 1291000000,
        "grossProfitRatio": 0.3213841175,
        "researchAndDevelopmentExpenses": 0,
        "generalAndAdministrativeExpenses": 0,
        "sellingAndMarketingExpenses": 0,
        "sellingGeneralAndAdministrativeExpenses": 0,
        "otherExpenses": 730000000,
        "operatingExpenses": 730000000,
        "costAndExpenses": 3456000000,
        "interestIncome": 0,
        "interestExpense": 212000000,
        "depreciationAndAmortization": 495000000,
        "ebitda": 1095000000,
        "ebitdaratio": 0.2725914862,
        "operatingIncome": 561000000,
        "operatingIncomeRatio": 0.13965646,
        "totalOtherIncomeExpensesNet": -173000000,
        "incomeBeforeTax": 388000000,
        "incomeBeforeTaxRatio": 0.0965894946,
        "incomeTaxExpense": 88000000,
        "netIncome": 300000000,
        "netIncomeRatio": 0.074682599,
        "eps": 0.33,
        "epsdiluted": 0.33,
        "weightedAverageShsOut": 908300000,
        "weightedAverageShsOutDil": 908300000,
        "link": "https://www.sec.gov/Archives/edgar/data/92122/000009212215000015/0000092122-15-000015-index.htm",
        "finalLink": "https://www.sec.gov/Archives/edgar/data/3153/000009212215000015/so_10-kx12312014.htm"
    },
    {
        "date": "2014-09-30",
        "symbol": "SO",
        "reportedCurrency": "USD",
        "cik": "0000092122",
        "fillingDate": "2014-11-06",
        "acceptedDate": "2014-11-06 13:41:14",
        "calendarYear": "2014",
        "period": "Q3",
        "revenue": 5339000000,
        "costOfRevenue": 2871000000,
        "grossProfit": 2468000000,
        "grossProfitRatio": 0.46225885,
        "researchAndDevelopmentExpenses": 0,
        "generalAndAdministrativeExpenses": 0,
        "sellingAndMarketingExpenses": 0,
        "sellingGeneralAndAdministrativeExpenses": 0,
        "otherExpenses": 1190000000,
        "operatingExpenses": 1190000000,
        "costAndExpenses": 4061000000,
        "interestIncome": 0,
        "interestExpense": 207000000,
        "depreciationAndAmortization": 616000000,
        "ebitda": 1950000000,
        "ebitdaratio": 0.3652369358,
        "operatingIncome": 1278000000,
        "operatingIncomeRatio": 0.2393706687,
        "totalOtherIncomeExpensesNet": -151000000,
        "incomeBeforeTax": 1127000000,
        "incomeBeforeTaxRatio": 0.2110882188,
        "incomeTaxExpense": 392000000,
        "netIncome": 735000000,
        "netIncomeRatio": 0.1376662296,
        "eps": 0.8,
        "epsdiluted": 0.8,
        "weightedAverageShsOut": 899812716,
        "weightedAverageShsOutDil": 899812716,
        "link": "https://www.sec.gov/Archives/edgar/data/92122/000009212214000069/0000092122-14-000069-index.htm",
        "finalLink": "https://www.sec.gov/Archives/edgar/data/3153/000009212214000069/so_10qx9302014.htm"
    },
    {
        "date": "2014-06-30",
        "symbol": "SO",
        "reportedCurrency": "USD",
        "cik": "0000092122",
        "fillingDate": "2014-08-07",
        "acceptedDate": "2014-08-07 15:30:09",
        "calendarYear": "2014",
        "period": "Q2",
        "revenue": 4467000000,
        "costOfRevenue": 2614000000,
        "grossProfit": 1853000000,
        "grossProfitRatio": 0.4148197896,
        "researchAndDevelopmentExpenses": 0,
        "generalAndAdministrativeExpenses": 0,
        "sellingAndMarketingExpenses": 0,
        "sellingGeneralAndAdministrativeExpenses": 0,
        "otherExpenses": 750000000,
        "operatingExpenses": 750000000,
        "costAndExpenses": 3364000000,
        "interestIncome": 0,
        "interestExpense": 210000000,
        "depreciationAndAmortization": 595000000,
        "ebitda": 1754000000,
        "ebitdaratio": 0.3926572644,
        "operatingIncome": 1103000000,
        "operatingIncomeRatio": 0.2469218715,
        "totalOtherIncomeExpensesNet": -154000000,
        "incomeBeforeTax": 949000000,
        "incomeBeforeTaxRatio": 0.2124468323,
        "incomeTaxExpense": 321000000,
        "netIncome": 628000000,
        "netIncomeRatio": 0.1405865234,
        "eps": 0.68,
        "epsdiluted": 0.68,
        "weightedAverageShsOut": 895696608,
        "weightedAverageShsOutDil": 895696608,
        "link": "https://www.sec.gov/Archives/edgar/data/92122/000009212214000044/0000092122-14-000044-index.htm",
        "finalLink": "https://www.sec.gov/Archives/edgar/data/3153/000009212214000044/so_10qx6302014.htm"
    },
    {
        "date": "2014-03-31",
        "symbol": "SO",
        "reportedCurrency": "USD",
        "cik": "0000092122",
        "fillingDate": "2014-05-08",
        "acceptedDate": "2014-05-08 13:50:32",
        "calendarYear": "2014",
        "period": "Q1",
        "revenue": 4644000000,
        "costOfRevenue": 2820000000,
        "grossProfit": 1824000000,
        "grossProfitRatio": 0.3927648579,
        "researchAndDevelopmentExpenses": 0,
        "generalAndAdministrativeExpenses": 0,
        "sellingAndMarketingExpenses": 0,
        "sellingGeneralAndAdministrativeExpenses": 0,
        "otherExpenses": 1124000000,
        "operatingExpenses": 1124000000,
        "costAndExpenses": 3944000000,
        "interestIncome": 0,
        "interestExpense": 206000000,
        "depreciationAndAmortization": 587000000,
        "ebitda": 1337000000,
        "ebitdaratio": 0.2878983635,
        "operatingIncome": 700000000,
        "operatingIncomeRatio": 0.1507321275,
        "totalOtherIncomeExpensesNet": -156000000,
        "incomeBeforeTax": 544000000,
        "incomeBeforeTaxRatio": 0.1171403962,
        "incomeTaxExpense": 176000000,
        "netIncome": 368000000,
        "netIncomeRatio": 0.0792420327,
        "eps": 0.39,
        "epsdiluted": 0.39,
        "weightedAverageShsOut": 890811428,
        "weightedAverageShsOutDil": 890811428,
        "link": "https://www.sec.gov/Archives/edgar/data/92122/000009212214000025/0000092122-14-000025-index.htm",
        "finalLink": "https://www.sec.gov/Archives/edgar/data/3153/000009212214000025/so_10qx3312014.htm"
    },
    {
        "date": "2013-12-31",
        "symbol": "SO",
        "reportedCurrency": "USD",
        "cik": "0000092122",
        "fillingDate": "2014-02-27",
        "acceptedDate": "2014-02-27 16:36:49",
        "calendarYear": "2013",
        "period": "Q4",
        "revenue": 3927000000,
        "costOfRevenue": 2385000000,
        "grossProfit": 1542000000,
        "grossProfitRatio": 0.3926661574,
        "researchAndDevelopmentExpenses": 0,
        "generalAndAdministrativeExpenses": 0,
        "sellingAndMarketingExpenses": 0,
        "sellingGeneralAndAdministrativeExpenses": 0,
        "otherExpenses": 743000000,
        "operatingExpenses": 743000000,
        "costAndExpenses": 3128000000,
        "interestIncome": 0,
        "interestExpense": 196000000,
        "depreciationAndAmortization": 573000000,
        "ebitda": 1392000000,
        "ebitdaratio": 0.3544690604,
        "operatingIncome": 799000000,
        "operatingIncomeRatio": 0.2034632035,
        "totalOtherIncomeExpensesNet": -176000000,
        "incomeBeforeTax": 623000000,
        "incomeBeforeTaxRatio": 0.1586452763,
        "incomeTaxExpense": 192000000,
        "netIncome": 431000000,
        "netIncomeRatio": 0.1097529921,
        "eps": 0.47,
        "epsdiluted": 0.47,
        "weightedAverageShsOut": 887300000,
        "weightedAverageShsOutDil": 887300000,
        "link": "https://www.sec.gov/Archives/edgar/data/92122/000009212214000012/0000092122-14-000012-index.htm",
        "finalLink": "https://www.sec.gov/Archives/edgar/data/3153/000009212214000012/so_10-kx12312013.htm"
    },
    {
        "date": "2013-09-30",
        "symbol": "SO",
        "reportedCurrency": "USD",
        "cik": "0000092122",
        "fillingDate": "2013-11-06",
        "acceptedDate": "2013-11-06 15:02:03",
        "calendarYear": "2013",
        "period": "Q3",
        "revenue": 5017000000,
        "costOfRevenue": 2653000000,
        "grossProfit": 2364000000,
        "grossProfitRatio": 0.471197927,
        "researchAndDevelopmentExpenses": 0,
        "generalAndAdministrativeExpenses": 0,
        "sellingAndMarketingExpenses": 0,
        "sellingGeneralAndAdministrativeExpenses": 0,
        "otherExpenses": 873000000,
        "operatingExpenses": 873000000,
        "costAndExpenses": 3526000000,
        "interestIncome": 0,
        "interestExpense": 202000000,
        "depreciationAndAmortization": 585000000,
        "ebitda": 2124000000,
        "ebitdaratio": 0.423360574,
        "operatingIncome": 1491000000,
        "operatingIncomeRatio": 0.2971895555,
        "totalOtherIncomeExpensesNet": -154000000,
        "incomeBeforeTax": 1337000000,
        "incomeBeforeTaxRatio": 0.2664939207,
        "incomeTaxExpense": 468000000,
        "netIncome": 869000000,
        "netIncomeRatio": 0.1732110823,
        "eps": 0.97,
        "epsdiluted": 0.97,
        "weightedAverageShsOut": 881740546,
        "weightedAverageShsOutDil": 881740546,
        "link": "https://www.sec.gov/Archives/edgar/data/92122/000009212213000076/0000092122-13-000076-index.htm",
        "finalLink": "https://www.sec.gov/Archives/edgar/data/3153/000009212213000076/so_10qx9302013.htm"
    },
    {
        "date": "2013-06-30",
        "symbol": "SO",
        "reportedCurrency": "USD",
        "cik": "0000092122",
        "fillingDate": "2013-08-06",
        "acceptedDate": "2013-08-06 12:45:48",
        "calendarYear": "2013",
        "period": "Q2",
        "revenue": 4246000000,
        "costOfRevenue": 2448000000,
        "grossProfit": 1798000000,
        "grossProfitRatio": 0.4234573716,
        "researchAndDevelopmentExpenses": 0,
        "generalAndAdministrativeExpenses": 0,
        "sellingAndMarketingExpenses": 0,
        "sellingGeneralAndAdministrativeExpenses": 0,
        "otherExpenses": 1158000000,
        "operatingExpenses": 1158000000,
        "costAndExpenses": 3606000000,
        "interestIncome": 0,
        "interestExpense": 215000000,
        "depreciationAndAmortization": 572000000,
        "ebitda": 1258000000,
        "ebitdaratio": 0.2962788507,
        "operatingIncome": 640000000,
        "operatingIncomeRatio": 0.1507300989,
        "totalOtherIncomeExpensesNet": -169000000,
        "incomeBeforeTax": 471000000,
        "incomeBeforeTaxRatio": 0.1109279322,
        "incomeTaxExpense": 158000000,
        "netIncome": 313000000,
        "netIncomeRatio": 0.073716439,
        "eps": 0.34,
        "epsdiluted": 0.34,
        "weightedAverageShsOut": 873903083,
        "weightedAverageShsOutDil": 873903083,
        "link": "https://www.sec.gov/Archives/edgar/data/92122/000009212213000050/0000092122-13-000050-index.htm",
        "finalLink": "https://www.sec.gov/Archives/edgar/data/3153/000009212213000050/so_10qx6302013.htm"
    },
    {
        "date": "2013-03-31",
        "symbol": "SO",
        "reportedCurrency": "USD",
        "cik": "0000092122",
        "fillingDate": "2013-05-10",
        "acceptedDate": "2013-05-10 14:31:48",
        "calendarYear": "2013",
        "period": "Q1",
        "revenue": 3897000000,
        "costOfRevenue": 2331000000,
        "grossProfit": 1566000000,
        "grossProfitRatio": 0.4018475751,
        "researchAndDevelopmentExpenses": 0,
        "generalAndAdministrativeExpenses": 0,
        "sellingAndMarketingExpenses": 0,
        "sellingGeneralAndAdministrativeExpenses": 0,
        "otherExpenses": 1241000000,
        "operatingExpenses": 1241000000,
        "costAndExpenses": 3572000000,
        "interestIncome": 0,
        "interestExpense": 211000000,
        "depreciationAndAmortization": 568000000,
        "ebitda": 907000000,
        "ebitdaratio": 0.2327431357,
        "operatingIncome": 325000000,
        "operatingIncomeRatio": 0.0833974852,
        "totalOtherIncomeExpensesNet": -197000000,
        "incomeBeforeTax": 128000000,
        "incomeBeforeTaxRatio": 0.0328457788,
        "incomeTaxExpense": 31000000,
        "netIncome": 97000000,
        "netIncomeRatio": 0.0248909418,
        "eps": 0.0931,
        "epsdiluted": 0.0931,
        "weightedAverageShsOut": 870390537,
        "weightedAverageShsOutDil": 870390537,
        "link": "https://www.sec.gov/Archives/edgar/data/92122/000009212213000031/0000092122-13-000031-index.htm",
        "finalLink": "https://www.sec.gov/Archives/edgar/data/3153/000009212213000031/so_10qx3312013.htm"
    },
    {
        "date": "2012-12-31",
        "symbol": "SO",
        "reportedCurrency": "USD",
        "cik": "0000092122",
        "fillingDate": "2013-02-28",
        "acceptedDate": "2013-02-27 18:33:23",
        "calendarYear": "2012",
        "period": "Q4",
        "revenue": 3703000000,
        "costOfRevenue": 5030000000,
        "grossProfit": -1327000000,
        "grossProfitRatio": -0.358358088,
        "researchAndDevelopmentExpenses": 0,
        "generalAndAdministrativeExpenses": 0,
        "sellingAndMarketingExpenses": 0,
        "sellingGeneralAndAdministrativeExpenses": 0,
        "otherExpenses": -1327000000,
        "operatingExpenses": -1327000000,
        "costAndExpenses": 3703000000,
        "interestIncome": 0,
        "interestExpense": 210000000,
        "depreciationAndAmortization": 543000000,
        "ebitda": 1388000000,
        "ebitdaratio": 0.3748312179,
        "operatingIncome": 814000000,
        "operatingIncomeRatio": 0.2198217661,
        "totalOtherIncomeExpensesNet": -179000000,
        "incomeBeforeTax": 635000000,
        "incomeBeforeTaxRatio": 0.1714825817,
        "incomeTaxExpense": 236000000,
        "netIncome": 399000000,
        "netIncomeRatio": 0.1077504726,
        "eps": 0.44,
        "epsdiluted": 0.44,
        "weightedAverageShsOut": 868000000,
        "weightedAverageShsOutDil": 868000000,
        "link": "https://www.sec.gov/Archives/edgar/data/92122/000009212213000014/0000092122-13-000014-index.htm",
        "finalLink": "https://www.sec.gov/Archives/edgar/data/3153/000009212213000014/so_10-kx12312012.htm"
    },
    {
        "date": "2012-09-30",
        "symbol": "SO",
        "reportedCurrency": "USD",
        "cik": "0000092122",
        "fillingDate": "2012-11-07",
        "acceptedDate": "2012-11-07 16:06:13",
        "calendarYear": "2012",
        "period": "Q3",
        "revenue": 5049000000,
        "costOfRevenue": 2623000000,
        "grossProfit": 2426000000,
        "grossProfitRatio": 0.4804911864,
        "researchAndDevelopmentExpenses": 0,
        "generalAndAdministrativeExpenses": 0,
        "sellingAndMarketingExpenses": 0,
        "sellingGeneralAndAdministrativeExpenses": 0,
        "otherExpenses": 686000000,
        "operatingExpenses": 686000000,
        "costAndExpenses": 3309000000,
        "interestIncome": 0,
        "interestExpense": 218000000,
        "depreciationAndAmortization": 538000000,
        "ebitda": 2318000000,
        "ebitdaratio": 0.459100812,
        "operatingIncome": 1740000000,
        "operatingIncomeRatio": 0.3446226976,
        "totalOtherIncomeExpensesNet": -178000000,
        "incomeBeforeTax": 1562000000,
        "incomeBeforeTaxRatio": 0.3093681917,
        "incomeTaxExpense": 569000000,
        "netIncome": 993000000,
        "netIncomeRatio": 0.1966726084,
        "eps": 1.12,
        "epsdiluted": 1.12,
        "weightedAverageShsOut": 874105516,
        "weightedAverageShsOutDil": 874105516,
        "link": "https://www.sec.gov/Archives/edgar/data/92122/000009212212000149/0000092122-12-000149-index.htm",
        "finalLink": "https://www.sec.gov/Archives/edgar/data/3153/000009212212000149/so_10qx9302012.htm"
    },
    {
        "date": "2012-06-30",
        "symbol": "SO",
        "reportedCurrency": "USD",
        "cik": "0000092122",
        "fillingDate": "2012-08-06",
        "acceptedDate": "2012-08-06 11:43:03",
        "calendarYear": "2012",
        "period": "Q2",
        "revenue": 4181000000,
        "costOfRevenue": 2384000000,
        "grossProfit": 1797000000,
        "grossProfitRatio": 0.4298014829,
        "researchAndDevelopmentExpenses": 0,
        "generalAndAdministrativeExpenses": 0,
        "sellingAndMarketingExpenses": 0,
        "sellingGeneralAndAdministrativeExpenses": 0,
        "otherExpenses": 654000000,
        "operatingExpenses": 654000000,
        "costAndExpenses": 3038000000,
        "interestIncome": 0,
        "interestExpense": 220000000,
        "depreciationAndAmortization": 535000000,
        "ebitda": 1723000000,
        "ebitdaratio": 0.4121023679,
        "operatingIncome": 1143000000,
        "operatingIncomeRatio": 0.2733795743,
        "totalOtherIncomeExpensesNet": -175000000,
        "incomeBeforeTax": 968000000,
        "incomeBeforeTaxRatio": 0.231523559,
        "incomeTaxExpense": 329000000,
        "netIncome": 639000000,
        "netIncomeRatio": 0.1528342502,
        "eps": 0.71,
        "epsdiluted": 0.71,
        "weightedAverageShsOut": 874796883,
        "weightedAverageShsOutDil": 874796883,
        "link": "https://www.sec.gov/Archives/edgar/data/92122/000009212212000113/0000092122-12-000113-index.htm",
        "finalLink": "https://www.sec.gov/Archives/edgar/data/3153/000009212212000113/so10-Q.htm"
    },
    {
        "date": "2012-03-31",
        "symbol": "SO",
        "reportedCurrency": "USD",
        "cik": "0000092122",
        "fillingDate": "2012-05-07",
        "acceptedDate": "2012-05-07 11:19:36",
        "calendarYear": "2012",
        "period": "Q1",
        "revenue": 3604000000,
        "costOfRevenue": 2172000000,
        "grossProfit": 1432000000,
        "grossProfitRatio": 0.397336293,
        "researchAndDevelopmentExpenses": 0,
        "generalAndAdministrativeExpenses": 0,
        "sellingAndMarketingExpenses": 0,
        "sellingGeneralAndAdministrativeExpenses": 0,
        "otherExpenses": 666000000,
        "operatingExpenses": 666000000,
        "costAndExpenses": 2838000000,
        "interestIncome": 0,
        "interestExpense": 211000000,
        "depreciationAndAmortization": 529000000,
        "ebitda": 1324000000,
        "ebitdaratio": 0.3673695893,
        "operatingIncome": 766000000,
        "operatingIncomeRatio": 0.2125416204,
        "totalOtherIncomeExpensesNet": -182000000,
        "incomeBeforeTax": 584000000,
        "incomeBeforeTaxRatio": 0.1620421754,
        "incomeTaxExpense": 200000000,
        "netIncome": 384000000,
        "netIncomeRatio": 0.1065482797,
        "eps": 0.42,
        "epsdiluted": 0.42,
        "weightedAverageShsOut": 868690126,
        "weightedAverageShsOutDil": 868690126,
        "link": "https://www.sec.gov/Archives/edgar/data/92122/000009212212000076/0000092122-12-000076-index.htm",
        "finalLink": "https://www.sec.gov/Archives/edgar/data/3153/000009212212000076/march3110q.htm"
    },
    {
        "date": "2011-12-31",
        "symbol": "SO",
        "reportedCurrency": "USD",
        "cik": "0000092122",
        "fillingDate": "2012-02-24",
        "acceptedDate": "2012-02-24 16:40:28",
        "calendarYear": "2011",
        "period": "Q4",
        "revenue": 3696000000,
        "costOfRevenue": 1353000000,
        "grossProfit": 2343000000,
        "grossProfitRatio": 0.6339285714,
        "researchAndDevelopmentExpenses": 0,
        "generalAndAdministrativeExpenses": 0,
        "sellingAndMarketingExpenses": 0,
        "sellingGeneralAndAdministrativeExpenses": 0,
        "otherExpenses": 2343000000,
        "operatingExpenses": 2343000000,
        "costAndExpenses": 3696000000,
        "interestIncome": 0,
        "interestExpense": 219000000,
        "depreciationAndAmortization": 518000000,
        "ebitda": 1110000000,
        "ebitdaratio": 0.3003246753,
        "operatingIncome": 589000000,
        "operatingIncomeRatio": 0.1593614719,
        "totalOtherIncomeExpensesNet": -216000000,
        "incomeBeforeTax": 373000000,
        "incomeBeforeTaxRatio": 0.1009199134,
        "incomeTaxExpense": 96000000,
        "netIncome": 277000000,
        "netIncomeRatio": 0.0749458874,
        "eps": 0.3,
        "epsdiluted": 0.3,
        "weightedAverageShsOut": 859464052,
        "weightedAverageShsOutDil": 859464052,
        "link": "https://www.sec.gov/Archives/edgar/data/92122/000009212212000016/0000092122-12-000016-index.htm",
        "finalLink": "https://www.sec.gov/Archives/edgar/data/3153/000009212212000016/form10-k2011.htm"
    },
    {
        "date": "2011-09-30",
        "symbol": "SO",
        "reportedCurrency": "USD",
        "cik": "0000092122",
        "fillingDate": "2011-11-07",
        "acceptedDate": "2011-11-07 13:49:30",
        "calendarYear": "2011",
        "period": "Q3",
        "revenue": 5428000000,
        "costOfRevenue": 2123000000,
        "grossProfit": 3305000000,
        "grossProfitRatio": 0.6088798821,
        "researchAndDevelopmentExpenses": 0,
        "generalAndAdministrativeExpenses": 0,
        "sellingAndMarketingExpenses": 0,
        "sellingGeneralAndAdministrativeExpenses": 0,
        "otherExpenses": 3305000000,
        "operatingExpenses": 3305000000,
        "costAndExpenses": 5428000000,
        "interestIncome": 0,
        "interestExpense": 217000000,
        "depreciationAndAmortization": 519000000,
        "ebitda": 2212000000,
        "ebitdaratio": 0.4075165807,
        "operatingIncome": 1652000000,
        "operatingIncomeRatio": 0.3043478261,
        "totalOtherIncomeExpensesNet": -176000000,
        "incomeBeforeTax": 1476000000,
        "incomeBeforeTaxRatio": 0.2719233604,
        "incomeTaxExpense": 543000000,
        "netIncome": 933000000,
        "netIncomeRatio": 0.1718865144,
        "eps": 1.06,
        "epsdiluted": 1.06,
        "weightedAverageShsOut": 861928103,
        "weightedAverageShsOutDil": 861928103,
        "link": "https://www.sec.gov/Archives/edgar/data/92122/000009212211000140/0000092122-11-000140-index.htm",
        "finalLink": "https://www.sec.gov/Archives/edgar/data/3153/000009212211000140/G28005-10Q.HTM"
    },
    {
        "date": "2011-06-30",
        "symbol": "SO",
        "reportedCurrency": "USD",
        "cik": "0000092122",
        "fillingDate": "2011-08-05",
        "acceptedDate": "2011-08-05 12:26:04",
        "calendarYear": "2011",
        "period": "Q2",
        "revenue": 4521000000,
        "costOfRevenue": 1818000000,
        "grossProfit": 2703000000,
        "grossProfitRatio": 0.597876576,
        "researchAndDevelopmentExpenses": 0,
        "generalAndAdministrativeExpenses": 0,
        "sellingAndMarketingExpenses": 0,
        "sellingGeneralAndAdministrativeExpenses": 0,
        "otherExpenses": 2703000000,
        "operatingExpenses": 2703000000,
        "costAndExpenses": 4521000000,
        "interestIncome": 0,
        "interestExpense": 199000000,
        "depreciationAndAmortization": 510000000,
        "ebitda": 1678000000,
        "ebitdaratio": 0.3711568237,
        "operatingIncome": 1136000000,
        "operatingIncomeRatio": 0.2512718425,
        "totalOtherIncomeExpensesNet": -167000000,
        "incomeBeforeTax": 969000000,
        "incomeBeforeTaxRatio": 0.2143331121,
        "incomeTaxExpense": 349000000,
        "netIncome": 620000000,
        "netIncomeRatio": 0.1371378014,
        "eps": 0.7,
        "epsdiluted": 0.7,
        "weightedAverageShsOut": 857652680,
        "weightedAverageShsOutDil": 857652680,
        "link": "https://www.sec.gov/Archives/edgar/data/92122/000009212211000103/0000092122-11-000103-index.htm",
        "finalLink": "https://www.sec.gov/Archives/edgar/data/3153/000009212211000103/so10-qmarch2011.htm"
    },
    {
        "date": "2011-03-31",
        "symbol": "SO",
        "reportedCurrency": "USD",
        "cik": "0000092122",
        "fillingDate": "2011-05-06",
        "acceptedDate": "2011-05-06 16:30:01",
        "calendarYear": "2011",
        "period": "Q1",
        "revenue": 4012000000,
        "costOfRevenue": 1576000000,
        "grossProfit": 2436000000,
        "grossProfitRatio": 0.6071784646,
        "researchAndDevelopmentExpenses": 0,
        "generalAndAdministrativeExpenses": 0,
        "sellingAndMarketingExpenses": 0,
        "sellingGeneralAndAdministrativeExpenses": 0,
        "otherExpenses": 2436000000,
        "operatingExpenses": 2436000000,
        "costAndExpenses": 4012000000,
        "interestIncome": 0,
        "interestExpense": 222000000,
        "depreciationAndAmortization": 501000000,
        "ebitda": 1392000000,
        "ebitdaratio": 0.3469591226,
        "operatingIncome": 854000000,
        "operatingIncomeRatio": 0.2128614158,
        "totalOtherIncomeExpensesNet": -185000000,
        "incomeBeforeTax": 669000000,
        "incomeBeforeTaxRatio": 0.1667497507,
        "incomeTaxExpense": 231000000,
        "netIncome": 438000000,
        "netIncomeRatio": 0.1091724826,
        "eps": 0.5,
        "epsdiluted": 0.5,
        "weightedAverageShsOut": 848000000,
        "weightedAverageShsOutDil": 848000000,
        "link": "https://www.sec.gov/Archives/edgar/data/92122/000009212211000051/0000092122-11-000051-index.htm",
        "finalLink": "https://www.sec.gov/Archives/edgar/data/3153/000009212211000051/g26628e10vq.htm"
    },
    {
        "date": "2010-12-31",
        "symbol": "SO",
        "reportedCurrency": "USD",
        "cik": "0000092122",
        "fillingDate": "2011-02-25",
        "acceptedDate": "2011-02-25 15:19:39",
        "calendarYear": "2010",
        "period": "Q4",
        "revenue": 3771352000,
        "costOfRevenue": 1553948000,
        "grossProfit": 2217404000,
        "grossProfitRatio": 0.5879599677,
        "researchAndDevelopmentExpenses": 0,
        "generalAndAdministrativeExpenses": 0,
        "sellingAndMarketingExpenses": 0,
        "sellingGeneralAndAdministrativeExpenses": 0,
        "otherExpenses": 2217404000,
        "operatingExpenses": 2217404000,
        "costAndExpenses": 3771352000,
        "interestIncome": 8943000,
        "interestExpense": 228711000,
        "depreciationAndAmortization": 454489000,
        "ebitda": 953565000,
        "ebitdaratio": 0.2528443381,
        "operatingIncome": 470440000,
        "operatingIncomeRatio": 0.1247404114,
        "totalOtherIncomeExpensesNet": -200075000,
        "incomeBeforeTax": 270365000,
        "incomeBeforeTaxRatio": 0.0716891449,
        "incomeTaxExpense": 100890000,
        "netIncome": 169475000,
        "netIncomeRatio": 0.0449374654,
        "eps": 0.18,
        "epsdiluted": 0.18,
        "weightedAverageShsOut": 840666667,
        "weightedAverageShsOutDil": 840666667,
        "link": "https://www.sec.gov/Archives/edgar/data/92122/000009212211000013/0000092122-11-000013-index.htm",
        "finalLink": "https://www.sec.gov/Archives/edgar/data/3153/000009212211000013/g24641xxe10vk.htm"
    },
    {
        "date": "2010-09-30",
        "symbol": "SO",
        "reportedCurrency": "USD",
        "cik": "0000092122",
        "fillingDate": "2010-11-05",
        "acceptedDate": "2010-11-05 15:09:36",
        "calendarYear": "2010",
        "period": "Q3",
        "revenue": 5320000000,
        "costOfRevenue": 2179000000,
        "grossProfit": 3141000000,
        "grossProfitRatio": 0.5904135338,
        "researchAndDevelopmentExpenses": 0,
        "generalAndAdministrativeExpenses": 0,
        "sellingAndMarketingExpenses": 0,
        "sellingGeneralAndAdministrativeExpenses": 0,
        "otherExpenses": 3141000000,
        "operatingExpenses": 3141000000,
        "costAndExpenses": 5320000000,
        "interestIncome": 0,
        "interestExpense": 225000000,
        "depreciationAndAmortization": 509000000,
        "ebitda": 2010000000,
        "ebitdaratio": 0.3778195489,
        "operatingIncome": 1459000000,
        "operatingIncomeRatio": 0.2742481203,
        "totalOtherIncomeExpensesNet": -183000000,
        "incomeBeforeTax": 1276000000,
        "incomeBeforeTaxRatio": 0.2398496241,
        "incomeTaxExpense": 442000000,
        "netIncome": 834000000,
        "netIncomeRatio": 0.1567669173,
        "eps": 0.98,
        "epsdiluted": 0.98,
        "weightedAverageShsOut": 836000000,
        "weightedAverageShsOutDil": 836000000,
        "link": "https://www.sec.gov/Archives/edgar/data/92122/000009212210000126/0000092122-10-000126-index.htm",
        "finalLink": "https://www.sec.gov/Archives/edgar/data/3153/000009212210000126/g24757e10vq.htm"
    },
    {
        "date": "2010-06-30",
        "symbol": "SO",
        "reportedCurrency": "USD",
        "cik": "0000092122",
        "fillingDate": "2010-08-06",
        "acceptedDate": "2010-08-06 13:40:06",
        "calendarYear": "2010",
        "period": "Q2",
        "revenue": 4208000000,
        "costOfRevenue": 1757000000,
        "grossProfit": 2451000000,
        "grossProfitRatio": 0.5824619772,
        "researchAndDevelopmentExpenses": 0,
        "generalAndAdministrativeExpenses": 0,
        "sellingAndMarketingExpenses": 0,
        "sellingGeneralAndAdministrativeExpenses": 0,
        "otherExpenses": 2451000000,
        "operatingExpenses": 2451000000,
        "costAndExpenses": 4208000000,
        "interestIncome": 0,
        "interestExpense": 219000000,
        "depreciationAndAmortization": 446000000,
        "ebitda": 1438000000,
        "ebitdaratio": 0.341730038,
        "operatingIncome": 951000000,
        "operatingIncomeRatio": 0.2259980989,
        "totalOtherIncomeExpensesNet": -178000000,
        "incomeBeforeTax": 773000000,
        "incomeBeforeTaxRatio": 0.1836977186,
        "incomeTaxExpense": 247000000,
        "netIncome": 526000000,
        "netIncomeRatio": 0.125,
        "eps": 0.62,
        "epsdiluted": 0.62,
        "weightedAverageShsOut": 828000000,
        "weightedAverageShsOutDil": 828000000,
        "link": "https://www.sec.gov/Archives/edgar/data/92122/000009212210000079/0000092122-10-000079-index.htm",
        "finalLink": "https://www.sec.gov/Archives/edgar/data/3153/000009212210000079/g22124e10vq.htm"
    },
    {
        "date": "2010-03-31",
        "symbol": "SO",
        "reportedCurrency": "USD",
        "cik": "0000092122",
        "fillingDate": "2010-05-07",
        "acceptedDate": "2010-05-07 15:20:14",
        "calendarYear": "2010",
        "period": "Q1",
        "revenue": 4157000000,
        "costOfRevenue": 1772000000,
        "grossProfit": 2385000000,
        "grossProfitRatio": 0.5737310561,
        "researchAndDevelopmentExpenses": 0,
        "generalAndAdministrativeExpenses": 0,
        "sellingAndMarketingExpenses": 0,
        "sellingGeneralAndAdministrativeExpenses": 0,
        "otherExpenses": 2385000000,
        "operatingExpenses": 2385000000,
        "costAndExpenses": 4157000000,
        "interestIncome": 4787000,
        "interestExpense": 222000000,
        "depreciationAndAmortization": 422000000,
        "ebitda": 1391000000,
        "ebitdaratio": 0.3346163098,
        "operatingIncome": 922000000,
        "operatingIncomeRatio": 0.2217945634,
        "totalOtherIncomeExpensesNet": -175000000,
        "incomeBeforeTax": 747000000,
        "incomeBeforeTaxRatio": 0.1796968968,
        "incomeTaxExpense": 236000000,
        "netIncome": 511000000,
        "netIncomeRatio": 0.1229251864,
        "eps": 0.6,
        "epsdiluted": 0.6,
        "weightedAverageShsOut": 823000000,
        "weightedAverageShsOutDil": 823000000,
        "link": "https://www.sec.gov/Archives/edgar/data/92122/000009212210000041/0000092122-10-000041-index.htm",
        "finalLink": "https://www.sec.gov/Archives/edgar/data/3153/000009212210000041/g22664e10vq.htm"
    },
    {
        "date": "2009-12-31",
        "symbol": "SO",
        "reportedCurrency": "USD",
        "cik": "0000092122",
        "fillingDate": "2010-02-25",
        "acceptedDate": "2010-02-25 16:38:34",
        "calendarYear": "2009",
        "period": "Q4",
        "revenue": 3510047000,
        "costOfRevenue": 1429445000,
        "grossProfit": 2080602000,
        "grossProfitRatio": 0.5927561654,
        "researchAndDevelopmentExpenses": 0,
        "generalAndAdministrativeExpenses": 0,
        "sellingAndMarketingExpenses": 0,
        "sellingGeneralAndAdministrativeExpenses": 0,
        "otherExpenses": 2080602000,
        "operatingExpenses": 2080602000,
        "costAndExpenses": 3510047000,
        "interestIncome": 5209000,
        "interestExpense": 220098000,
        "depreciationAndAmortization": 477146000,
        "ebitda": 1029517000,
        "ebitdaratio": 0.2933057592,
        "operatingIncome": 476853000,
        "operatingIncomeRatio": 0.1358537364,
        "totalOtherIncomeExpensesNet": -144580000,
        "incomeBeforeTax": 332273000,
        "incomeBeforeTaxRatio": 0.0946634048,
        "incomeTaxExpense": 67167000,
        "netIncome": 265106000,
        "netIncomeRatio": 0.0755277636,
        "eps": 0.31,
        "epsdiluted": 0.31,
        "weightedAverageShsOut": 809000000,
        "weightedAverageShsOutDil": 809000000,
        "link": "https://www.sec.gov/Archives/edgar/data/92122/000009212210000009/0000092122-10-000009-index.htm",
        "finalLink": "https://www.sec.gov/Archives/edgar/data/3153/000009212210000009/g21794e10vk.htm"
    },
    {
        "date": "2009-09-30",
        "symbol": "SO",
        "reportedCurrency": "USD",
        "cik": "0000092122",
        "fillingDate": "2009-11-06",
        "acceptedDate": "2009-11-06 11:10:39",
        "calendarYear": "2009",
        "period": "Q3",
        "revenue": 4681482000,
        "costOfRevenue": 1900318000,
        "grossProfit": 2781164000,
        "grossProfitRatio": 0.5940776874,
        "researchAndDevelopmentExpenses": 0,
        "generalAndAdministrativeExpenses": 0,
        "sellingAndMarketingExpenses": 0,
        "sellingGeneralAndAdministrativeExpenses": 0,
        "otherExpenses": 1365888000,
        "operatingExpenses": 1365888000,
        "costAndExpenses": 3266206000,
        "interestIncome": 6013000,
        "interestExpense": 226345000,
        "depreciationAndAmortization": 415500000,
        "ebitda": 1883962000,
        "ebitdaratio": 0.4024285472,
        "operatingIncome": 1415276000,
        "operatingIncomeRatio": 0.302313669,
        "totalOtherIncomeExpensesNet": -173159000,
        "incomeBeforeTax": 1242117000,
        "incomeBeforeTaxRatio": 0.2653255956,
        "incomeTaxExpense": 435947000,
        "netIncome": 806170000,
        "netIncomeRatio": 0.1722040157,
        "eps": 0.99,
        "epsdiluted": 0.99,
        "weightedAverageShsOut": 798000000,
        "weightedAverageShsOutDil": 798000000,
        "link": "https://www.sec.gov/Archives/edgar/data/92122/000009212209000089/0000092122-09-000089-index.htm",
        "finalLink": "https://www.sec.gov/Archives/edgar/data/3153/000009212209000089/form10q9-09.htm"
    },
    {
        "date": "2009-06-30",
        "symbol": "SO",
        "reportedCurrency": "USD",
        "cik": "0000092122",
        "fillingDate": "2009-08-06",
        "acceptedDate": "2009-08-06 12:42:06",
        "calendarYear": "2009",
        "period": "Q2",
        "revenue": 3885164000,
        "costOfRevenue": 1582326000,
        "grossProfit": 2302838000,
        "grossProfitRatio": 0.5927260728,
        "researchAndDevelopmentExpenses": 0,
        "generalAndAdministrativeExpenses": 0,
        "sellingAndMarketingExpenses": 0,
        "sellingGeneralAndAdministrativeExpenses": 0,
        "otherExpenses": 2302838000,
        "operatingExpenses": 2302838000,
        "costAndExpenses": 3885164000,
        "interestIncome": 4870000,
        "interestExpense": 232830000,
        "depreciationAndAmortization": 438521000,
        "ebitda": 1391876000,
        "ebitdaratio": 0.3582541175,
        "operatingIncome": 886194000,
        "operatingIncomeRatio": 0.2280969349,
        "totalOtherIncomeExpensesNet": -165669000,
        "incomeBeforeTax": 720525000,
        "incomeBeforeTaxRatio": 0.1854554917,
        "incomeTaxExpense": 225717000,
        "netIncome": 494808000,
        "netIncomeRatio": 0.1273583303,
        "eps": 0.61,
        "epsdiluted": 0.6,
        "weightedAverageShsOut": 790748000,
        "weightedAverageShsOutDil": 792068000,
        "link": "https://www.sec.gov/Archives/edgar/data/92122/000009212209000063/0000092122-09-000063-index.htm",
        "finalLink": "https://www.sec.gov/Archives/edgar/data/3153/000009212209000063/form10q-q209.htm"
    },
    {
        "date": "2009-03-31",
        "symbol": "SO",
        "reportedCurrency": "USD",
        "cik": "0000092122",
        "fillingDate": "2009-05-07",
        "acceptedDate": "2009-05-07 17:28:16",
        "calendarYear": "2009",
        "period": "Q1",
        "revenue": 3666307000,
        "costOfRevenue": 1513911000,
        "grossProfit": 2152396000,
        "grossProfitRatio": 0.5870746776,
        "researchAndDevelopmentExpenses": 0,
        "generalAndAdministrativeExpenses": 0,
        "sellingAndMarketingExpenses": 0,
        "sellingGeneralAndAdministrativeExpenses": 202000000,
        "otherExpenses": 1950396000,
        "operatingExpenses": 2152396000,
        "costAndExpenses": 3666307000,
        "interestIncome": 6908000,
        "interestExpense": 225727000,
        "depreciationAndAmortization": 456833000,
        "ebitda": 991645000,
        "ebitdaratio": 0.2704751675,
        "operatingIncome": 489677000,
        "operatingIncomeRatio": 0.1335613739,
        "totalOtherIncomeExpensesNet": -180592000,
        "incomeBeforeTax": 309085000,
        "incomeBeforeTaxRatio": 0.0843041786,
        "incomeTaxExpense": 167169000,
        "netIncome": 141916000,
        "netIncomeRatio": 0.0387081606,
        "eps": 0.16,
        "epsdiluted": 0.16,
        "weightedAverageShsOut": 779858000,
        "weightedAverageShsOutDil": 781645000,
        "link": "https://www.sec.gov/Archives/edgar/data/92122/000009212209000035/0000092122-09-000035-index.htm",
        "finalLink": "https://www.sec.gov/Archives/edgar/data/3153/000009212209000035/g18925e10vq.htm"
    },
    {
        "date": "2008-12-31",
        "symbol": "SO",
        "reportedCurrency": "USD",
        "cik": "0000092122",
        "fillingDate": "2009-02-25",
        "acceptedDate": "2009-02-25 13:54:36",
        "calendarYear": "2008",
        "period": "Q4",
        "revenue": 3802404000,
        "costOfRevenue": 1737732000,
        "grossProfit": 2064672000,
        "grossProfitRatio": 0.5429912234,
        "researchAndDevelopmentExpenses": 0,
        "generalAndAdministrativeExpenses": 0,
        "sellingAndMarketingExpenses": 0,
        "sellingGeneralAndAdministrativeExpenses": 0,
        "otherExpenses": 2064672000,
        "operatingExpenses": 2064672000,
        "costAndExpenses": 3802404000,
        "interestIncome": 12263000,
        "interestExpense": 200877000,
        "depreciationAndAmortization": 438304000,
        "ebitda": 902554000,
        "ebitdaratio": 0.2373640465,
        "operatingIncome": 469147000,
        "operatingIncomeRatio": 0.1233816817,
        "totalOtherIncomeExpensesNet": -205774000,
        "incomeBeforeTax": 263373000,
        "incomeBeforeTaxRatio": 0.0692648651,
        "incomeTaxExpense": 77395000,
        "netIncome": 185978000,
        "netIncomeRatio": 0.0489106365,
        "eps": 0.24,
        "epsdiluted": 0.24,
        "weightedAverageShsOut": 771811000,
        "weightedAverageShsOutDil": 775951500,
        "link": "https://www.sec.gov/Archives/edgar/data/92122/000009212209000011/0000092122-09-000011-index.htm",
        "finalLink": "https://www.sec.gov/Archives/edgar/data/3153/000009212209000011/so10k123108.htm"
    },
    {
        "date": "2008-09-30",
        "symbol": "SO",
        "reportedCurrency": "USD",
        "cik": "0000092122",
        "fillingDate": "2008-11-06",
        "acceptedDate": "2008-11-06 11:21:04",
        "calendarYear": "2008",
        "period": "Q3",
        "revenue": 5426499000,
        "costOfRevenue": 2531087000,
        "grossProfit": 2895412000,
        "grossProfitRatio": 0.5335690654,
        "researchAndDevelopmentExpenses": 0,
        "generalAndAdministrativeExpenses": 0,
        "sellingAndMarketingExpenses": 0,
        "sellingGeneralAndAdministrativeExpenses": 0,
        "otherExpenses": 2895412000,
        "operatingExpenses": 2895412000,
        "costAndExpenses": 5426499000,
        "interestIncome": 9744000,
        "interestExpense": 219066000,
        "depreciationAndAmortization": 433906000,
        "ebitda": 1884118000,
        "ebitdaratio": 0.3472069192,
        "operatingIncome": 1404696000,
        "operatingIncomeRatio": 0.2588586122,
        "totalOtherIncomeExpensesNet": -173550000,
        "incomeBeforeTax": 1231146000,
        "incomeBeforeTaxRatio": 0.2268766658,
        "incomeTaxExpense": 434515000,
        "netIncome": 796631000,
        "netIncomeRatio": 0.1468038601,
        "eps": 1.01,
        "epsdiluted": 1,
        "weightedAverageShsOut": 772622000,
        "weightedAverageShsOutDil": 776903000,
        "link": "https://www.sec.gov/Archives/edgar/data/92122/000009212208000061/0000092122-08-000061-index.htm",
        "finalLink": "https://www.sec.gov/Archives/edgar/data/3153/000009212208000061/soco10q9-08.htm"
    },
    {
        "date": "2008-06-30",
        "symbol": "SO",
        "reportedCurrency": "USD",
        "cik": "0000092122",
        "fillingDate": "2008-08-06",
        "acceptedDate": "2008-08-06 11:23:29",
        "calendarYear": "2008",
        "period": "Q2",
        "revenue": 4215187000,
        "costOfRevenue": 1819334000,
        "grossProfit": 2395853000,
        "grossProfitRatio": 0.568385934,
        "researchAndDevelopmentExpenses": 0,
        "generalAndAdministrativeExpenses": 0,
        "sellingAndMarketingExpenses": 0,
        "sellingGeneralAndAdministrativeExpenses": 0,
        "otherExpenses": 2395853000,
        "operatingExpenses": 2395853000,
        "costAndExpenses": 4215187000,
        "interestIncome": 1188000,
        "interestExpense": 228948000,
        "depreciationAndAmortization": 424101000,
        "ebitda": 1310578000,
        "ebitdaratio": 0.3109181159,
        "operatingIncome": 924068000,
        "operatingIncomeRatio": 0.2192234888,
        "totalOtherIncomeExpensesNet": -266539000,
        "incomeBeforeTax": 657529000,
        "incomeBeforeTaxRatio": 0.1559904697,
        "incomeTaxExpense": 224952000,
        "netIncome": 432577000,
        "netIncomeRatio": 0.1026234423,
        "eps": 0.54,
        "epsdiluted": 0.54,
        "weightedAverageShsOut": 769122000,
        "weightedAverageShsOutDil": 773140000,
        "link": "https://www.sec.gov/Archives/edgar/data/92122/000009212208000048/0000092122-08-000048-index.htm",
        "finalLink": "https://www.sec.gov/Archives/edgar/data/3153/000009212208000048/soco10q06-08.htm"
    },
    {
        "date": "2008-03-31",
        "symbol": "SO",
        "reportedCurrency": "USD",
        "cik": "0000092122",
        "fillingDate": "2008-05-07",
        "acceptedDate": "2008-05-07 15:34:19",
        "calendarYear": "2008",
        "period": "Q1",
        "revenue": 3682910000,
        "costOfRevenue": 1544847000,
        "grossProfit": 2138063000,
        "grossProfitRatio": 0.580536315,
        "researchAndDevelopmentExpenses": 0,
        "generalAndAdministrativeExpenses": 0,
        "sellingAndMarketingExpenses": 0,
        "sellingGeneralAndAdministrativeExpenses": 0,
        "otherExpenses": 2138063000,
        "operatingExpenses": 2138063000,
        "costAndExpenses": 3682910000,
        "interestIncome": 9805000,
        "interestExpense": 217109000,
        "depreciationAndAmortization": 407689000,
        "ebitda": 1178335000,
        "ebitdaratio": 0.3199467269,
        "operatingIncome": 708089000,
        "operatingIncomeRatio": 0.1922634547,
        "totalOtherIncomeExpensesNet": -154552000,
        "incomeBeforeTax": 553537000,
        "incomeBeforeTaxRatio": 0.1502988126,
        "incomeTaxExpense": 178138000,
        "netIncome": 375399000,
        "netIncomeRatio": 0.1019299956,
        "eps": 0.47,
        "epsdiluted": 0.47,
        "weightedAverageShsOut": 766150000,
        "weightedAverageShsOutDil": 770322000,
        "link": "https://www.sec.gov/Archives/edgar/data/92122/000009212208000032/0000092122-08-000032-index.htm",
        "finalLink": "https://www.sec.gov/Archives/edgar/data/3153/000009212208000032/soco1stqtr10q.htm"
    },
    {
        "date": "2007-12-31",
        "symbol": "SO",
        "reportedCurrency": "USD",
        "cik": "0000092122",
        "fillingDate": "2008-02-25",
        "acceptedDate": "2008-02-25 12:28:45",
        "calendarYear": "2007",
        "period": "Q4",
        "revenue": 3340360000,
        "costOfRevenue": 1412584000,
        "grossProfit": 1927776000,
        "grossProfitRatio": 0.577116239,
        "researchAndDevelopmentExpenses": 0,
        "generalAndAdministrativeExpenses": 0,
        "sellingAndMarketingExpenses": 0,
        "sellingGeneralAndAdministrativeExpenses": 0,
        "otherExpenses": 1927776000,
        "operatingExpenses": 1927776000,
        "costAndExpenses": 3340360000,
        "interestIncome": 13147000,
        "interestExpense": 212788000,
        "depreciationAndAmortization": 377525000,
        "ebitda": 823052000,
        "ebitdaratio": 0.2463961968,
        "operatingIncome": 409033000,
        "operatingIncomeRatio": 0.1224517717,
        "totalOtherIncomeExpensesNet": -176294000,
        "incomeBeforeTax": 232739000,
        "incomeBeforeTaxRatio": 0.0696748255,
        "incomeTaxExpense": 28576000,
        "netIncome": 204163000,
        "netIncomeRatio": 0.0611200589,
        "eps": 0.27,
        "epsdiluted": 0.27,
        "weightedAverageShsOut": 761075000,
        "weightedAverageShsOutDil": 765661000,
        "link": "https://www.sec.gov/Archives/edgar/data/92122/000009212208000010/0000092122-08-000010-index.htm",
        "finalLink": "https://www.sec.gov/Archives/edgar/data/3153/000009212208000010/soco10-k1207.htm"
    },
    {
        "date": "2007-09-30",
        "symbol": "SO",
        "reportedCurrency": "USD",
        "cik": "0000092122",
        "fillingDate": "2007-11-06",
        "acceptedDate": "2007-11-06 12:46:15",
        "calendarYear": "2007",
        "period": "Q3",
        "revenue": 4832043000,
        "costOfRevenue": 2020182000,
        "grossProfit": 2811861000,
        "grossProfitRatio": 0.5819196973,
        "researchAndDevelopmentExpenses": 0,
        "generalAndAdministrativeExpenses": 0,
        "sellingAndMarketingExpenses": 0,
        "sellingGeneralAndAdministrativeExpenses": 0,
        "otherExpenses": 2811861000,
        "operatingExpenses": 2811861000,
        "costAndExpenses": 4832043000,
        "interestIncome": 11638000,
        "interestExpense": 232786000,
        "depreciationAndAmortization": 375964000,
        "ebitda": 1816004000,
        "ebitdaratio": 0.3758252979,
        "operatingIncome": 1381583000,
        "operatingIncomeRatio": 0.2859210897,
        "totalOtherIncomeExpensesNet": -174329000,
        "incomeBeforeTax": 1207254000,
        "incomeBeforeTaxRatio": 0.2498433892,
        "incomeTaxExpense": 445259000,
        "netIncome": 761995000,
        "netIncomeRatio": 0.1576962374,
        "eps": 1,
        "epsdiluted": 1,
        "weightedAverageShsOut": 758308000,
        "weightedAverageShsOutDil": 762392000,
        "link": "https://www.sec.gov/Archives/edgar/data/92122/000009212207000103/0000092122-07-000103-index.htm",
        "finalLink": "https://www.sec.gov/Archives/edgar/data/3153/000009212207000103/southernco10q.htm"
    },
    {
        "date": "2007-06-30",
        "symbol": "SO",
        "reportedCurrency": "USD",
        "cik": "0000092122",
        "fillingDate": "2007-08-06",
        "acceptedDate": "2007-08-06 12:31:50",
        "calendarYear": "2007",
        "period": "Q2",
        "revenue": 3771928000,
        "costOfRevenue": 1557642000,
        "grossProfit": 2214286000,
        "grossProfitRatio": 0.5870435491,
        "researchAndDevelopmentExpenses": 0,
        "generalAndAdministrativeExpenses": 0,
        "sellingAndMarketingExpenses": 0,
        "sellingGeneralAndAdministrativeExpenses": 0,
        "otherExpenses": 2214286000,
        "operatingExpenses": 2214286000,
        "costAndExpenses": 3771928000,
        "interestIncome": 9660000,
        "interestExpense": 222576000,
        "depreciationAndAmortization": 368608000,
        "ebitda": 1225918000,
        "ebitdaratio": 0.3250109758,
        "operatingIncome": 844057000,
        "operatingIncomeRatio": 0.2237733594,
        "totalOtherIncomeExpensesNet": -209323000,
        "incomeBeforeTax": 634734000,
        "incomeBeforeTaxRatio": 0.1682783977,
        "incomeTaxExpense": 205581000,
        "netIncome": 429153000,
        "netIncomeRatio": 0.1137755015,
        "eps": 0.57,
        "epsdiluted": 0.56,
        "weightedAverageShsOut": 755137000,
        "weightedAverageShsOutDil": 759846000,
        "link": "https://www.sec.gov/Archives/edgar/data/92122/000009212207000070/0000092122-07-000070-index.htm",
        "finalLink": "https://www.sec.gov/Archives/edgar/data/3153/000009212207000070/soco10q.htm"
    },
    {
        "date": "2007-03-31",
        "symbol": "SO",
        "reportedCurrency": "USD",
        "cik": "0000092122",
        "fillingDate": "2007-05-07",
        "acceptedDate": "2007-05-07 14:26:26",
        "calendarYear": "2007",
        "period": "Q1",
        "revenue": 3408669000,
        "costOfRevenue": 1380592000,
        "grossProfit": 2028077000,
        "grossProfitRatio": 0.5949762209,
        "researchAndDevelopmentExpenses": 0,
        "generalAndAdministrativeExpenses": 0,
        "sellingAndMarketingExpenses": 0,
        "sellingGeneralAndAdministrativeExpenses": 0,
        "otherExpenses": 2028077000,
        "operatingExpenses": 2028077000,
        "costAndExpenses": 3408669000,
        "interestIncome": 0,
        "interestExpense": 0,
        "depreciationAndAmortization": 363903000,
        "ebitda": 1055230000,
        "ebitdaratio": 0.309572446,
        "operatingIncome": 691327000,
        "operatingIncomeRatio": 0.2028143536,
        "totalOtherIncomeExpensesNet": -197054000,
        "incomeBeforeTax": 494273000,
        "incomeBeforeTaxRatio": 0.1450046924,
        "incomeTaxExpense": 155584000,
        "netIncome": 338689000,
        "netIncomeRatio": 0.0993610703,
        "eps": 0.45,
        "epsdiluted": 0.45,
        "weightedAverageShsOut": 750259000,
        "weightedAverageShsOutDil": 755352000,
        "link": "https://www.sec.gov/Archives/edgar/data/92122/000009212207000045/0000092122-07-000045-index.htm",
        "finalLink": "https://www.sec.gov/Archives/edgar/data/3153/000009212207000045/soco10q1stqt.htm"
    },
    {
        "date": "2006-12-31",
        "symbol": "SO",
        "reportedCurrency": "USD",
        "cik": "0000092122",
        "fillingDate": "2007-02-27",
        "acceptedDate": "2007-02-26 18:11:51",
        "calendarYear": "2006",
        "period": "Q4",
        "revenue": 3151859000,
        "costOfRevenue": 1230614000,
        "grossProfit": 1921245000,
        "grossProfitRatio": 0.6095593109,
        "researchAndDevelopmentExpenses": 0,
        "generalAndAdministrativeExpenses": 0,
        "sellingAndMarketingExpenses": 0,
        "sellingGeneralAndAdministrativeExpenses": 0,
        "otherExpenses": 1921245000,
        "operatingExpenses": 1921245000,
        "costAndExpenses": 3151859000,
        "interestIncome": 15343000,
        "interestExpense": 231922000,
        "depreciationAndAmortization": 361433000,
        "ebitda": 828026000,
        "ebitdaratio": 0.262710356,
        "operatingIncome": 468929000,
        "operatingIncomeRatio": 0.1487785462,
        "totalOtherIncomeExpensesNet": -234258000,
        "incomeBeforeTax": 234671000,
        "incomeBeforeTaxRatio": 0.07445479,
        "incomeTaxExpense": 46398000,
        "netIncome": 188185000,
        "netIncomeRatio": 0.0597060338,
        "eps": 0.25,
        "epsdiluted": 0.25,
        "weightedAverageShsOut": 746629500,
        "weightedAverageShsOutDil": 751676000,
        "link": "https://www.sec.gov/Archives/edgar/data/92122/000009212207000016/0000092122-07-000016-index.htm",
        "finalLink": "https://www.sec.gov/Archives/edgar/data/3153/000009212207000016/soco10k.htm"
    },
    {
        "date": "2006-09-30",
        "symbol": "SO",
        "reportedCurrency": "USD",
        "cik": "0000092122",
        "fillingDate": "2006-11-06",
        "acceptedDate": "2006-11-06 16:33:51",
        "calendarYear": "2006",
        "period": "Q3",
        "revenue": 4549378000,
        "costOfRevenue": 1864937000,
        "grossProfit": 2684441000,
        "grossProfitRatio": 0.5900676972,
        "researchAndDevelopmentExpenses": 0,
        "generalAndAdministrativeExpenses": 0,
        "sellingAndMarketingExpenses": 0,
        "sellingGeneralAndAdministrativeExpenses": 0,
        "otherExpenses": 2684441000,
        "operatingExpenses": 2684441000,
        "costAndExpenses": 4549378000,
        "interestIncome": 12748000,
        "interestExpense": 215739000,
        "depreciationAndAmortization": 363519000,
        "ebitda": 1722512000,
        "ebitdaratio": 0.3786258253,
        "operatingIncome": 1357713000,
        "operatingIncomeRatio": 0.2984392592,
        "totalOtherIncomeExpensesNet": -214459000,
        "incomeBeforeTax": 1143254000,
        "incomeBeforeTaxRatio": 0.2512989688,
        "incomeTaxExpense": 405269000,
        "netIncome": 737985000,
        "netIncomeRatio": 0.162216681,
        "eps": 0.99,
        "epsdiluted": 0.99,
        "weightedAverageShsOut": 742884000,
        "weightedAverageShsOutDil": 747560000,
        "link": "https://www.sec.gov/Archives/edgar/data/92122/000009212206000298/0000092122-06-000298-index.htm",
        "finalLink": "https://www.sec.gov/Archives/edgar/data/3153/000009212206000298/g03994c1corresp.htm"
    },
    {
        "date": "2006-06-30",
        "symbol": "SO",
        "reportedCurrency": "USD",
        "cik": "0000092122",
        "fillingDate": "2006-08-03",
        "acceptedDate": "2006-08-03 13:28:11",
        "calendarYear": "2006",
        "period": "Q2",
        "revenue": 3591503000,
        "costOfRevenue": 1446493000,
        "grossProfit": 2145010000,
        "grossProfitRatio": 0.597245777,
        "researchAndDevelopmentExpenses": 0,
        "generalAndAdministrativeExpenses": 0,
        "sellingAndMarketingExpenses": 0,
        "sellingGeneralAndAdministrativeExpenses": 0,
        "otherExpenses": 2145010000,
        "operatingExpenses": 2145010000,
        "costAndExpenses": 3591503000,
        "interestIncome": 6237000,
        "interestExpense": 211335000,
        "depreciationAndAmortization": 344102000,
        "ebitda": 1161442000,
        "ebitdaratio": 0.3233860587,
        "operatingIncome": 807065000,
        "operatingIncomeRatio": 0.2247151123,
        "totalOtherIncomeExpensesNet": -201060000,
        "incomeBeforeTax": 606005000,
        "incomeBeforeTaxRatio": 0.1687329789,
        "incomeTaxExpense": 220782000,
        "netIncome": 385223000,
        "netIncomeRatio": 0.1072595512,
        "eps": 0.52,
        "epsdiluted": 0.52,
        "weightedAverageShsOut": 742515000,
        "weightedAverageShsOutDil": 746387000,
        "link": "https://www.sec.gov/Archives/edgar/data/92122/000009212206000291/0000092122-06-000291-index.htm",
        "finalLink": "https://www.sec.gov/Archives/edgar/data/3153/000009212206000291/soco63006.htm"
    },
    {
        "date": "2006-03-31",
        "symbol": "SO",
        "reportedCurrency": "USD",
        "cik": "0000092122",
        "fillingDate": "2006-05-04",
        "acceptedDate": "2006-05-04 16:04:06",
        "calendarYear": "2006",
        "period": "Q1",
        "revenue": 3063260000,
        "costOfRevenue": 1152956000,
        "grossProfit": 1910304000,
        "grossProfitRatio": 0.6236179756,
        "researchAndDevelopmentExpenses": 0,
        "generalAndAdministrativeExpenses": 0,
        "sellingAndMarketingExpenses": 0,
        "sellingGeneralAndAdministrativeExpenses": 0,
        "otherExpenses": 1910304000,
        "operatingExpenses": 1910304000,
        "costAndExpenses": 3063260000,
        "interestIncome": 0,
        "interestExpense": 0,
        "depreciationAndAmortization": 351946000,
        "ebitda": 942239000,
        "ebitdaratio": 0.3075935441,
        "operatingIncome": 590293000,
        "operatingIncomeRatio": 0.1927009134,
        "totalOtherIncomeExpensesNet": -220722000,
        "incomeBeforeTax": 369571000,
        "incomeBeforeTaxRatio": 0.1206463049,
        "incomeTaxExpense": 107964000,
        "netIncome": 261607000,
        "netIncomeRatio": 0.0854015004,
        "eps": 0.35,
        "epsdiluted": 0.35,
        "weightedAverageShsOut": 742195000,
        "weightedAverageShsOutDil": 747039000,
        "link": "https://www.sec.gov/Archives/edgar/data/92122/000009212206000228/0000092122-06-000228-index.htm",
        "finalLink": "https://www.sec.gov/Archives/edgar/data/3153/000009212206000228/g01238-soco.htm"
    },
    {
        "date": "2005-12-31",
        "symbol": "SO",
        "reportedCurrency": "USD",
        "cik": "0000092122",
        "fillingDate": "2006-02-27",
        "acceptedDate": "2006-02-27 17:30:15",
        "calendarYear": "2005",
        "period": "Q4",
        "revenue": 3167461000,
        "costOfRevenue": 1290543000,
        "grossProfit": 1876918000,
        "grossProfitRatio": 0.5925623078,
        "researchAndDevelopmentExpenses": 0,
        "generalAndAdministrativeExpenses": 0,
        "sellingAndMarketingExpenses": 0,
        "sellingGeneralAndAdministrativeExpenses": 0,
        "otherExpenses": 1876918000,
        "operatingExpenses": 1876918000,
        "costAndExpenses": 3167461000,
        "interestIncome": 0,
        "interestExpense": 0,
        "depreciationAndAmortization": 347127000,
        "ebitda": 730397000,
        "ebitdaratio": 0.2305938416,
        "operatingIncome": 412270000,
        "operatingIncomeRatio": 0.1301578772,
        "totalOtherIncomeExpensesNet": -228627000,
        "incomeBeforeTax": 183643000,
        "incomeBeforeTaxRatio": 0.057977983,
        "incomeTaxExpense": 24628000,
        "netIncome": 159015000,
        "netIncomeRatio": 0.0502026702,
        "eps": 0.21,
        "epsdiluted": 0.21,
        "weightedAverageShsOut": 743097500,
        "weightedAverageShsOutDil": 748019500,
        "link": "https://www.sec.gov/Archives/edgar/data/92122/000009212206000153/0000092122-06-000153-index.htm",
        "finalLink": "https://www.sec.gov/Archives/edgar/data/3153/000009212206000153/g99802e10vk.htm"
    },
    {
        "date": "2005-09-30",
        "symbol": "SO",
        "reportedCurrency": "USD",
        "cik": "0000092122",
        "fillingDate": "2005-11-03",
        "acceptedDate": "2005-11-03 11:41:42",
        "calendarYear": "2005",
        "period": "Q3",
        "revenue": 4357883000,
        "costOfRevenue": 1755552000,
        "grossProfit": 2602331000,
        "grossProfitRatio": 0.5971548571,
        "researchAndDevelopmentExpenses": 0,
        "generalAndAdministrativeExpenses": 0,
        "sellingAndMarketingExpenses": 0,
        "sellingGeneralAndAdministrativeExpenses": 0,
        "otherExpenses": 2602331000,
        "operatingExpenses": 2602331000,
        "costAndExpenses": 4357883000,
        "interestIncome": 9104000,
        "interestExpense": 194106000,
        "depreciationAndAmortization": 363668000,
        "ebitda": 1640254000,
        "ebitdaratio": 0.3763878011,
        "operatingIncome": 1276976000,
        "operatingIncomeRatio": 0.2930266829,
        "totalOtherIncomeExpensesNet": -194496000,
        "incomeBeforeTax": 1082480000,
        "incomeBeforeTaxRatio": 0.2483958381,
        "incomeTaxExpense": 351436000,
        "netIncome": 722204000,
        "netIncomeRatio": 0.1657235864,
        "eps": 0.97,
        "epsdiluted": 0.97,
        "weightedAverageShsOut": 743214000,
        "weightedAverageShsOutDil": 747817000,
        "link": "https://www.sec.gov/Archives/edgar/data/92122/000009212205000380/0000092122-05-000380-index.htm",
        "finalLink": "https://www.sec.gov/Archives/edgar/data/3153/000009212205000380/final10q9-05.htm"
    },
    {
        "date": "2005-06-30",
        "symbol": "SO",
        "reportedCurrency": "USD",
        "cik": "0000092122",
        "fillingDate": "2005-08-03",
        "acceptedDate": "2005-08-03 12:24:35",
        "calendarYear": "2005",
        "period": "Q2",
        "revenue": 3119646000,
        "costOfRevenue": 1116918000,
        "grossProfit": 2002728000,
        "grossProfitRatio": 0.6419728392,
        "researchAndDevelopmentExpenses": 0,
        "generalAndAdministrativeExpenses": 0,
        "sellingAndMarketingExpenses": 0,
        "sellingGeneralAndAdministrativeExpenses": 0,
        "otherExpenses": 2002728000,
        "operatingExpenses": 2002728000,
        "costAndExpenses": 3119646000,
        "interestIncome": 0,
        "interestExpense": 0,
        "depreciationAndAmortization": 344134000,
        "ebitda": 1065524000,
        "ebitdaratio": 0.3415528557,
        "operatingIncome": 721390000,
        "operatingIncomeRatio": 0.2312409805,
        "totalOtherIncomeExpensesNet": -186127000,
        "incomeBeforeTax": 535263000,
        "incomeBeforeTaxRatio": 0.1715781214,
        "incomeTaxExpense": 146447000,
        "netIncome": 386821000,
        "netIncomeRatio": 0.1239951584,
        "eps": 0.52,
        "epsdiluted": 0.52,
        "weightedAverageShsOut": 746823000,
        "weightedAverageShsOutDil": 751016000,
        "link": "https://www.sec.gov/Archives/edgar/data/92122/000009212205000331/0000092122-05-000331-index.htm",
        "finalLink": "https://www.sec.gov/Archives/edgar/data/3153/000009212205000331/final10q6-05.htm"
    },
    {
        "date": "2005-03-31",
        "symbol": "SO",
        "reportedCurrency": "USD",
        "cik": "0000092122",
        "fillingDate": "2005-05-04",
        "acceptedDate": "2005-05-04 09:41:20",
        "calendarYear": "2005",
        "period": "Q1",
        "revenue": 2787030000,
        "costOfRevenue": 962837000,
        "grossProfit": 1824193000,
        "grossProfitRatio": 0.6545293736,
        "researchAndDevelopmentExpenses": 0,
        "generalAndAdministrativeExpenses": 0,
        "sellingAndMarketingExpenses": 0,
        "sellingGeneralAndAdministrativeExpenses": 0,
        "otherExpenses": 1824193000,
        "operatingExpenses": 1824193000,
        "costAndExpenses": 2787030000,
        "interestIncome": 0,
        "interestExpense": 0,
        "depreciationAndAmortization": 343071000,
        "ebitda": 902750000,
        "ebitdaratio": 0.3239111169,
        "operatingIncome": 559679000,
        "operatingIncomeRatio": 0.2008155635,
        "totalOtherIncomeExpensesNet": -166251000,
        "incomeBeforeTax": 393428000,
        "incomeBeforeTaxRatio": 0.1411638913,
        "incomeTaxExpense": 75887000,
        "netIncome": 322960000,
        "netIncomeRatio": 0.1158796281,
        "eps": 0.43,
        "epsdiluted": 0.43,
        "weightedAverageShsOut": 744025000,
        "weightedAverageShsOutDil": 748672000,
        "link": "https://www.sec.gov/Archives/edgar/data/92122/000009212205000223/0000092122-05-000223-index.htm",
        "finalLink": "https://www.sec.gov/Archives/edgar/data/3153/000009212205000223/form10q_3-05.htm"
    },
    {
        "date": "2004-12-31",
        "symbol": "SO",
        "reportedCurrency": "USD",
        "cik": "0000092122",
        "fillingDate": "2005-03-01",
        "acceptedDate": "2005-02-28 21:51:12",
        "calendarYear": "2004",
        "period": "Q4",
        "revenue": 2719985000,
        "costOfRevenue": 3249162000,
        "grossProfit": -529177000,
        "grossProfitRatio": -0.1945514405,
        "researchAndDevelopmentExpenses": 0,
        "generalAndAdministrativeExpenses": 0,
        "sellingAndMarketingExpenses": 0,
        "sellingGeneralAndAdministrativeExpenses": 0,
        "otherExpenses": -529177000,
        "operatingExpenses": -529177000,
        "costAndExpenses": 2719985000,
        "interestIncome": 0,
        "interestExpense": 0,
        "depreciationAndAmortization": 311161000,
        "ebitda": 639142000,
        "ebitdaratio": 0.2349799723,
        "operatingIncome": 395981000,
        "operatingIncomeRatio": 0.1455820528,
        "totalOtherIncomeExpensesNet": -192418000,
        "incomeBeforeTax": 203563000,
        "incomeBeforeTaxRatio": 0.074839751,
        "incomeTaxExpense": -690000,
        "netIncome": 204253000,
        "netIncomeRatio": 0.0750934288,
        "eps": 0.28,
        "epsdiluted": 0.27,
        "weightedAverageShsOut": 741512500,
        "weightedAverageShsOutDil": 745836000,
        "link": "https://www.sec.gov/Archives/edgar/data/92122/000095014405001905/0000950144-05-001905-index.htm",
        "finalLink": "https://www.sec.gov/Archives/edgar/data/3153/000095014405001905/southernco10k2004.htm"
    },
    {
        "date": "2004-09-30",
        "symbol": "SO",
        "reportedCurrency": "USD",
        "cik": "0000092122",
        "fillingDate": "2004-11-05",
        "acceptedDate": "2004-11-05 14:39:54",
        "calendarYear": "2004",
        "period": "Q3",
        "revenue": 3440805000,
        "costOfRevenue": 1170264000,
        "grossProfit": 2270541000,
        "grossProfitRatio": 0.6598865672,
        "researchAndDevelopmentExpenses": 0,
        "generalAndAdministrativeExpenses": 0,
        "sellingAndMarketingExpenses": 0,
        "sellingGeneralAndAdministrativeExpenses": 0,
        "otherExpenses": 2270541000,
        "operatingExpenses": 2270541000,
        "costAndExpenses": 3440805000,
        "interestIncome": 0,
        "interestExpense": 0,
        "depreciationAndAmortization": 297073000,
        "ebitda": 1410040000,
        "ebitdaratio": 0.409799451,
        "operatingIncome": 1112967000,
        "operatingIncomeRatio": 0.3234612249,
        "totalOtherIncomeExpensesNet": -162879000,
        "incomeBeforeTax": 950088000,
        "incomeBeforeTaxRatio": 0.2761237559,
        "incomeTaxExpense": 305615000,
        "netIncome": 644473000,
        "netIncomeRatio": 0.1873029713,
        "eps": 0.87,
        "epsdiluted": 0.87,
        "weightedAverageShsOut": 739345000,
        "weightedAverageShsOutDil": 743695000,
        "link": "https://www.sec.gov/Archives/edgar/data/92122/000009212204000411/0000092122-04-000411-index.htm",
        "finalLink": "https://www.sec.gov/Archives/edgar/data/3153/000009212204000411/form10q9-04.htm"
    },
    {
        "date": "2004-06-30",
        "symbol": "SO",
        "reportedCurrency": "USD",
        "cik": "0000092122",
        "fillingDate": "2004-08-05",
        "acceptedDate": "2004-08-05 15:42:47",
        "calendarYear": "2004",
        "period": "Q2",
        "revenue": 3008895000,
        "costOfRevenue": 1088066000,
        "grossProfit": 1920829000,
        "grossProfitRatio": 0.6383835262,
        "researchAndDevelopmentExpenses": 0,
        "generalAndAdministrativeExpenses": 0,
        "sellingAndMarketingExpenses": 0,
        "sellingGeneralAndAdministrativeExpenses": 0,
        "otherExpenses": 1920829000,
        "operatingExpenses": 1920829000,
        "costAndExpenses": 3008895000,
        "interestIncome": 0,
        "interestExpense": 0,
        "depreciationAndAmortization": 268305000,
        "ebitda": 963222000,
        "ebitdaratio": 0.3201248299,
        "operatingIncome": 694917000,
        "operatingIncomeRatio": 0.2309542207,
        "totalOtherIncomeExpensesNet": -183765000,
        "incomeBeforeTax": 511152000,
        "incomeBeforeTaxRatio": 0.1698803049,
        "incomeTaxExpense": 159020000,
        "netIncome": 352132000,
        "netIncomeRatio": 0.1170303384,
        "eps": 0.48,
        "epsdiluted": 0.47,
        "weightedAverageShsOut": 738185000,
        "weightedAverageShsOutDil": 742453000,
        "link": "https://www.sec.gov/Archives/edgar/data/92122/000009212204000306/0000092122-04-000306-index.htm",
        "finalLink": "https://www.sec.gov/Archives/edgar/data/3153/000009212204000306/form10q2nd04.htm"
    },
    {
        "date": "2004-03-31",
        "symbol": "SO",
        "reportedCurrency": "USD",
        "cik": "0000092122",
        "fillingDate": "2004-05-06",
        "acceptedDate": "2004-05-06 16:40:02",
        "calendarYear": "2004",
        "period": "Q1",
        "revenue": 2732315000,
        "costOfRevenue": 958530000,
        "grossProfit": 1773785000,
        "grossProfitRatio": 0.6491875937,
        "researchAndDevelopmentExpenses": 0,
        "generalAndAdministrativeExpenses": 0,
        "sellingAndMarketingExpenses": 0,
        "sellingGeneralAndAdministrativeExpenses": 0,
        "otherExpenses": 1773785000,
        "operatingExpenses": 1773785000,
        "costAndExpenses": 2732315000,
        "interestIncome": 0,
        "interestExpense": 0,
        "depreciationAndAmortization": 301461000,
        "ebitda": 924596000,
        "ebitdaratio": 0.3383929013,
        "operatingIncome": 623135000,
        "operatingIncomeRatio": 0.2280611862,
        "totalOtherIncomeExpensesNet": -168938000,
        "incomeBeforeTax": 454197000,
        "incomeBeforeTaxRatio": 0.1662315655,
        "incomeTaxExpense": 123055000,
        "netIncome": 331142000,
        "netIncomeRatio": 0.1211946646,
        "eps": 0.45,
        "epsdiluted": 0.45,
        "weightedAverageShsOut": 736638000,
        "weightedAverageShsOutDil": 741603000,
        "link": "https://www.sec.gov/Archives/edgar/data/92122/000009212204000193/0000092122-04-000193-index.htm",
        "finalLink": "https://www.sec.gov/Archives/edgar/data/3153/000009212204000193/southernform10q0304.htm"
    },
    {
        "date": "2003-12-31",
        "symbol": "SO",
        "reportedCurrency": "USD",
        "cik": "0000092122",
        "fillingDate": "2004-03-01",
        "acceptedDate": "2004-03-01 11:42:39",
        "calendarYear": "2003",
        "period": "Q4",
        "revenue": 2538629000,
        "costOfRevenue": 3033609000,
        "grossProfit": -494980000,
        "grossProfitRatio": -0.1949792585,
        "researchAndDevelopmentExpenses": 0,
        "generalAndAdministrativeExpenses": 0,
        "sellingAndMarketingExpenses": 0,
        "sellingGeneralAndAdministrativeExpenses": 0,
        "otherExpenses": -494980000,
        "operatingExpenses": -494980000,
        "costAndExpenses": 2538629000,
        "interestIncome": 0,
        "interestExpense": 0,
        "depreciationAndAmortization": 296217000,
        "ebitda": 445563000,
        "ebitdaratio": 0.1755132396,
        "operatingIncome": 431346000,
        "operatingIncomeRatio": 0.1699129727,
        "totalOtherIncomeExpensesNet": -279647000,
        "incomeBeforeTax": 151699000,
        "incomeBeforeTaxRatio": 0.05975627,
        "incomeTaxExpense": 25853000,
        "netIncome": 125479000,
        "netIncomeRatio": 0.0494278605,
        "eps": 0.17,
        "epsdiluted": 0.17,
        "weightedAverageShsOut": 731819000,
        "weightedAverageShsOutDil": 736801500,
        "link": "https://www.sec.gov/Archives/edgar/data/92122/000009212204000119/0000092122-04-000119-index.htm",
        "finalLink": "https://www.sec.gov/Archives/edgar/data/3153/000009212204000119/form10k2003.txt"
    },
    {
        "date": "2003-09-30",
        "symbol": "SO",
        "reportedCurrency": "USD",
        "cik": "0000092122",
        "fillingDate": "2003-11-13",
        "acceptedDate": "2003-11-13 10:56:32",
        "calendarYear": "2003",
        "period": "Q3",
        "revenue": 3300847000,
        "costOfRevenue": 1074841000,
        "grossProfit": 2226006000,
        "grossProfitRatio": 0.6743741834,
        "researchAndDevelopmentExpenses": 0,
        "generalAndAdministrativeExpenses": 0,
        "sellingAndMarketingExpenses": 0,
        "sellingGeneralAndAdministrativeExpenses": 0,
        "otherExpenses": 2226006000,
        "operatingExpenses": 2226006000,
        "costAndExpenses": 3300847000,
        "interestIncome": 0,
        "interestExpense": 0,
        "depreciationAndAmortization": 296635000,
        "ebitda": 1390985000,
        "ebitdaratio": 0.4214024461,
        "operatingIncome": 1094350000,
        "operatingIncomeRatio": 0.3315361179,
        "totalOtherIncomeExpensesNet": -196299000,
        "incomeBeforeTax": 898051000,
        "incomeBeforeTaxRatio": 0.2720668362,
        "incomeTaxExpense": 279216000,
        "netIncome": 618835000,
        "netIncomeRatio": 0.1874776383,
        "eps": 0.85,
        "epsdiluted": 0.84,
        "weightedAverageShsOut": 729816000,
        "weightedAverageShsOutDil": 734855000,
        "link": "https://www.sec.gov/Archives/edgar/data/92122/000009212203000256/0000092122-03-000256-index.htm",
        "finalLink": "https://www.sec.gov/Archives/edgar/data/3153/000009212203000256/form10q-3rd03.txt"
    },
    {
        "date": "2003-06-30",
        "symbol": "SO",
        "reportedCurrency": "USD",
        "cik": "0000092122",
        "fillingDate": "2003-08-13",
        "acceptedDate": "2003-08-13 15:40:12",
        "calendarYear": "2003",
        "period": "Q2",
        "revenue": 2823964000,
        "costOfRevenue": 852742000,
        "grossProfit": 1971222000,
        "grossProfitRatio": 0.698033686,
        "researchAndDevelopmentExpenses": 0,
        "generalAndAdministrativeExpenses": 0,
        "sellingAndMarketingExpenses": 0,
        "sellingGeneralAndAdministrativeExpenses": 0,
        "otherExpenses": 1971222000,
        "operatingExpenses": 1971222000,
        "costAndExpenses": 2823964000,
        "interestIncome": 0,
        "interestExpense": 0,
        "depreciationAndAmortization": 303099000,
        "ebitda": 1084321000,
        "ebitdaratio": 0.3839712546,
        "operatingIncome": 781222000,
        "operatingIncomeRatio": 0.2766402121,
        "totalOtherIncomeExpensesNet": -163572000,
        "incomeBeforeTax": 617650000,
        "incomeBeforeTaxRatio": 0.2187173774,
        "incomeTaxExpense": 185763000,
        "netIncome": 431887000,
        "netIncomeRatio": 0.1529364397,
        "eps": 0.6,
        "epsdiluted": 0.59,
        "weightedAverageShsOut": 724627000,
        "weightedAverageShsOutDil": 730286000,
        "link": "https://www.sec.gov/Archives/edgar/data/92122/000009212203000188/0000092122-03-000188-index.htm",
        "finalLink": "https://www.sec.gov/Archives/edgar/data/3153/000009212203000188/form10q.txt"
    },
    {
        "date": "2003-03-31",
        "symbol": "SO",
        "reportedCurrency": "USD",
        "cik": "0000092122",
        "fillingDate": "2003-05-15",
        "acceptedDate": "2003-05-14 21:13:02",
        "calendarYear": "2003",
        "period": "Q1",
        "revenue": 2548354000,
        "costOfRevenue": 825312000,
        "grossProfit": 1723042000,
        "grossProfitRatio": 0.6761391863,
        "researchAndDevelopmentExpenses": 0,
        "generalAndAdministrativeExpenses": 0,
        "sellingAndMarketingExpenses": 0,
        "sellingGeneralAndAdministrativeExpenses": 0,
        "otherExpenses": 1723042000,
        "operatingExpenses": 1723042000,
        "costAndExpenses": 2548354000,
        "interestIncome": 0,
        "interestExpense": 0,
        "depreciationAndAmortization": 294146000,
        "ebitda": 899798000,
        "ebitdaratio": 0.3530898768,
        "operatingIncome": 605652000,
        "operatingIncomeRatio": 0.237663998,
        "totalOtherIncomeExpensesNet": -187052000,
        "incomeBeforeTax": 418600000,
        "incomeBeforeTaxRatio": 0.1642628928,
        "incomeTaxExpense": 121168000,
        "netIncome": 297432000,
        "netIncomeRatio": 0.1167153386,
        "eps": 0.41,
        "epsdiluted": 0.41,
        "weightedAverageShsOut": 718943000,
        "weightedAverageShsOutDil": 724891000,
        "link": "https://www.sec.gov/Archives/edgar/data/92122/000009212203000099/0000092122-03-000099-index.htm",
        "finalLink": "https://www.sec.gov/Archives/edgar/data/3153/000009212203000099/mar2003-10q.txt"
    },
    {
        "date": "2002-12-31",
        "symbol": "SO",
        "reportedCurrency": "USD",
        "cik": "0000092122",
        "fillingDate": "2003-03-10",
        "acceptedDate": "2003-03-10 11:53:27",
        "calendarYear": "2002",
        "period": "Q4",
        "revenue": 2456632000,
        "costOfRevenue": 2922287000,
        "grossProfit": -465655000,
        "grossProfitRatio": -0.1895501646,
        "researchAndDevelopmentExpenses": 0,
        "generalAndAdministrativeExpenses": 0,
        "sellingAndMarketingExpenses": 0,
        "sellingGeneralAndAdministrativeExpenses": 0,
        "otherExpenses": -465655000,
        "operatingExpenses": -465655000,
        "costAndExpenses": 2456632000,
        "interestIncome": 0,
        "interestExpense": 0,
        "depreciationAndAmortization": 316541000,
        "ebitda": 413522000,
        "ebitdaratio": 0.1683288339,
        "operatingIncome": 339981000,
        "operatingIncomeRatio": 0.1383931334,
        "totalOtherIncomeExpensesNet": -183374000,
        "incomeBeforeTax": 156607000,
        "incomeBeforeTaxRatio": 0.0637486608,
        "incomeTaxExpense": -10302000,
        "netIncome": 166909000,
        "netIncomeRatio": 0.0679422071,
        "eps": 0.23,
        "epsdiluted": 0.23,
        "weightedAverageShsOut": 713471500,
        "weightedAverageShsOutDil": 719445500,
        "link": "https://www.sec.gov/Archives/edgar/data/92122/000009212203000074/0000092122-03-000074-index.htm",
        "finalLink": "https://www.sec.gov/Archives/edgar/data/3153/000009212203000074/form10k2002.txt"
    },
    {
        "date": "2002-09-30",
        "symbol": "SO",
        "reportedCurrency": "USD",
        "cik": "0000092122",
        "fillingDate": "2002-11-13",
        "acceptedDate": "2002-11-13 15:27:34",
        "calendarYear": "2002",
        "period": "Q3",
        "revenue": 3248008000,
        "costOfRevenue": 1028715000,
        "grossProfit": 2219293000,
        "grossProfitRatio": 0.6832781816,
        "researchAndDevelopmentExpenses": 0,
        "generalAndAdministrativeExpenses": 0,
        "sellingAndMarketingExpenses": 0,
        "sellingGeneralAndAdministrativeExpenses": 0,
        "otherExpenses": 2219293000,
        "operatingExpenses": 2219293000,
        "costAndExpenses": 3248008000,
        "interestIncome": 0,
        "interestExpense": 0,
        "depreciationAndAmortization": 289796000,
        "ebitda": 1359848000,
        "ebitdaratio": 0.4186713826,
        "operatingIncome": 1070052000,
        "operatingIncomeRatio": 0.3294486959,
        "totalOtherIncomeExpensesNet": -202356000,
        "incomeBeforeTax": 867696000,
        "incomeBeforeTaxRatio": 0.2671471253,
        "incomeTaxExpense": 272283000,
        "netIncome": 595413000,
        "netIncomeRatio": 0.1833163588,
        "eps": 0.84,
        "epsdiluted": 0.83,
        "weightedAverageShsOut": 710647000,
        "weightedAverageShsOutDil": 716464000,
        "link": "https://www.sec.gov/Archives/edgar/data/92122/000009212202000078/0000092122-02-000078-index.htm",
        "finalLink": "https://www.sec.gov/Archives/edgar/data/3153/000009212202000078/sept10q.txt"
    },
    {
        "date": "2002-06-30",
        "symbol": "SO",
        "reportedCurrency": "USD",
        "cik": "0000092122",
        "fillingDate": "2002-08-12",
        "acceptedDate": "2002-08-12 08:14:33",
        "calendarYear": "2002",
        "period": "Q2",
        "revenue": 2630772000,
        "costOfRevenue": 810188000,
        "grossProfit": 1820584000,
        "grossProfitRatio": 0.6920341253,
        "researchAndDevelopmentExpenses": 0,
        "generalAndAdministrativeExpenses": 0,
        "sellingAndMarketingExpenses": 0,
        "sellingGeneralAndAdministrativeExpenses": 0,
        "otherExpenses": 1820584000,
        "operatingExpenses": 1820584000,
        "costAndExpenses": 2630772000,
        "interestIncome": 0,
        "interestExpense": 0,
        "depreciationAndAmortization": 277140000,
        "ebitda": 935853000,
        "ebitdaratio": 0.355733222,
        "operatingIncome": 658713000,
        "operatingIncomeRatio": 0.2503877189,
        "totalOtherIncomeExpensesNet": -172440000,
        "incomeBeforeTax": 486273000,
        "incomeBeforeTaxRatio": 0.1848404195,
        "incomeTaxExpense": 154881000,
        "netIncome": 331392000,
        "netIncomeRatio": 0.1259675867,
        "eps": 0.47,
        "epsdiluted": 0.46,
        "weightedAverageShsOut": 706181000,
        "weightedAverageShsOutDil": 712165000,
        "link": "https://www.sec.gov/Archives/edgar/data/92122/000009212202000069/0000092122-02-000069-index.htm",
        "finalLink": "https://www.sec.gov/Archives/edgar/data/3153/000009212202000069/form10q2ndqtr-02.txt"
    },
    {
        "date": "2002-03-31",
        "symbol": "SO",
        "reportedCurrency": "USD",
        "cik": "0000092122",
        "fillingDate": "2002-05-15",
        "acceptedDate": "2002-05-15 14:35:58",
        "calendarYear": "2002",
        "period": "Q1",
        "revenue": 2213588000,
        "costOfRevenue": 641810000,
        "grossProfit": 1571778000,
        "grossProfitRatio": 0.7100589631,
        "researchAndDevelopmentExpenses": 0,
        "generalAndAdministrativeExpenses": 0,
        "sellingAndMarketingExpenses": 0,
        "sellingGeneralAndAdministrativeExpenses": 0,
        "otherExpenses": 1571778000,
        "operatingExpenses": 1571778000,
        "costAndExpenses": 2213588000,
        "interestIncome": 0,
        "interestExpense": 0,
        "depreciationAndAmortization": 274523000,
        "ebitda": 792023000,
        "ebitdaratio": 0.3578005483,
        "operatingIncome": 517500000,
        "operatingIncomeRatio": 0.2337833418,
        "totalOtherIncomeExpensesNet": -176828000,
        "incomeBeforeTax": 340672000,
        "incomeBeforeTaxRatio": 0.1539003645,
        "incomeTaxExpense": 116386000,
        "netIncome": 224286000,
        "netIncomeRatio": 0.101322378,
        "eps": 0.32,
        "epsdiluted": 0.32,
        "weightedAverageShsOut": 701012000,
        "weightedAverageShsOutDil": 706298000,
        "link": "https://www.sec.gov/Archives/edgar/data/92122/000009212202000051/0000092122-02-000051-index.htm",
        "finalLink": "https://www.sec.gov/Archives/edgar/data/3153/000009212202000051/form10q-m02.txt"
    },
    {
        "date": "2001-12-31",
        "symbol": "SO",
        "reportedCurrency": "USD",
        "cik": "0000092122",
        "fillingDate": "2002-03-25",
        "acceptedDate": "2002-03-25 00:00:00",
        "calendarYear": "2001",
        "period": "Q4",
        "revenue": 2159217000,
        "costOfRevenue": 2484410000,
        "grossProfit": -325193000,
        "grossProfitRatio": -0.1506069098,
        "researchAndDevelopmentExpenses": 0,
        "generalAndAdministrativeExpenses": 0,
        "sellingAndMarketingExpenses": 0,
        "sellingGeneralAndAdministrativeExpenses": 0,
        "otherExpenses": -325193000,
        "operatingExpenses": -325193000,
        "costAndExpenses": 2159217000,
        "interestIncome": 0,
        "interestExpense": 0,
        "depreciationAndAmortization": 366986000,
        "ebitda": 542999000,
        "ebitdaratio": 0.2514795873,
        "operatingIncome": 333013000,
        "operatingIncomeRatio": 0.1542285931,
        "totalOtherIncomeExpensesNet": -192636000,
        "incomeBeforeTax": 140377000,
        "incomeBeforeTaxRatio": 0.065012919,
        "incomeTaxExpense": 24885000,
        "netIncome": 115504000,
        "netIncomeRatio": 0.0534934655,
        "eps": 0.17,
        "epsdiluted": 0.16,
        "weightedAverageShsOut": 695006000,
        "weightedAverageShsOutDil": 700149000,
        "link": "https://www.sec.gov/Archives/edgar/data/92122/000009212202000045/0000092122-02-000045-index.htm",
        "finalLink": "https://www.sec.gov/Archives/edgar/data/3153/000009212202000045/form10k.txt"
    },
    {
        "date": "2001-09-30",
        "symbol": "SO",
        "reportedCurrency": "USD",
        "cik": "0000092122",
        "fillingDate": "2001-11-14",
        "acceptedDate": "2001-11-14 00:00:00",
        "calendarYear": "2001",
        "period": "Q3",
        "revenue": 3164461000,
        "costOfRevenue": 1088846000,
        "grossProfit": 2075615000,
        "grossProfitRatio": 0.6559142299,
        "researchAndDevelopmentExpenses": 0,
        "generalAndAdministrativeExpenses": 0,
        "sellingAndMarketingExpenses": 0,
        "sellingGeneralAndAdministrativeExpenses": 0,
        "otherExpenses": 2075615000,
        "operatingExpenses": 2075615000,
        "costAndExpenses": 3164461000,
        "interestIncome": 0,
        "interestExpense": 0,
        "depreciationAndAmortization": 327618000,
        "ebitda": 1325503000,
        "ebitdaratio": 0.4188716499,
        "operatingIncome": 997885000,
        "operatingIncomeRatio": 0.3153412224,
        "totalOtherIncomeExpensesNet": -159095000,
        "incomeBeforeTax": 838790000,
        "incomeBeforeTaxRatio": 0.2650656779,
        "incomeTaxExpense": 284412000,
        "netIncome": 554378000,
        "netIncomeRatio": 0.1751887604,
        "eps": 0.8,
        "epsdiluted": 0.79,
        "weightedAverageShsOut": 691687000,
        "weightedAverageShsOutDil": 691728000,
        "link": "https://www.sec.gov/Archives/edgar/data/92122/000009212201500103/0000092122-01-500103-index.htm",
        "finalLink": "https://www.sec.gov/Archives/edgar/data/3153/000009212201500103/thirdq2001.txt"
    },
    {
        "date": "2001-06-30",
        "symbol": "SO",
        "reportedCurrency": "USD",
        "cik": "0000092122",
        "fillingDate": "2001-08-14",
        "acceptedDate": "2001-08-14 00:00:00",
        "calendarYear": "2001",
        "period": "Q2",
        "revenue": 2561804000,
        "costOfRevenue": 852237000,
        "grossProfit": 1709567000,
        "grossProfitRatio": 0.6673293507,
        "researchAndDevelopmentExpenses": 0,
        "generalAndAdministrativeExpenses": 0,
        "sellingAndMarketingExpenses": 0,
        "sellingGeneralAndAdministrativeExpenses": 0,
        "otherExpenses": 1709567000,
        "operatingExpenses": 1709567000,
        "costAndExpenses": 2561804000,
        "interestIncome": 0,
        "interestExpense": 0,
        "depreciationAndAmortization": 335603000,
        "ebitda": 2897407000,
        "ebitdaratio": 1.131002606,
        "operatingIncome": 2561804000,
        "operatingIncomeRatio": 1,
        "totalOtherIncomeExpensesNet": -2152658000,
        "incomeBeforeTax": 409146000,
        "incomeBeforeTaxRatio": 0.1597101105,
        "incomeTaxExpense": 138758000,
        "netIncome": 272573000,
        "netIncomeRatio": 0.1063988502,
        "eps": 0.39,
        "epsdiluted": 0.39,
        "weightedAverageShsOut": 686702000,
        "weightedAverageShsOutDil": 691404000,
        "link": "https://www.sec.gov/Archives/edgar/data/92122/000009212201500095/0000092122-01-500095-index.htm",
        "finalLink": "https://www.sec.gov/Archives/edgar/data/3153/000009212201500095/secondq2001.txt"
    },
    {
        "date": "2001-03-31",
        "symbol": "SO",
        "reportedCurrency": "USD",
        "cik": "0000092122",
        "fillingDate": "2001-05-15",
        "acceptedDate": "2001-05-15 00:00:00",
        "calendarYear": "2001",
        "period": "Q1",
        "revenue": 2269518000,
        "costOfRevenue": 721507000,
        "grossProfit": 1548011000,
        "grossProfitRatio": 0.6820880028,
        "researchAndDevelopmentExpenses": 0,
        "generalAndAdministrativeExpenses": 0,
        "sellingAndMarketingExpenses": 0,
        "sellingGeneralAndAdministrativeExpenses": 0,
        "otherExpenses": 1548011000,
        "operatingExpenses": 1548011000,
        "costAndExpenses": 2269518000,
        "interestIncome": 0,
        "interestExpense": 0,
        "depreciationAndAmortization": 327793000,
        "ebitda": 2597311000,
        "ebitdaratio": 1.1444328708,
        "operatingIncome": 2269518000,
        "operatingIncomeRatio": 1,
        "totalOtherIncomeExpensesNet": -1980831000,
        "incomeBeforeTax": 288687000,
        "incomeBeforeTaxRatio": 0.1272018993,
        "incomeTaxExpense": 109945000,
        "netIncome": 319545000,
        "netIncomeRatio": 0.1407986189,
        "eps": 0.47,
        "epsdiluted": 0.47,
        "weightedAverageShsOut": 682575000,
        "weightedAverageShsOutDil": 684968000,
        "link": "https://www.sec.gov/Archives/edgar/data/92122/000009212201500076/0000092122-01-500076-index.htm",
        "finalLink": "https://www.sec.gov/Archives/edgar/data/3153/000009212201500076/firstq2001.txt"
    },
    {
        "date": "2000-12-31",
        "symbol": "SO",
        "reportedCurrency": "USD",
        "cik": "0000092122",
        "fillingDate": "2001-03-29",
        "acceptedDate": "2001-03-29 00:00:00",
        "calendarYear": "2000",
        "period": "Q4",
        "revenue": -3181213000,
        "costOfRevenue": -1020459000,
        "grossProfit": -2160754000,
        "grossProfitRatio": 0.6792233026,
        "researchAndDevelopmentExpenses": 0,
        "generalAndAdministrativeExpenses": 0,
        "sellingAndMarketingExpenses": 0,
        "sellingGeneralAndAdministrativeExpenses": 0,
        "otherExpenses": -2160754000,
        "operatingExpenses": -2160754000,
        "costAndExpenses": -3181213000,
        "interestIncome": 0,
        "interestExpense": 0,
        "depreciationAndAmortization": 187122000,
        "ebitda": -178493000,
        "ebitdaratio": 0.0561084718,
        "operatingIncome": -202615000,
        "operatingIncomeRatio": 0.063691114,
        "totalOtherIncomeExpensesNet": -27674000,
        "incomeBeforeTax": -230289000,
        "incomeBeforeTaxRatio": 0.0723903115,
        "incomeTaxExpense": -23408000,
        "netIncome": 112119000,
        "netIncomeRatio": -0.0352441034,
        "eps": 0.17,
        "epsdiluted": 0.17,
        "weightedAverageShsOut": 667787500,
        "weightedAverageShsOutDil": 669484000,
        "link": "https://www.sec.gov/Archives/edgar/data/92122/000009212201500065/0000092122-01-500065-index.htm",
        "finalLink": "https://www.sec.gov/Archives/edgar/data/3153/000009212201500065/year2000_10k.txt"
    },
    {
        "date": "2000-09-30",
        "symbol": "SO",
        "reportedCurrency": "USD",
        "cik": "0000092122",
        "fillingDate": "2000-11-14",
        "acceptedDate": "2000-11-14 00:00:00",
        "calendarYear": "2000",
        "period": "Q3",
        "revenue": 3197375000,
        "costOfRevenue": 1099650000,
        "grossProfit": 2097725000,
        "grossProfitRatio": 0.6560772509,
        "researchAndDevelopmentExpenses": 0,
        "generalAndAdministrativeExpenses": 0,
        "sellingAndMarketingExpenses": 0,
        "sellingGeneralAndAdministrativeExpenses": 0,
        "otherExpenses": 2097725000,
        "operatingExpenses": 2097725000,
        "costAndExpenses": 3197375000,
        "interestIncome": 0,
        "interestExpense": 0,
        "depreciationAndAmortization": 316153000,
        "ebitda": 1354943000,
        "ebitdaratio": 0.4237673091,
        "operatingIncome": 1038790000,
        "operatingIncomeRatio": 0.324888385,
        "totalOtherIncomeExpensesNet": -199601000,
        "incomeBeforeTax": 839189000,
        "incomeBeforeTaxRatio": 0.2624618632,
        "incomeTaxExpense": 315889000,
        "netIncome": 613533000,
        "netIncomeRatio": 0.1918864694,
        "eps": 0.95,
        "epsdiluted": 0.95,
        "weightedAverageShsOut": 649347000,
        "weightedAverageShsOutDil": 650869000,
        "link": "https://www.sec.gov/Archives/edgar/data/92122/000009212200000087/0000092122-00-000087-index.htm",
        "finalLink": "https://www.sec.gov/Archives/edgar/data/3153/000009212200000087/0000092122-00-000087-0001.txt"
    },
    {
        "date": "2000-06-30",
        "symbol": "SO",
        "reportedCurrency": "USD",
        "cik": "0000092122",
        "fillingDate": "2000-08-14",
        "acceptedDate": "2000-08-14 00:00:00",
        "calendarYear": "2000",
        "period": "Q2",
        "revenue": 2522742000,
        "costOfRevenue": 800785000,
        "grossProfit": 1721957000,
        "grossProfitRatio": 0.6825735648,
        "researchAndDevelopmentExpenses": 0,
        "generalAndAdministrativeExpenses": 0,
        "sellingAndMarketingExpenses": 0,
        "sellingGeneralAndAdministrativeExpenses": 0,
        "otherExpenses": 1721957000,
        "operatingExpenses": 1721957000,
        "costAndExpenses": 2522742000,
        "interestIncome": 0,
        "interestExpense": 0,
        "depreciationAndAmortization": 294050000,
        "ebitda": 909566000,
        "ebitdaratio": 0.3605465799,
        "operatingIncome": 598165000,
        "operatingIncomeRatio": 0.2371090662,
        "totalOtherIncomeExpensesNet": -194770000,
        "incomeBeforeTax": 403395000,
        "incomeBeforeTaxRatio": 0.1599033908,
        "incomeTaxExpense": 147825000,
        "netIncome": 341904000,
        "netIncomeRatio": 0.1355287223,
        "eps": 0.52,
        "epsdiluted": 0.52,
        "weightedAverageShsOut": 648695988,
        "weightedAverageShsOutDil": 648695988,
        "link": "https://www.sec.gov/Archives/edgar/data/92122/000009212200500025/0000092122-00-500025-index.htm",
        "finalLink": "https://www.sec.gov/Archives/edgar/data/3153/000009212200500025/0000092122-00-500025-0001.txt"
    },
    {
        "date": "2000-03-31",
        "symbol": "SO",
        "reportedCurrency": "USD",
        "cik": "0000092122",
        "fillingDate": "2000-05-15",
        "acceptedDate": "2000-05-15 00:00:00",
        "calendarYear": "2000",
        "period": "Q1",
        "revenue": 2572587000,
        "costOfRevenue": 753170000,
        "grossProfit": 1819417000,
        "grossProfitRatio": 0.7072324473,
        "researchAndDevelopmentExpenses": 0,
        "generalAndAdministrativeExpenses": 0,
        "sellingAndMarketingExpenses": 0,
        "sellingGeneralAndAdministrativeExpenses": 0,
        "otherExpenses": 1819417000,
        "operatingExpenses": 1819417000,
        "costAndExpenses": 2572587000,
        "interestIncome": 0,
        "interestExpense": 0,
        "depreciationAndAmortization": 407671000,
        "ebitda": 977047000,
        "ebitdaratio": 0.3797916261,
        "operatingIncome": 569376000,
        "operatingIncomeRatio": 0.2213242934,
        "totalOtherIncomeExpensesNet": -262422000,
        "incomeBeforeTax": 306954000,
        "incomeBeforeTaxRatio": 0.1193172476,
        "incomeTaxExpense": 61510000,
        "netIncome": 245444000,
        "netIncomeRatio": 0.0954074634,
        "eps": 0.38,
        "epsdiluted": 0.38,
        "weightedAverageShsOut": 653134000,
        "weightedAverageShsOutDil": 653134000,
        "link": "https://www.sec.gov/Archives/edgar/data/92122/000009212200000076/0000092122-00-000076-index.html",
        "finalLink": "https://www.sec.gov/Archives/edgar/data/3153/000009212200000076/"
    },
    {
        "date": "1999-12-31",
        "symbol": "SO",
        "reportedCurrency": "USD",
        "cik": "0000092122",
        "fillingDate": "2000-03-27",
        "acceptedDate": "2000-03-27 00:00:00",
        "calendarYear": "1999",
        "period": "Q4",
        "revenue": 2615700000,
        "costOfRevenue": 2940900000,
        "grossProfit": -325200000,
        "grossProfitRatio": -0.1243261842,
        "researchAndDevelopmentExpenses": 0,
        "generalAndAdministrativeExpenses": 0,
        "sellingAndMarketingExpenses": 0,
        "sellingGeneralAndAdministrativeExpenses": 0,
        "otherExpenses": -325200000,
        "operatingExpenses": -325200000,
        "costAndExpenses": 2615700000,
        "interestIncome": 0,
        "interestExpense": 0,
        "depreciationAndAmortization": 0,
        "ebitda": 931800000,
        "ebitdaratio": 0.356233513,
        "operatingIncome": 585700000,
        "operatingIncomeRatio": 0.2239171159,
        "totalOtherIncomeExpensesNet": -337500000,
        "incomeBeforeTax": 248200000,
        "incomeBeforeTaxRatio": 0.0948885576,
        "incomeTaxExpense": 125700000,
        "netIncome": 122500000,
        "netIncomeRatio": 0.0468325878,
        "eps": 0.18,
        "epsdiluted": 0.18,
        "weightedAverageShsOut": 669067000,
        "weightedAverageShsOutDil": 669567000,
        "link": "https://www.sec.gov/Archives/edgar/data/92122/000009212200000068/0000092122-00-000068-index.html",
        "finalLink": "https://www.sec.gov/Archives/edgar/data/3153/000009212200000068/"
    },
    {
        "date": "1999-09-30",
        "symbol": "SO",
        "reportedCurrency": "USD",
        "cik": "0000092122",
        "fillingDate": "1999-11-15",
        "acceptedDate": "1999-11-15 00:00:00",
        "calendarYear": "1999",
        "period": "Q3",
        "revenue": 3736600000,
        "costOfRevenue": 1244100000,
        "grossProfit": 2492500000,
        "grossProfitRatio": 0.6670502596,
        "researchAndDevelopmentExpenses": 0,
        "generalAndAdministrativeExpenses": 0,
        "sellingAndMarketingExpenses": 0,
        "sellingGeneralAndAdministrativeExpenses": 0,
        "otherExpenses": 2492500000,
        "operatingExpenses": 2492500000,
        "costAndExpenses": 3736600000,
        "interestIncome": 0,
        "interestExpense": 0,
        "depreciationAndAmortization": 0,
        "ebitda": 1457100000,
        "ebitdaratio": 0.3899534336,
        "operatingIncome": 1110100000,
        "operatingIncomeRatio": 0.2970882621,
        "totalOtherIncomeExpensesNet": -163100000,
        "incomeBeforeTax": 947000000,
        "incomeBeforeTaxRatio": 0.2534389552,
        "incomeTaxExpense": 331800000,
        "netIncome": 615200000,
        "netIncomeRatio": 0.1646416528,
        "eps": 0.9,
        "epsdiluted": 0.9,
        "weightedAverageShsOut": 683555556,
        "weightedAverageShsOutDil": 683555556,
        "link": "https://www.sec.gov/Archives/edgar/data/92122/000009212299000062/0000092122-99-000062-index.html",
        "finalLink": "https://www.sec.gov/Archives/edgar/data/3153/000009212299000062/"
    },
    {
        "date": "1999-06-30",
        "symbol": "SO",
        "reportedCurrency": "USD",
        "cik": "0000092122",
        "fillingDate": "1999-08-16",
        "acceptedDate": "1999-08-16 00:00:00",
        "calendarYear": "1999",
        "period": "Q2",
        "revenue": 2791100000,
        "costOfRevenue": 901000000,
        "grossProfit": 1890100000,
        "grossProfitRatio": 0.6771882054,
        "researchAndDevelopmentExpenses": 0,
        "generalAndAdministrativeExpenses": 0,
        "sellingAndMarketingExpenses": 0,
        "sellingGeneralAndAdministrativeExpenses": 0,
        "otherExpenses": 1890100000,
        "operatingExpenses": 1890100000,
        "costAndExpenses": 2791100000,
        "interestIncome": 0,
        "interestExpense": 0,
        "depreciationAndAmortization": 0,
        "ebitda": 1011200000,
        "ebitdaratio": 0.3622944359,
        "operatingIncome": 667300000,
        "operatingIncomeRatio": 0.2390813658,
        "totalOtherIncomeExpensesNet": -193400000,
        "incomeBeforeTax": 473900000,
        "incomeBeforeTaxRatio": 0.1697896887,
        "incomeTaxExpense": 159900000,
        "netIncome": 314000000,
        "netIncomeRatio": 0.1125004479,
        "eps": 0.45,
        "epsdiluted": 0.45,
        "weightedAverageShsOut": 697777778,
        "weightedAverageShsOutDil": 697777778,
        "link": "https://www.sec.gov/Archives/edgar/data/92122/000009212299000052/0000092122-99-000052-index.html",
        "finalLink": "https://www.sec.gov/Archives/edgar/data/3153/000009212299000052/"
    },
    {
        "date": "1999-03-31",
        "symbol": "SO",
        "reportedCurrency": "USD",
        "cik": "0000092122",
        "fillingDate": "1999-05-17",
        "acceptedDate": "1999-05-17 00:00:00",
        "calendarYear": "1999",
        "period": "Q1",
        "revenue": 2441565000,
        "costOfRevenue": 786900000,
        "grossProfit": 1654665000,
        "grossProfitRatio": 0.6777067168,
        "researchAndDevelopmentExpenses": 0,
        "generalAndAdministrativeExpenses": 0,
        "sellingAndMarketingExpenses": 0,
        "sellingGeneralAndAdministrativeExpenses": 0,
        "otherExpenses": 1654665000,
        "operatingExpenses": 1654665000,
        "costAndExpenses": 2441565000,
        "interestIncome": 0,
        "interestExpense": 0,
        "depreciationAndAmortization": 358000000,
        "ebitda": 842865000,
        "ebitdaratio": 0.3452150567,
        "operatingIncome": 484865000,
        "operatingIncomeRatio": 0.198587791,
        "totalOtherIncomeExpensesNet": -151965000,
        "incomeBeforeTax": 332900000,
        "incomeBeforeTaxRatio": 0.1363469742,
        "incomeTaxExpense": 108600000,
        "netIncome": 224300000,
        "netIncomeRatio": 0.0918673064,
        "eps": 0.32,
        "epsdiluted": 0.32,
        "weightedAverageShsOut": 700937500,
        "weightedAverageShsOutDil": 700937500,
        "link": "https://www.sec.gov/Archives/edgar/data/92122/000009212299000046/0000092122-99-000046-index.html",
        "finalLink": "https://www.sec.gov/Archives/edgar/data/3153/"
    },
    {
        "date": "1998-12-31",
        "symbol": "SO",
        "reportedCurrency": "USD",
        "cik": "0000092122",
        "fillingDate": "1999-03-26",
        "acceptedDate": "1999-03-26 00:00:00",
        "calendarYear": "1998",
        "period": "Q4",
        "revenue": 2519100000,
        "costOfRevenue": 2956500000,
        "grossProfit": -437400000,
        "grossProfitRatio": -0.1736334405,
        "researchAndDevelopmentExpenses": 0,
        "generalAndAdministrativeExpenses": 0,
        "sellingAndMarketingExpenses": 0,
        "sellingGeneralAndAdministrativeExpenses": 0,
        "otherExpenses": -437400000,
        "operatingExpenses": -437400000,
        "costAndExpenses": 2519100000,
        "interestIncome": 0,
        "interestExpense": 0,
        "depreciationAndAmortization": 0,
        "ebitda": -275900000,
        "ebitdaratio": -0.1095232424,
        "operatingIncome": 346200000,
        "operatingIncomeRatio": 0.1374300345,
        "totalOtherIncomeExpensesNet": -1013400000,
        "incomeBeforeTax": -667200000,
        "incomeBeforeTaxRatio": -0.2648564964,
        "incomeTaxExpense": 0,
        "netIncome": -51500000,
        "netIncomeRatio": -0.0204438093,
        "eps": -0.0739,
        "epsdiluted": -0.0739,
        "weightedAverageShsOut": 697148649,
        "weightedAverageShsOutDil": 697148649,
        "link": "https://www.sec.gov/Archives/edgar/data/92122/000009212299000040/0000092122-99-000040-index.html",
        "finalLink": "https://www.sec.gov/Archives/edgar/data/3153/"
    },
    {
        "date": "1998-09-30",
        "symbol": "SO",
        "reportedCurrency": "USD",
        "cik": "0000092122",
        "fillingDate": "1998-11-13",
        "acceptedDate": "1998-11-13 00:00:00",
        "calendarYear": "1998",
        "period": "Q3",
        "revenue": 3456800000,
        "costOfRevenue": 1067700000,
        "grossProfit": 2389100000,
        "grossProfitRatio": 0.6911305253,
        "researchAndDevelopmentExpenses": 0,
        "generalAndAdministrativeExpenses": 0,
        "sellingAndMarketingExpenses": 0,
        "sellingGeneralAndAdministrativeExpenses": 0,
        "otherExpenses": 2389100000,
        "operatingExpenses": 2389100000,
        "costAndExpenses": 3456800000,
        "interestIncome": 0,
        "interestExpense": 0,
        "depreciationAndAmortization": 0,
        "ebitda": 1544800000,
        "ebitdaratio": 0.4468872946,
        "operatingIncome": 1066800000,
        "operatingIncomeRatio": 0.3086091183,
        "totalOtherIncomeExpensesNet": -235300000,
        "incomeBeforeTax": 831500000,
        "incomeBeforeTaxRatio": 0.2405403842,
        "incomeTaxExpense": 315500000,
        "netIncome": 516000000,
        "netIncomeRatio": 0.1492710021,
        "eps": 0.74,
        "epsdiluted": 0.74,
        "weightedAverageShsOut": 697297297,
        "weightedAverageShsOutDil": 697297297,
        "link": "https://www.sec.gov/Archives/edgar/data/92122/000009212298000093/0000092122-98-000093-index.html",
        "finalLink": "https://www.sec.gov/Archives/edgar/data/3153/"
    },
    {
        "date": "1998-06-30",
        "symbol": "SO",
        "reportedCurrency": "USD",
        "cik": "0000092122",
        "fillingDate": "1998-08-13",
        "acceptedDate": "1998-08-13 00:00:00",
        "calendarYear": "1998",
        "period": "Q2",
        "revenue": 2913400000,
        "costOfRevenue": 919500000,
        "grossProfit": 1993900000,
        "grossProfitRatio": 0.6843893732,
        "researchAndDevelopmentExpenses": 0,
        "generalAndAdministrativeExpenses": 0,
        "sellingAndMarketingExpenses": 0,
        "sellingGeneralAndAdministrativeExpenses": 0,
        "otherExpenses": 1993900000,
        "operatingExpenses": 1993900000,
        "costAndExpenses": 2913400000,
        "interestIncome": 0,
        "interestExpense": 0,
        "depreciationAndAmortization": 0,
        "ebitda": 1156800000,
        "ebitdaratio": 0.3970618521,
        "operatingIncome": 648700000,
        "operatingIncomeRatio": 0.2226608087,
        "totalOtherIncomeExpensesNet": -219800000,
        "incomeBeforeTax": 428900000,
        "incomeBeforeTaxRatio": 0.1472163108,
        "incomeTaxExpense": 158100000,
        "netIncome": 270800000,
        "netIncomeRatio": 0.0929498181,
        "eps": 0.39,
        "epsdiluted": 0.39,
        "weightedAverageShsOut": 694358974,
        "weightedAverageShsOutDil": 694358974,
        "link": "https://www.sec.gov/Archives/edgar/data/92122/000009212298000084/0000092122-98-000084-index.html",
        "finalLink": "https://www.sec.gov/Archives/edgar/data/3153/"
    },
    {
        "date": "1998-03-31",
        "symbol": "SO",
        "reportedCurrency": "USD",
        "cik": "0000092122",
        "fillingDate": "1998-05-15",
        "acceptedDate": "1998-05-15 00:00:00",
        "calendarYear": "1998",
        "period": "Q1",
        "revenue": 2494900000,
        "costOfRevenue": 782300000,
        "grossProfit": 1712600000,
        "grossProfitRatio": 0.6864403383,
        "researchAndDevelopmentExpenses": 0,
        "generalAndAdministrativeExpenses": 0,
        "sellingAndMarketingExpenses": 0,
        "sellingGeneralAndAdministrativeExpenses": 0,
        "otherExpenses": 1712600000,
        "operatingExpenses": 1712600000,
        "costAndExpenses": 2494900000,
        "interestIncome": 0,
        "interestExpense": 0,
        "depreciationAndAmortization": 0,
        "ebitda": 960600000,
        "ebitdaratio": 0.3850254519,
        "operatingIncome": 572600000,
        "operatingIncomeRatio": 0.2295081967,
        "totalOtherIncomeExpensesNet": -195000000,
        "incomeBeforeTax": 377600000,
        "incomeBeforeTaxRatio": 0.1513487515,
        "incomeTaxExpense": 135900000,
        "netIncome": 241700000,
        "netIncomeRatio": 0.0968776304,
        "eps": 0.35,
        "epsdiluted": 0.35,
        "weightedAverageShsOut": 690571429,
        "weightedAverageShsOutDil": 690571429,
        "link": "https://www.sec.gov/Archives/edgar/data/92122/000009212298000064/0000092122-98-000064-index.html",
        "finalLink": "https://www.sec.gov/Archives/edgar/data/3153/"
    },
    {
        "date": "1997-12-31",
        "symbol": "SO",
        "reportedCurrency": "USD",
        "cik": "0000092122",
        "fillingDate": "1998-03-31",
        "acceptedDate": "1998-03-31 00:00:00",
        "calendarYear": "1997",
        "period": "Q4",
        "revenue": 3238200000,
        "costOfRevenue": 3467000000,
        "grossProfit": -228800000,
        "grossProfitRatio": -0.0706565376,
        "researchAndDevelopmentExpenses": 0,
        "generalAndAdministrativeExpenses": 0,
        "sellingAndMarketingExpenses": 0,
        "sellingGeneralAndAdministrativeExpenses": 0,
        "otherExpenses": -228800000,
        "operatingExpenses": -228800000,
        "costAndExpenses": 3238200000,
        "interestIncome": 0,
        "interestExpense": 0,
        "depreciationAndAmortization": 0,
        "ebitda": -183900000,
        "ebitdaratio": -0.0567908097,
        "operatingIncome": 634900000,
        "operatingIncomeRatio": 0.1960657155,
        "totalOtherIncomeExpensesNet": -1071500000,
        "incomeBeforeTax": -436600000,
        "incomeBeforeTaxRatio": -0.1348279909,
        "incomeTaxExpense": 0,
        "netIncome": 195500000,
        "netIncomeRatio": 0.0603730468,
        "eps": 0.29,
        "epsdiluted": 0.29,
        "weightedAverageShsOut": 683136364,
        "weightedAverageShsOutDil": 683136364,
        "link": "https://www.sec.gov/Archives/edgar/data/92122/000009212298000058/0000092122-98-000058-index.html",
        "finalLink": "https://www.sec.gov/Archives/edgar/data/3153/"
    },
    {
        "date": "1997-09-30",
        "symbol": "SO",
        "reportedCurrency": "USD",
        "cik": "0000092122",
        "fillingDate": "1997-11-14",
        "acceptedDate": "1997-11-14 00:00:00",
        "calendarYear": "1997",
        "period": "Q3",
        "revenue": 4071200000,
        "costOfRevenue": 1832600000,
        "grossProfit": 2238600000,
        "grossProfitRatio": 0.5498624484,
        "researchAndDevelopmentExpenses": 0,
        "generalAndAdministrativeExpenses": 0,
        "sellingAndMarketingExpenses": 0,
        "sellingGeneralAndAdministrativeExpenses": 0,
        "otherExpenses": 2238600000,
        "operatingExpenses": 2238600000,
        "costAndExpenses": 4071200000,
        "interestIncome": 0,
        "interestExpense": 0,
        "depreciationAndAmortization": 0,
        "ebitda": 1370200000,
        "ebitdaratio": 0.3365592454,
        "operatingIncome": 904500000,
        "operatingIncomeRatio": 0.2221703675,
        "totalOtherIncomeExpensesNet": -197600000,
        "incomeBeforeTax": 706900000,
        "incomeBeforeTaxRatio": 0.1736343093,
        "incomeTaxExpense": 332200000,
        "netIncome": 374700000,
        "netIncomeRatio": 0.0920367459,
        "eps": 0.55,
        "epsdiluted": 0.55,
        "weightedAverageShsOut": 681272727,
        "weightedAverageShsOutDil": 681272727,
        "link": "https://www.sec.gov/Archives/edgar/data/92122/000009212297000058/0000092122-97-000058-index.html",
        "finalLink": "https://www.sec.gov/Archives/edgar/data/3153/"
    },
    {
        "date": "1997-06-30",
        "symbol": "SO",
        "reportedCurrency": "USD",
        "cik": "0000092122",
        "fillingDate": "1997-08-13",
        "acceptedDate": "1997-08-13 00:00:00",
        "calendarYear": "1997",
        "period": "Q2",
        "revenue": 2717200000,
        "costOfRevenue": 1000400000,
        "grossProfit": 1716800000,
        "grossProfitRatio": 0.6318268806,
        "researchAndDevelopmentExpenses": 0,
        "generalAndAdministrativeExpenses": 0,
        "sellingAndMarketingExpenses": 0,
        "sellingGeneralAndAdministrativeExpenses": 0,
        "otherExpenses": 1716800000,
        "operatingExpenses": 1716800000,
        "costAndExpenses": 2717200000,
        "interestIncome": 0,
        "interestExpense": 0,
        "depreciationAndAmortization": 0,
        "ebitda": 956800000,
        "ebitdaratio": 0.3521271898,
        "operatingIncome": 583200000,
        "operatingIncomeRatio": 0.2146327101,
        "totalOtherIncomeExpensesNet": -214700000,
        "incomeBeforeTax": 368500000,
        "incomeBeforeTaxRatio": 0.1356175475,
        "incomeTaxExpense": 153700000,
        "netIncome": 214800000,
        "netIncomeRatio": 0.0790519653,
        "eps": 0.31,
        "epsdiluted": 0.31,
        "weightedAverageShsOut": 692903226,
        "weightedAverageShsOutDil": 692903226,
        "link": "https://www.sec.gov/Archives/edgar/data/92122/000009212297000053/0000092122-97-000053-index.html",
        "finalLink": "https://www.sec.gov/Archives/edgar/data/3153/"
    },
    {
        "date": "1997-03-31",
        "symbol": "SO",
        "reportedCurrency": "USD",
        "cik": "0000092122",
        "fillingDate": "1997-05-14",
        "acceptedDate": "1997-05-14 00:00:00",
        "calendarYear": "1997",
        "period": "Q1",
        "revenue": 2584400000,
        "costOfRevenue": 944000000,
        "grossProfit": 1640400000,
        "grossProfitRatio": 0.6347314657,
        "researchAndDevelopmentExpenses": 0,
        "generalAndAdministrativeExpenses": 0,
        "sellingAndMarketingExpenses": 0,
        "sellingGeneralAndAdministrativeExpenses": 0,
        "otherExpenses": 1640400000,
        "operatingExpenses": 1640400000,
        "costAndExpenses": 2584400000,
        "interestIncome": 0,
        "interestExpense": 0,
        "depreciationAndAmortization": 0,
        "ebitda": 927800000,
        "ebitdaratio": 0.3590001548,
        "operatingIncome": 542300000,
        "operatingIncomeRatio": 0.2098359387,
        "totalOtherIncomeExpensesNet": -209100000,
        "incomeBeforeTax": 333200000,
        "incomeBeforeTaxRatio": 0.1289274106,
        "incomeTaxExpense": 146200000,
        "netIncome": 187000000,
        "netIncomeRatio": 0.0723572202,
        "eps": 0.28,
        "epsdiluted": 0.28,
        "weightedAverageShsOut": 667857143,
        "weightedAverageShsOutDil": 667857143,
        "link": "https://www.sec.gov/Archives/edgar/data/92122/000009212297000029/0000092122-97-000029-index.html",
        "finalLink": "https://www.sec.gov/Archives/edgar/data/3153/"
    },
    {
        "date": "1996-12-31",
        "symbol": "SO",
        "reportedCurrency": "USD",
        "cik": "0000092122",
        "fillingDate": "1997-03-25",
        "acceptedDate": "1997-03-25 00:00:00",
        "calendarYear": "1996",
        "period": "Q4",
        "revenue": 2487200000,
        "costOfRevenue": 2760700000,
        "grossProfit": -273500000,
        "grossProfitRatio": -0.1099630106,
        "researchAndDevelopmentExpenses": 0,
        "generalAndAdministrativeExpenses": 0,
        "sellingAndMarketingExpenses": 0,
        "sellingGeneralAndAdministrativeExpenses": 0,
        "otherExpenses": -273500000,
        "operatingExpenses": -273500000,
        "costAndExpenses": 2487200000,
        "interestIncome": 0,
        "interestExpense": 0,
        "depreciationAndAmortization": 0,
        "ebitda": -438000000,
        "ebitdaratio": -0.1761016404,
        "operatingIncome": 353000000,
        "operatingIncomeRatio": 0.1419266645,
        "totalOtherIncomeExpensesNet": -892000000,
        "incomeBeforeTax": -539000000,
        "incomeBeforeTaxRatio": -0.2167095529,
        "incomeTaxExpense": 0,
        "netIncome": 139400000,
        "netIncomeRatio": 0.0560469604,
        "eps": 0.21,
        "epsdiluted": 0.21,
        "weightedAverageShsOut": 675195652,
        "weightedAverageShsOutDil": 675195652,
        "link": "https://www.sec.gov/Archives/edgar/data/92122/000009212297000016/0000092122-97-000016-index.html",
        "finalLink": "https://www.sec.gov/Archives/edgar/data/3153/"
    },
    {
        "date": "1996-09-30",
        "symbol": "SO",
        "reportedCurrency": "USD",
        "cik": "0000092122",
        "fillingDate": "1996-11-13",
        "acceptedDate": "1996-11-13 00:00:00",
        "calendarYear": "1996",
        "period": "Q3",
        "revenue": 2932600000,
        "costOfRevenue": 898900000,
        "grossProfit": 2033700000,
        "grossProfitRatio": 0.6934801882,
        "researchAndDevelopmentExpenses": 0,
        "generalAndAdministrativeExpenses": 0,
        "sellingAndMarketingExpenses": 0,
        "sellingGeneralAndAdministrativeExpenses": 0,
        "otherExpenses": 2033700000,
        "operatingExpenses": 2033700000,
        "costAndExpenses": 2932600000,
        "interestIncome": 0,
        "interestExpense": 0,
        "depreciationAndAmortization": 0,
        "ebitda": 1299600000,
        "ebitdaratio": 0.4431562436,
        "operatingIncome": 956000000,
        "operatingIncomeRatio": 0.3259905886,
        "totalOtherIncomeExpensesNet": -198000000,
        "incomeBeforeTax": 758000000,
        "incomeBeforeTaxRatio": 0.2584737093,
        "incomeTaxExpense": 290600000,
        "netIncome": 467400000,
        "netIncomeRatio": 0.1593807543,
        "eps": 0.69,
        "epsdiluted": 0.69,
        "weightedAverageShsOut": 677391304,
        "weightedAverageShsOutDil": 677391304,
        "link": "https://www.sec.gov/Archives/edgar/data/92122/000009212296000104/0000092122-96-000104-index.html",
        "finalLink": "https://www.sec.gov/Archives/edgar/data/3153/"
    },
    {
        "date": "1996-06-30",
        "symbol": "SO",
        "reportedCurrency": "USD",
        "cik": "0000092122",
        "fillingDate": "1996-08-12",
        "acceptedDate": "1996-08-12 00:00:00",
        "calendarYear": "1996",
        "period": "Q2",
        "revenue": 2563500000,
        "costOfRevenue": 794300000,
        "grossProfit": 1769200000,
        "grossProfitRatio": 0.6901501853,
        "researchAndDevelopmentExpenses": 0,
        "generalAndAdministrativeExpenses": 0,
        "sellingAndMarketingExpenses": 0,
        "sellingGeneralAndAdministrativeExpenses": 0,
        "otherExpenses": 1769200000,
        "operatingExpenses": 1769200000,
        "costAndExpenses": 2563500000,
        "interestIncome": 0,
        "interestExpense": 0,
        "depreciationAndAmortization": 0,
        "ebitda": 995800000,
        "ebitdaratio": 0.3884532865,
        "operatingIncome": 660300000,
        "operatingIncomeRatio": 0.2575775307,
        "totalOtherIncomeExpensesNet": -162700000,
        "incomeBeforeTax": 497600000,
        "incomeBeforeTaxRatio": 0.1941096158,
        "incomeTaxExpense": 210300000,
        "netIncome": 287300000,
        "netIncomeRatio": 0.1120733372,
        "eps": 0.43,
        "epsdiluted": 0.43,
        "weightedAverageShsOut": 668139535,
        "weightedAverageShsOutDil": 668139535,
        "link": "https://www.sec.gov/Archives/edgar/data/92122/000009212296000094/0000092122-96-000094-index.html",
        "finalLink": "https://www.sec.gov/Archives/edgar/data/3153/"
    },
    {
        "date": "1996-03-31",
        "symbol": "SO",
        "reportedCurrency": "USD",
        "cik": "0000092122",
        "fillingDate": "1996-05-14",
        "acceptedDate": "1996-05-14 00:00:00",
        "calendarYear": "1996",
        "period": "Q1",
        "revenue": 2429400000,
        "costOfRevenue": 774200000,
        "grossProfit": 1655200000,
        "grossProfitRatio": 0.6813204907,
        "researchAndDevelopmentExpenses": 0,
        "generalAndAdministrativeExpenses": 0,
        "sellingAndMarketingExpenses": 0,
        "sellingGeneralAndAdministrativeExpenses": 0,
        "otherExpenses": 1655200000,
        "operatingExpenses": 1655200000,
        "costAndExpenses": 2429400000,
        "interestIncome": 0,
        "interestExpense": 0,
        "depreciationAndAmortization": 0,
        "ebitda": 908700000,
        "ebitdaratio": 0.3740429736,
        "operatingIncome": 568600000,
        "operatingIncomeRatio": 0.2340495596,
        "totalOtherIncomeExpensesNet": -175100000,
        "incomeBeforeTax": 393500000,
        "incomeBeforeTaxRatio": 0.16197415,
        "incomeTaxExpense": 160600000,
        "netIncome": 232900000,
        "netIncomeRatio": 0.0958672923,
        "eps": 0.35,
        "epsdiluted": 0.35,
        "weightedAverageShsOut": 665428571,
        "weightedAverageShsOutDil": 665428571,
        "link": "https://www.sec.gov/Archives/edgar/data/92122/000009212296000073/0000092122-96-000073-index.html",
        "finalLink": "https://www.sec.gov/Archives/edgar/data/3153/"
    },
    {
        "date": "1995-12-31",
        "symbol": "SO",
        "reportedCurrency": "USD",
        "cik": "0000092122",
        "fillingDate": "1996-03-25",
        "acceptedDate": "1996-03-25 00:00:00",
        "calendarYear": "1995",
        "period": "Q4",
        "revenue": 2308500000,
        "costOfRevenue": 712100000,
        "grossProfit": 1596400000,
        "grossProfitRatio": 0.6915312974,
        "researchAndDevelopmentExpenses": 0,
        "generalAndAdministrativeExpenses": 0,
        "sellingAndMarketingExpenses": 0,
        "sellingGeneralAndAdministrativeExpenses": 0,
        "otherExpenses": 1596400000,
        "operatingExpenses": 1596400000,
        "costAndExpenses": 2308500000,
        "interestIncome": 0,
        "interestExpense": 0,
        "depreciationAndAmortization": 0,
        "ebitda": 931700000,
        "ebitdaratio": 0.4035954083,
        "operatingIncome": 510500000,
        "operatingIncomeRatio": 0.2211392679,
        "totalOtherIncomeExpensesNet": -213800000,
        "incomeBeforeTax": 296700000,
        "incomeBeforeTaxRatio": 0.1285250162,
        "incomeTaxExpense": 136400000,
        "netIncome": 160300000,
        "netIncomeRatio": 0.0694390297,
        "eps": 0.24,
        "epsdiluted": 0.24,
        "weightedAverageShsOut": 665246286,
        "weightedAverageShsOutDil": 665246286,
        "link": "https://www.sec.gov/Archives/edgar/data/92122/000009212296000052/0000092122-96-000052-index.html",
        "finalLink": "https://www.sec.gov/Archives/edgar/data/3153/"
    },
    {
        "date": "1995-09-30",
        "symbol": "SO",
        "reportedCurrency": "USD",
        "cik": "0000092122",
        "fillingDate": "1995-11-14",
        "acceptedDate": "1995-11-14 00:00:00",
        "calendarYear": "1995",
        "period": "Q3",
        "revenue": 2758800000,
        "costOfRevenue": 780300000,
        "grossProfit": 1978500000,
        "grossProfitRatio": 0.7171596346,
        "researchAndDevelopmentExpenses": 0,
        "generalAndAdministrativeExpenses": 0,
        "sellingAndMarketingExpenses": 0,
        "sellingGeneralAndAdministrativeExpenses": 0,
        "otherExpenses": 1978500000,
        "operatingExpenses": 1978500000,
        "costAndExpenses": 2758800000,
        "interestIncome": 0,
        "interestExpense": 0,
        "depreciationAndAmortization": 0,
        "ebitda": 1297300000,
        "ebitdaratio": 0.4702406844,
        "operatingIncome": 996600000,
        "operatingIncomeRatio": 0.3612440191,
        "totalOtherIncomeExpensesNet": -204700000,
        "incomeBeforeTax": 791900000,
        "incomeBeforeTaxRatio": 0.2870450921,
        "incomeTaxExpense": 323100000,
        "netIncome": 468800000,
        "netIncomeRatio": 0.1699289546,
        "eps": 0.71,
        "epsdiluted": 0.71,
        "weightedAverageShsOut": 660281690,
        "weightedAverageShsOutDil": 660281690,
        "link": "https://www.sec.gov/Archives/edgar/data/92122/000009212295000110/0000092122-95-000110-index.html",
        "finalLink": "https://www.sec.gov/Archives/edgar/data/3153/"
    },
    {
        "date": "1995-06-30",
        "symbol": "SO",
        "reportedCurrency": "USD",
        "cik": "0000092122",
        "fillingDate": "1995-08-14",
        "acceptedDate": "1995-08-14 00:00:00",
        "calendarYear": "1995",
        "period": "Q2",
        "revenue": 2183600000,
        "costOfRevenue": 616300000,
        "grossProfit": 1567300000,
        "grossProfitRatio": 0.7177596629,
        "researchAndDevelopmentExpenses": 0,
        "generalAndAdministrativeExpenses": 0,
        "sellingAndMarketingExpenses": 0,
        "sellingGeneralAndAdministrativeExpenses": 0,
        "otherExpenses": 1567300000,
        "operatingExpenses": 1567300000,
        "costAndExpenses": 2183600000,
        "interestIncome": 0,
        "interestExpense": 0,
        "depreciationAndAmortization": 0,
        "ebitda": 912200000,
        "ebitdaratio": 0.4177505038,
        "operatingIncome": 646500000,
        "operatingIncomeRatio": 0.2960707089,
        "totalOtherIncomeExpensesNet": -185500000,
        "incomeBeforeTax": 461000000,
        "incomeBeforeTaxRatio": 0.2111192526,
        "incomeTaxExpense": 193500000,
        "netIncome": 267500000,
        "netIncomeRatio": 0.1225041216,
        "eps": 0.4,
        "epsdiluted": 0.4,
        "weightedAverageShsOut": 668750000,
        "weightedAverageShsOutDil": 668750000,
        "link": "https://www.sec.gov/Archives/edgar/data/92122/000009212295000091/0000092122-95-000091-index.html",
        "finalLink": "https://www.sec.gov/Archives/edgar/data/3153/"
    },
    {
        "date": "1995-03-31",
        "symbol": "SO",
        "reportedCurrency": "USD",
        "cik": "0000092122",
        "fillingDate": "1995-05-15",
        "acceptedDate": "1995-05-15 00:00:00",
        "calendarYear": "1995",
        "period": "Q1",
        "revenue": 1929000000,
        "costOfRevenue": 508300000,
        "grossProfit": 1420700000,
        "grossProfitRatio": 0.7364955936,
        "researchAndDevelopmentExpenses": 0,
        "generalAndAdministrativeExpenses": 0,
        "sellingAndMarketingExpenses": 0,
        "sellingGeneralAndAdministrativeExpenses": 0,
        "otherExpenses": 1420700000,
        "operatingExpenses": 1420700000,
        "costAndExpenses": 1929000000,
        "interestIncome": 0,
        "interestExpense": 0,
        "depreciationAndAmortization": 0,
        "ebitda": 836000000,
        "ebitdaratio": 0.4333851737,
        "operatingIncome": 537400000,
        "operatingIncomeRatio": 0.278589943,
        "totalOtherIncomeExpensesNet": -179100000,
        "incomeBeforeTax": 358300000,
        "incomeBeforeTaxRatio": 0.1857439088,
        "incomeTaxExpense": 152000000,
        "netIncome": 206300000,
        "netIncomeRatio": 0.1069466045,
        "eps": 0.31,
        "epsdiluted": 0.31,
        "weightedAverageShsOut": 665483871,
        "weightedAverageShsOutDil": 665483871,
        "link": "https://www.sec.gov/Archives/edgar/data/92122/000009212295000054/0000092122-95-000054-index.html",
        "finalLink": "https://www.sec.gov/Archives/edgar/data/3153/"
    },
    {
        "date": "1994-12-31",
        "symbol": "SO",
        "reportedCurrency": "USD",
        "cik": "0000092122",
        "fillingDate": "1995-03-27",
        "acceptedDate": "1995-03-27 00:00:00",
        "calendarYear": "1994",
        "period": "Q4",
        "revenue": 1914700000,
        "costOfRevenue": 555000000,
        "grossProfit": 1359700000,
        "grossProfitRatio": 0.7101373583,
        "researchAndDevelopmentExpenses": 0,
        "generalAndAdministrativeExpenses": 0,
        "sellingAndMarketingExpenses": 0,
        "sellingGeneralAndAdministrativeExpenses": 0,
        "otherExpenses": 1359700000,
        "operatingExpenses": 1359700000,
        "costAndExpenses": 1914700000,
        "interestIncome": 0,
        "interestExpense": 0,
        "depreciationAndAmortization": 0,
        "ebitda": 723100000,
        "ebitdaratio": 0.3776570742,
        "operatingIncome": 459900000,
        "operatingIncomeRatio": 0.2401942863,
        "totalOtherIncomeExpensesNet": -162900000,
        "incomeBeforeTax": 297000000,
        "incomeBeforeTaxRatio": 0.1551156839,
        "incomeTaxExpense": 121800000,
        "netIncome": 175200000,
        "netIncomeRatio": 0.0915025853,
        "eps": 0.27,
        "epsdiluted": 0.27,
        "weightedAverageShsOut": 657705436,
        "weightedAverageShsOutDil": 658261936,
        "link": "https://www.sec.gov/Archives/edgar/data/92122/000009212295000038/0000092122-95-000038-index.html",
        "finalLink": "https://www.sec.gov/Archives/edgar/data/3153/"
    },
    {
        "date": "1994-09-30",
        "symbol": "SO",
        "reportedCurrency": "USD",
        "cik": "0000092122",
        "fillingDate": "1994-11-14",
        "acceptedDate": "1994-11-14 00:00:00",
        "calendarYear": "1994",
        "period": "Q3",
        "revenue": 2381300000,
        "costOfRevenue": 639700000,
        "grossProfit": 1741600000,
        "grossProfitRatio": 0.7313652207,
        "researchAndDevelopmentExpenses": 0,
        "generalAndAdministrativeExpenses": 0,
        "sellingAndMarketingExpenses": 0,
        "sellingGeneralAndAdministrativeExpenses": 0,
        "otherExpenses": 1741600000,
        "operatingExpenses": 1741600000,
        "costAndExpenses": 2381300000,
        "interestIncome": 0,
        "interestExpense": 0,
        "depreciationAndAmortization": 0,
        "ebitda": 1163300000,
        "ebitdaratio": 0.4885146769,
        "operatingIncome": 895900000,
        "operatingIncomeRatio": 0.3762230714,
        "totalOtherIncomeExpensesNet": -190600000,
        "incomeBeforeTax": 705300000,
        "incomeBeforeTaxRatio": 0.2961827573,
        "incomeTaxExpense": 289300000,
        "netIncome": 416000000,
        "netIncomeRatio": 0.1746944946,
        "eps": 0.64,
        "epsdiluted": 0.64,
        "weightedAverageShsOut": 650000000,
        "weightedAverageShsOutDil": 650000000,
        "link": "https://www.sec.gov/Archives/edgar/data/92122/000095014494001977/0000950144-94-001977-index.html",
        "finalLink": "https://www.sec.gov/Archives/edgar/data/3153/"
    },
    {
        "date": "1994-06-30",
        "symbol": "SO",
        "reportedCurrency": "USD",
        "cik": "0000092122",
        "fillingDate": "1994-08-15",
        "acceptedDate": "1994-08-15 00:00:00",
        "calendarYear": "1994",
        "period": "Q2",
        "revenue": 2068500000,
        "costOfRevenue": 579900000,
        "grossProfit": 1488600000,
        "grossProfitRatio": 0.7196519217,
        "researchAndDevelopmentExpenses": 0,
        "generalAndAdministrativeExpenses": 0,
        "sellingAndMarketingExpenses": 0,
        "sellingGeneralAndAdministrativeExpenses": 0,
        "otherExpenses": 1488600000,
        "operatingExpenses": 1488600000,
        "costAndExpenses": 2068500000,
        "interestIncome": 0,
        "interestExpense": 0,
        "depreciationAndAmortization": 0,
        "ebitda": 887600000,
        "ebitdaratio": 0.4291032149,
        "operatingIncome": 627300000,
        "operatingIncomeRatio": 0.3032632342,
        "totalOtherIncomeExpensesNet": -183800000,
        "incomeBeforeTax": 443500000,
        "incomeBeforeTaxRatio": 0.2144065748,
        "incomeTaxExpense": 187300000,
        "netIncome": 256200000,
        "netIncomeRatio": 0.123857868,
        "eps": 0.39,
        "epsdiluted": 0.39,
        "weightedAverageShsOut": 656923077,
        "weightedAverageShsOutDil": 656923077,
        "link": "https://www.sec.gov/Archives/edgar/data/92122/000095014494001496/0000950144-94-001496-index.html",
        "finalLink": "https://www.sec.gov/Archives/edgar/data/3153/"
    },
    {
        "date": "1994-03-31",
        "symbol": "SO",
        "reportedCurrency": "USD",
        "cik": "0000092122",
        "fillingDate": "1994-05-16",
        "acceptedDate": "1994-05-16 00:00:00",
        "calendarYear": "1994",
        "period": "Q1",
        "revenue": 1932400000,
        "costOfRevenue": 560700000,
        "grossProfit": 1371700000,
        "grossProfitRatio": 0.7098426827,
        "researchAndDevelopmentExpenses": 0,
        "generalAndAdministrativeExpenses": 0,
        "sellingAndMarketingExpenses": 0,
        "sellingGeneralAndAdministrativeExpenses": 0,
        "otherExpenses": 1371700000,
        "operatingExpenses": 1371700000,
        "costAndExpenses": 1932400000,
        "interestIncome": 0,
        "interestExpense": 0,
        "depreciationAndAmortization": 0,
        "ebitda": 701900000,
        "ebitdaratio": 0.3632270751,
        "operatingIncome": 442800000,
        "operatingIncomeRatio": 0.2291451045,
        "totalOtherIncomeExpensesNet": -188600000,
        "incomeBeforeTax": 254200000,
        "incomeBeforeTaxRatio": 0.1315462637,
        "incomeTaxExpense": 112600000,
        "netIncome": 141600000,
        "netIncomeRatio": 0.0732767543,
        "eps": 0.22,
        "epsdiluted": 0.22,
        "weightedAverageShsOut": 643636364,
        "weightedAverageShsOutDil": 643636364,
        "link": "https://www.sec.gov/Archives/edgar/data/92122/000095014494001079/0000950144-94-001079-index.html",
        "finalLink": "https://www.sec.gov/Archives/edgar/data/3153/"
    },
    {
        "date": "1993-12-31",
        "symbol": "SO",
        "reportedCurrency": "USD",
        "cik": "0000092122",
        "fillingDate": "1994-03-28",
        "acceptedDate": "1994-03-28 00:00:00",
        "calendarYear": "1993",
        "period": "Q4",
        "revenue": 1944900000,
        "costOfRevenue": 0,
        "grossProfit": 0,
        "grossProfitRatio": 0,
        "researchAndDevelopmentExpenses": 0,
        "generalAndAdministrativeExpenses": 0,
        "sellingAndMarketingExpenses": 0,
        "sellingGeneralAndAdministrativeExpenses": 0,
        "otherExpenses": 1944900000,
        "operatingExpenses": 1944900000,
        "costAndExpenses": 1944900000,
        "interestIncome": 0,
        "interestExpense": 0,
        "depreciationAndAmortization": 0,
        "ebitda": 6440800000,
        "ebitdaratio": 3.3116355597,
        "operatingIncome": 6440800000,
        "operatingIncomeRatio": 3.3116355597,
        "totalOtherIncomeExpensesNet": -6440800000,
        "incomeBeforeTax": 0,
        "incomeBeforeTaxRatio": 0,
        "incomeTaxExpense": 0,
        "netIncome": 132800000,
        "netIncomeRatio": 0.0682811456,
        "eps": 0.21,
        "epsdiluted": 0.21,
        "weightedAverageShsOut": 640926682,
        "weightedAverageShsOutDil": 640926682,
        "link": "https://www.sec.gov/Archives/edgar/data/92122/000095014494000714/0000950144-94-000714-index.html",
        "finalLink": "https://www.sec.gov/Archives/edgar/data/3153/"
    },
    {
        "date": "1993-09-30",
        "symbol": "SO",
        "reportedCurrency": "USD",
        "cik": "0000092122",
        "fillingDate": "1993-09-30",
        "acceptedDate": "1993-09-30 00:00:00",
        "calendarYear": "1993",
        "period": "Q3",
        "revenue": 2636400000,
        "costOfRevenue": 811300000,
        "grossProfit": 1825100000,
        "grossProfitRatio": 0.6922697618,
        "researchAndDevelopmentExpenses": 0,
        "generalAndAdministrativeExpenses": 0,
        "sellingAndMarketingExpenses": 0,
        "sellingGeneralAndAdministrativeExpenses": 0,
        "otherExpenses": 1825100000,
        "operatingExpenses": 1825100000,
        "costAndExpenses": 2636400000,
        "interestIncome": 0,
        "interestExpense": 0,
        "depreciationAndAmortization": 0,
        "ebitda": 1219200000,
        "ebitdaratio": 0.4624487938,
        "operatingIncome": 954800000,
        "operatingIncomeRatio": 0.3621605219,
        "totalOtherIncomeExpensesNet": -195200000,
        "incomeBeforeTax": 759600000,
        "incomeBeforeTaxRatio": 0.2881201639,
        "incomeTaxExpense": 317900000,
        "netIncome": 441700000,
        "netIncomeRatio": 0.1675390684,
        "eps": 0.69,
        "epsdiluted": 0.69,
        "weightedAverageShsOut": 640144928,
        "weightedAverageShsOutDil": 640144928,
        "link": null,
        "finalLink": null
    },
    {
        "date": "1993-06-30",
        "symbol": "SO",
        "reportedCurrency": "USD",
        "cik": "0000092122",
        "fillingDate": "1993-06-30",
        "acceptedDate": "1993-06-29 20:00:00",
        "calendarYear": "1993",
        "period": "Q2",
        "revenue": 2068100000,
        "costOfRevenue": 647000000,
        "grossProfit": 1421100000,
        "grossProfitRatio": 0.6871524588,
        "researchAndDevelopmentExpenses": 0,
        "generalAndAdministrativeExpenses": 0,
        "sellingAndMarketingExpenses": 0,
        "sellingGeneralAndAdministrativeExpenses": 0,
        "otherExpenses": 1421100000,
        "operatingExpenses": 1421100000,
        "costAndExpenses": 2068100000,
        "interestIncome": 0,
        "interestExpense": 0,
        "depreciationAndAmortization": 0,
        "ebitda": 787400000,
        "ebitdaratio": 0.3807359412,
        "operatingIncome": 586200000,
        "operatingIncomeRatio": 0.283448576,
        "totalOtherIncomeExpensesNet": -175200000,
        "incomeBeforeTax": 411000000,
        "incomeBeforeTaxRatio": 0.1987331367,
        "incomeTaxExpense": 160500000,
        "netIncome": 250500000,
        "netIncomeRatio": 0.1211256709,
        "eps": 0.4,
        "epsdiluted": 0.4,
        "weightedAverageShsOut": 626250000,
        "weightedAverageShsOutDil": 626250000,
        "link": "",
        "finalLink": ""
    },
    {
        "date": "1993-03-31",
        "symbol": "SO",
        "reportedCurrency": "USD",
        "cik": "0000092122",
        "fillingDate": "1993-03-31",
        "acceptedDate": "1993-03-30 19:00:00",
        "calendarYear": "1993",
        "period": "Q1",
        "revenue": 1839600000,
        "costOfRevenue": 0,
        "grossProfit": 0,
        "grossProfitRatio": 0,
        "researchAndDevelopmentExpenses": 0,
        "generalAndAdministrativeExpenses": 0,
        "sellingAndMarketingExpenses": 0,
        "sellingGeneralAndAdministrativeExpenses": 0,
        "otherExpenses": 1839600000,
        "operatingExpenses": 1839600000,
        "costAndExpenses": 1839600000,
        "interestIncome": 0,
        "interestExpense": 0,
        "depreciationAndAmortization": 0,
        "ebitda": 1839600000,
        "ebitdaratio": 1,
        "operatingIncome": 1839600000,
        "operatingIncomeRatio": 1,
        "totalOtherIncomeExpensesNet": -1839600000,
        "incomeBeforeTax": 0,
        "incomeBeforeTaxRatio": 0,
        "incomeTaxExpense": 0,
        "netIncome": 177000000,
        "netIncomeRatio": 0.0962165688,
        "eps": 0.28,
        "epsdiluted": 0.28,
        "weightedAverageShsOut": 632142857,
        "weightedAverageShsOutDil": 632142857,
        "link": "",
        "finalLink": ""
    },
    {
        "date": "1992-12-31",
        "symbol": "SO",
        "reportedCurrency": "USD",
        "cik": "0000092122",
        "fillingDate": "1992-12-31",
        "acceptedDate": "1992-12-30 19:00:00",
        "calendarYear": "1992",
        "period": "Q4",
        "revenue": 1868000000,
        "costOfRevenue": 0,
        "grossProfit": 0,
        "grossProfitRatio": 0,
        "researchAndDevelopmentExpenses": 0,
        "generalAndAdministrativeExpenses": 0,
        "sellingAndMarketingExpenses": 0,
        "sellingGeneralAndAdministrativeExpenses": 0,
        "otherExpenses": 1868000000,
        "operatingExpenses": 1868000000,
        "costAndExpenses": 1868000000,
        "interestIncome": 0,
        "interestExpense": 0,
        "depreciationAndAmortization": 0,
        "ebitda": 1868000000,
        "ebitdaratio": 1,
        "operatingIncome": 1868000000,
        "operatingIncomeRatio": 1,
        "totalOtherIncomeExpensesNet": -1868000000,
        "incomeBeforeTax": 0,
        "incomeBeforeTaxRatio": 0,
        "incomeTaxExpense": 0,
        "netIncome": 140800000,
        "netIncomeRatio": 0.0753747323,
        "eps": 0.2,
        "epsdiluted": 0.2,
        "weightedAverageShsOut": 576282078,
        "weightedAverageShsOutDil": 576282078,
        "link": "",
        "finalLink": ""
    },
    {
        "date": "1992-09-30",
        "symbol": "SO",
        "reportedCurrency": "USD",
        "cik": "0000092122",
        "fillingDate": "1992-09-30",
        "acceptedDate": "1992-09-29 20:00:00",
        "calendarYear": "1992",
        "period": "Q3",
        "revenue": 2385600000,
        "costOfRevenue": 0,
        "grossProfit": 0,
        "grossProfitRatio": 0,
        "researchAndDevelopmentExpenses": 0,
        "generalAndAdministrativeExpenses": 0,
        "sellingAndMarketingExpenses": 0,
        "sellingGeneralAndAdministrativeExpenses": 0,
        "otherExpenses": 2385600000,
        "operatingExpenses": 2385600000,
        "costAndExpenses": 2385600000,
        "interestIncome": 0,
        "interestExpense": 0,
        "depreciationAndAmortization": 0,
        "ebitda": 2385600000,
        "ebitdaratio": 1,
        "operatingIncome": 2385600000,
        "operatingIncomeRatio": 1,
        "totalOtherIncomeExpensesNet": -2385600000,
        "incomeBeforeTax": 0,
        "incomeBeforeTaxRatio": 0,
        "incomeTaxExpense": 0,
        "netIncome": 404000000,
        "netIncomeRatio": 0.1693494299,
        "eps": 0.64,
        "epsdiluted": 0.64,
        "weightedAverageShsOut": 590312500,
        "weightedAverageShsOutDil": 590312500,
        "link": "",
        "finalLink": ""
    },
    {
        "date": "1992-06-30",
        "symbol": "SO",
        "reportedCurrency": "USD",
        "cik": "0000092122",
        "fillingDate": "1992-06-30",
        "acceptedDate": "1992-06-29 20:00:00",
        "calendarYear": "1992",
        "period": "Q2",
        "revenue": 2011500000,
        "costOfRevenue": 0,
        "grossProfit": 0,
        "grossProfitRatio": 0,
        "researchAndDevelopmentExpenses": 0,
        "generalAndAdministrativeExpenses": 0,
        "sellingAndMarketingExpenses": 0,
        "sellingGeneralAndAdministrativeExpenses": 0,
        "otherExpenses": 2011500000,
        "operatingExpenses": 2011500000,
        "costAndExpenses": 2011500000,
        "interestIncome": 0,
        "interestExpense": 0,
        "depreciationAndAmortization": 0,
        "ebitda": 2011500000,
        "ebitdaratio": 1,
        "operatingIncome": 2011500000,
        "operatingIncomeRatio": 1,
        "totalOtherIncomeExpensesNet": -2011500000,
        "incomeBeforeTax": 0,
        "incomeBeforeTaxRatio": 0,
        "incomeTaxExpense": 0,
        "netIncome": 223200000,
        "netIncomeRatio": 0.1109619687,
        "eps": 0.35,
        "epsdiluted": 0.35,
        "weightedAverageShsOut": 564571429,
        "weightedAverageShsOutDil": 564571429,
        "link": "",
        "finalLink": ""
    },
    {
        "date": "1992-03-31",
        "symbol": "SO",
        "reportedCurrency": "USD",
        "cik": "0000092122",
        "fillingDate": "1992-03-31",
        "acceptedDate": "1992-03-30 19:00:00",
        "calendarYear": "1992",
        "period": "Q1",
        "revenue": 1807900000,
        "costOfRevenue": 0,
        "grossProfit": 0,
        "grossProfitRatio": 0,
        "researchAndDevelopmentExpenses": 0,
        "generalAndAdministrativeExpenses": 0,
        "sellingAndMarketingExpenses": 0,
        "sellingGeneralAndAdministrativeExpenses": 0,
        "otherExpenses": 1807900000,
        "operatingExpenses": 1807900000,
        "costAndExpenses": 1807900000,
        "interestIncome": 0,
        "interestExpense": 0,
        "depreciationAndAmortization": 0,
        "ebitda": 1807900000,
        "ebitdaratio": 1,
        "operatingIncome": 1807900000,
        "operatingIncomeRatio": 1,
        "totalOtherIncomeExpensesNet": -1807900000,
        "incomeBeforeTax": 0,
        "incomeBeforeTaxRatio": 0,
        "incomeTaxExpense": 0,
        "netIncome": 184800000,
        "netIncomeRatio": 0.102218043,
        "eps": 0.3,
        "epsdiluted": 0.3,
        "weightedAverageShsOut": 526000000,
        "weightedAverageShsOutDil": 526000000,
        "link": "",
        "finalLink": ""
    },
    {
        "date": "1991-12-31",
        "symbol": "SO",
        "reportedCurrency": "USD",
        "cik": "0000092122",
        "fillingDate": "1991-12-31",
        "acceptedDate": "1991-12-30 19:00:00",
        "calendarYear": "1991",
        "period": "Q4",
        "revenue": 1888100000,
        "costOfRevenue": 0,
        "grossProfit": 0,
        "grossProfitRatio": 0,
        "researchAndDevelopmentExpenses": 0,
        "generalAndAdministrativeExpenses": 0,
        "sellingAndMarketingExpenses": 0,
        "sellingGeneralAndAdministrativeExpenses": 0,
        "otherExpenses": 1888100000,
        "operatingExpenses": 1888100000,
        "costAndExpenses": 1888100000,
        "interestIncome": 0,
        "interestExpense": 0,
        "depreciationAndAmortization": 0,
        "ebitda": 1888100000,
        "ebitdaratio": 1,
        "operatingIncome": 1888100000,
        "operatingIncomeRatio": 1,
        "totalOtherIncomeExpensesNet": -1888100000,
        "incomeBeforeTax": 0,
        "incomeBeforeTaxRatio": 0,
        "incomeTaxExpense": 0,
        "netIncome": 196200000,
        "netIncomeRatio": 0.1039139876,
        "eps": 0.3,
        "epsdiluted": 0.3,
        "weightedAverageShsOut": 568631875,
        "weightedAverageShsOutDil": 568631875,
        "link": "",
        "finalLink": ""
    },
    {
        "date": "1991-09-30",
        "symbol": "SO",
        "reportedCurrency": "USD",
        "cik": "0000092122",
        "fillingDate": "1991-09-30",
        "acceptedDate": "1991-09-29 20:00:00",
        "calendarYear": "1991",
        "period": "Q3",
        "revenue": 2363200000,
        "costOfRevenue": 0,
        "grossProfit": 0,
        "grossProfitRatio": 0,
        "researchAndDevelopmentExpenses": 0,
        "generalAndAdministrativeExpenses": 0,
        "sellingAndMarketingExpenses": 0,
        "sellingGeneralAndAdministrativeExpenses": 0,
        "otherExpenses": 2363200000,
        "operatingExpenses": 2363200000,
        "costAndExpenses": 2363200000,
        "interestIncome": 0,
        "interestExpense": 0,
        "depreciationAndAmortization": 0,
        "ebitda": 2363200000,
        "ebitdaratio": 1,
        "operatingIncome": 2363200000,
        "operatingIncomeRatio": 1,
        "totalOtherIncomeExpensesNet": -2363200000,
        "incomeBeforeTax": 0,
        "incomeBeforeTaxRatio": 0,
        "incomeTaxExpense": 0,
        "netIncome": 371900000,
        "netIncomeRatio": 0.1573713609,
        "eps": 0.59,
        "epsdiluted": 0.59,
        "weightedAverageShsOut": 584745763,
        "weightedAverageShsOutDil": 584745763,
        "link": "",
        "finalLink": ""
    },
    {
        "date": "1991-06-30",
        "symbol": "SO",
        "reportedCurrency": "USD",
        "cik": "0000092122",
        "fillingDate": "1991-06-30",
        "acceptedDate": "1991-06-29 20:00:00",
        "calendarYear": "1991",
        "period": "Q2",
        "revenue": 2015400000,
        "costOfRevenue": 0,
        "grossProfit": 0,
        "grossProfitRatio": 0,
        "researchAndDevelopmentExpenses": 0,
        "generalAndAdministrativeExpenses": 0,
        "sellingAndMarketingExpenses": 0,
        "sellingGeneralAndAdministrativeExpenses": 0,
        "otherExpenses": 2015400000,
        "operatingExpenses": 2015400000,
        "costAndExpenses": 2015400000,
        "interestIncome": 0,
        "interestExpense": 0,
        "depreciationAndAmortization": 0,
        "ebitda": 2015400000,
        "ebitdaratio": 1,
        "operatingIncome": 2015400000,
        "operatingIncomeRatio": 1,
        "totalOtherIncomeExpensesNet": -2015400000,
        "incomeBeforeTax": 0,
        "incomeBeforeTaxRatio": 0,
        "incomeTaxExpense": 0,
        "netIncome": 170700000,
        "netIncomeRatio": 0.0846978267,
        "eps": 0.28,
        "epsdiluted": 0.28,
        "weightedAverageShsOut": 512857143,
        "weightedAverageShsOutDil": 512857143,
        "link": "",
        "finalLink": ""
    },
    {
        "date": "1991-03-31",
        "symbol": "SO",
        "reportedCurrency": "USD",
        "cik": "0000092122",
        "fillingDate": "1991-03-31",
        "acceptedDate": "1991-03-30 19:00:00",
        "calendarYear": "1991",
        "period": "Q1",
        "revenue": 1783200000,
        "costOfRevenue": 0,
        "grossProfit": 0,
        "grossProfitRatio": 0,
        "researchAndDevelopmentExpenses": 0,
        "generalAndAdministrativeExpenses": 0,
        "sellingAndMarketingExpenses": 0,
        "sellingGeneralAndAdministrativeExpenses": 0,
        "otherExpenses": 1783200000,
        "operatingExpenses": 1783200000,
        "costAndExpenses": 1783200000,
        "interestIncome": 0,
        "interestExpense": 0,
        "depreciationAndAmortization": 0,
        "ebitda": 1783200000,
        "ebitdaratio": 1,
        "operatingIncome": 1783200000,
        "operatingIncomeRatio": 1,
        "totalOtherIncomeExpensesNet": -1783200000,
        "incomeBeforeTax": 0,
        "incomeBeforeTaxRatio": 0,
        "incomeTaxExpense": 0,
        "netIncome": 137200000,
        "netIncomeRatio": 0.076940332,
        "eps": 0.22,
        "epsdiluted": 0.22,
        "weightedAverageShsOut": 500909091,
        "weightedAverageShsOutDil": 500909091,
        "link": "",
        "finalLink": ""
    },
    {
        "date": "1990-12-31",
        "symbol": "SO",
        "reportedCurrency": "USD",
        "cik": "0000092122",
        "fillingDate": "1990-12-31",
        "acceptedDate": "1990-12-30 19:00:00",
        "calendarYear": "1990",
        "period": "Q4",
        "revenue": 1851400000,
        "costOfRevenue": 0,
        "grossProfit": 0,
        "grossProfitRatio": 0,
        "researchAndDevelopmentExpenses": 0,
        "generalAndAdministrativeExpenses": 0,
        "sellingAndMarketingExpenses": 0,
        "sellingGeneralAndAdministrativeExpenses": 0,
        "otherExpenses": 1851400000,
        "operatingExpenses": 1851400000,
        "costAndExpenses": 1851400000,
        "interestIncome": 0,
        "interestExpense": 0,
        "depreciationAndAmortization": 0,
        "ebitda": 1851400000,
        "ebitdaratio": 1,
        "operatingIncome": 1851400000,
        "operatingIncomeRatio": 1,
        "totalOtherIncomeExpensesNet": -1851400000,
        "incomeBeforeTax": 0,
        "incomeBeforeTaxRatio": 0,
        "incomeTaxExpense": 0,
        "netIncome": 86500000,
        "netIncomeRatio": 0.0467214,
        "eps": 0.12,
        "epsdiluted": 0.12,
        "weightedAverageShsOut": 504881629,
        "weightedAverageShsOutDil": 504881629,
        "link": "",
        "finalLink": ""
    },
    {
        "date": "1990-09-30",
        "symbol": "SO",
        "reportedCurrency": "USD",
        "cik": "0000092122",
        "fillingDate": "1990-09-30",
        "acceptedDate": "1990-09-29 20:00:00",
        "calendarYear": "1990",
        "period": "Q3",
        "revenue": 2437600000,
        "costOfRevenue": 0,
        "grossProfit": 0,
        "grossProfitRatio": 0,
        "researchAndDevelopmentExpenses": 0,
        "generalAndAdministrativeExpenses": 0,
        "sellingAndMarketingExpenses": 0,
        "sellingGeneralAndAdministrativeExpenses": 0,
        "otherExpenses": 2437600000,
        "operatingExpenses": 2437600000,
        "costAndExpenses": 2437600000,
        "interestIncome": 0,
        "interestExpense": 0,
        "depreciationAndAmortization": 0,
        "ebitda": 2437600000,
        "ebitdaratio": 1,
        "operatingIncome": 2437600000,
        "operatingIncomeRatio": 1,
        "totalOtherIncomeExpensesNet": -2437600000,
        "incomeBeforeTax": 0,
        "incomeBeforeTaxRatio": 0,
        "incomeTaxExpense": 0,
        "netIncome": 187900000,
        "netIncomeRatio": 0.0770840171,
        "eps": 0.3,
        "epsdiluted": 0.3,
        "weightedAverageShsOut": 531666667,
        "weightedAverageShsOutDil": 531666667,
        "link": "",
        "finalLink": ""
    },
    {
        "date": "1990-06-30",
        "symbol": "SO",
        "reportedCurrency": "USD",
        "cik": "0000092122",
        "fillingDate": "1990-06-30",
        "acceptedDate": "1990-06-29 20:00:00",
        "calendarYear": "1990",
        "period": "Q2",
        "revenue": 2018400000,
        "costOfRevenue": 0,
        "grossProfit": 0,
        "grossProfitRatio": 0,
        "researchAndDevelopmentExpenses": 0,
        "generalAndAdministrativeExpenses": 0,
        "sellingAndMarketingExpenses": 0,
        "sellingGeneralAndAdministrativeExpenses": 0,
        "otherExpenses": 2018400000,
        "operatingExpenses": 2018400000,
        "costAndExpenses": 2018400000,
        "interestIncome": 0,
        "interestExpense": 0,
        "depreciationAndAmortization": 0,
        "ebitda": 2018400000,
        "ebitdaratio": 1,
        "operatingIncome": 2018400000,
        "operatingIncomeRatio": 1,
        "totalOtherIncomeExpensesNet": -2018400000,
        "incomeBeforeTax": 0,
        "incomeBeforeTaxRatio": 0,
        "incomeTaxExpense": 0,
        "netIncome": 216000000,
        "netIncomeRatio": 0.1070154578,
        "eps": 0.34,
        "epsdiluted": 0.34,
        "weightedAverageShsOut": 550882353,
        "weightedAverageShsOutDil": 550882353,
        "link": "",
        "finalLink": ""
    },
    {
        "date": "1990-03-31",
        "symbol": "SO",
        "reportedCurrency": "USD",
        "cik": "0000092122",
        "fillingDate": "1990-03-31",
        "acceptedDate": "1990-03-30 19:00:00",
        "calendarYear": "1990",
        "period": "Q1",
        "revenue": 1667600000,
        "costOfRevenue": 0,
        "grossProfit": 0,
        "grossProfitRatio": 0,
        "researchAndDevelopmentExpenses": 0,
        "generalAndAdministrativeExpenses": 0,
        "sellingAndMarketingExpenses": 0,
        "sellingGeneralAndAdministrativeExpenses": 0,
        "otherExpenses": 1667600000,
        "operatingExpenses": 1667600000,
        "costAndExpenses": 1667600000,
        "interestIncome": 0,
        "interestExpense": 0,
        "depreciationAndAmortization": 0,
        "ebitda": 1667600000,
        "ebitdaratio": 1,
        "operatingIncome": 1667600000,
        "operatingIncomeRatio": 1,
        "totalOtherIncomeExpensesNet": -1667600000,
        "incomeBeforeTax": 0,
        "incomeBeforeTaxRatio": 0,
        "incomeTaxExpense": 0,
        "netIncome": 113100000,
        "netIncomeRatio": 0.0678220197,
        "eps": 0.18,
        "epsdiluted": 0.18,
        "weightedAverageShsOut": 462222222,
        "weightedAverageShsOutDil": 462222222,
        "link": "",
        "finalLink": ""
    },
    {
        "date": "1989-12-31",
        "symbol": "SO",
        "reportedCurrency": "USD",
        "cik": "0000092122",
        "fillingDate": "1989-12-31",
        "acceptedDate": "1989-12-30 19:00:00",
        "calendarYear": "1989",
        "period": "Q4",
        "revenue": 1780300000,
        "costOfRevenue": 0,
        "grossProfit": 0,
        "grossProfitRatio": 0,
        "researchAndDevelopmentExpenses": 0,
        "generalAndAdministrativeExpenses": 0,
        "sellingAndMarketingExpenses": 0,
        "sellingGeneralAndAdministrativeExpenses": 0,
        "otherExpenses": 1780300000,
        "operatingExpenses": 1780300000,
        "costAndExpenses": 1780300000,
        "interestIncome": 0,
        "interestExpense": 0,
        "depreciationAndAmortization": 0,
        "ebitda": 1780300000,
        "ebitdaratio": 1,
        "operatingIncome": 1780300000,
        "operatingIncomeRatio": 1,
        "totalOtherIncomeExpensesNet": -1780300000,
        "incomeBeforeTax": 0,
        "incomeBeforeTaxRatio": 0,
        "incomeTaxExpense": 0,
        "netIncome": 104100000,
        "netIncomeRatio": 0.058473291,
        "eps": 0.15,
        "epsdiluted": 0.15,
        "weightedAverageShsOut": 500887231,
        "weightedAverageShsOutDil": 500887231,
        "link": "",
        "finalLink": ""
    },
    {
        "date": "1989-09-30",
        "symbol": "SO",
        "reportedCurrency": "USD",
        "cik": "0000092122",
        "fillingDate": "1989-09-30",
        "acceptedDate": "1989-09-29 20:00:00",
        "calendarYear": "1989",
        "period": "Q3",
        "revenue": 2150900000,
        "costOfRevenue": 0,
        "grossProfit": 0,
        "grossProfitRatio": 0,
        "researchAndDevelopmentExpenses": 0,
        "generalAndAdministrativeExpenses": 0,
        "sellingAndMarketingExpenses": 0,
        "sellingGeneralAndAdministrativeExpenses": 0,
        "otherExpenses": 2150900000,
        "operatingExpenses": 2150900000,
        "costAndExpenses": 2150900000,
        "interestIncome": 0,
        "interestExpense": 0,
        "depreciationAndAmortization": 0,
        "ebitda": 2150900000,
        "ebitdaratio": 1,
        "operatingIncome": 2150900000,
        "operatingIncomeRatio": 1,
        "totalOtherIncomeExpensesNet": -2150900000,
        "incomeBeforeTax": 0,
        "incomeBeforeTaxRatio": 0,
        "incomeTaxExpense": 0,
        "netIncome": 357500000,
        "netIncomeRatio": 0.1662094937,
        "eps": 0.57,
        "epsdiluted": 0.57,
        "weightedAverageShsOut": 574035088,
        "weightedAverageShsOutDil": 574035088,
        "link": "",
        "finalLink": ""
    },
    {
        "date": "1989-06-30",
        "symbol": "SO",
        "reportedCurrency": "USD",
        "cik": "0000092122",
        "fillingDate": "1989-06-30",
        "acceptedDate": "1989-06-29 20:00:00",
        "calendarYear": "1989",
        "period": "Q2",
        "revenue": 1882100000,
        "costOfRevenue": 0,
        "grossProfit": 0,
        "grossProfitRatio": 0,
        "researchAndDevelopmentExpenses": 0,
        "generalAndAdministrativeExpenses": 0,
        "sellingAndMarketingExpenses": 0,
        "sellingGeneralAndAdministrativeExpenses": 0,
        "otherExpenses": 1882100000,
        "operatingExpenses": 1882100000,
        "costAndExpenses": 1882100000,
        "interestIncome": 0,
        "interestExpense": 0,
        "depreciationAndAmortization": 0,
        "ebitda": 1882100000,
        "ebitdaratio": 1,
        "operatingIncome": 1882100000,
        "operatingIncomeRatio": 1,
        "totalOtherIncomeExpensesNet": -1882100000,
        "incomeBeforeTax": 0,
        "incomeBeforeTaxRatio": 0,
        "incomeTaxExpense": 0,
        "netIncome": 0,
        "netIncomeRatio": 0,
        "eps": 0,
        "epsdiluted": 0,
        "weightedAverageShsOut": 630897988,
        "weightedAverageShsOutDil": 630897988,
        "link": "",
        "finalLink": ""
    },
    {
        "date": "1989-03-31",
        "symbol": "SO",
        "reportedCurrency": "USD",
        "cik": "0000092122",
        "fillingDate": "1989-03-31",
        "acceptedDate": "1989-03-30 19:00:00",
        "calendarYear": "1989",
        "period": "Q1",
        "revenue": 1679000000,
        "costOfRevenue": 0,
        "grossProfit": 0,
        "grossProfitRatio": 0,
        "researchAndDevelopmentExpenses": 0,
        "generalAndAdministrativeExpenses": 0,
        "sellingAndMarketingExpenses": 0,
        "sellingGeneralAndAdministrativeExpenses": 0,
        "otherExpenses": 1679000000,
        "operatingExpenses": 1679000000,
        "costAndExpenses": 1679000000,
        "interestIncome": 0,
        "interestExpense": 0,
        "depreciationAndAmortization": 0,
        "ebitda": 1679000000,
        "ebitdaratio": 1,
        "operatingIncome": 1679000000,
        "operatingIncomeRatio": 1,
        "totalOtherIncomeExpensesNet": -1679000000,
        "incomeBeforeTax": 0,
        "incomeBeforeTaxRatio": 0,
        "incomeTaxExpense": 0,
        "netIncome": 0,
        "netIncomeRatio": 0,
        "eps": 0,
        "epsdiluted": 0,
        "weightedAverageShsOut": 627573988,
        "weightedAverageShsOutDil": 627573988,
        "link": "",
        "finalLink": ""
    },
    {
        "date": "1988-12-31",
        "symbol": "SO",
        "reportedCurrency": "USD",
        "cik": "0000092122",
        "fillingDate": "1988-12-31",
        "acceptedDate": "1988-12-30 19:00:00",
        "calendarYear": "1988",
        "period": "Q4",
        "revenue": 1644100000,
        "costOfRevenue": 0,
        "grossProfit": 0,
        "grossProfitRatio": 0,
        "researchAndDevelopmentExpenses": 0,
        "generalAndAdministrativeExpenses": 0,
        "sellingAndMarketingExpenses": 0,
        "sellingGeneralAndAdministrativeExpenses": 0,
        "otherExpenses": 1644100000,
        "operatingExpenses": 1644100000,
        "costAndExpenses": 1644100000,
        "interestIncome": 0,
        "interestExpense": 0,
        "depreciationAndAmortization": 0,
        "ebitda": 1644100000,
        "ebitdaratio": 1,
        "operatingIncome": 1644100000,
        "operatingIncomeRatio": 1,
        "totalOtherIncomeExpensesNet": -1644100000,
        "incomeBeforeTax": 0,
        "incomeBeforeTaxRatio": 0,
        "incomeTaxExpense": 0,
        "netIncome": 0,
        "netIncomeRatio": 0,
        "eps": 0,
        "epsdiluted": 0,
        "weightedAverageShsOut": 624816406,
        "weightedAverageShsOutDil": 624816406,
        "link": "",
        "finalLink": ""
    },
    {
        "date": "1988-09-30",
        "symbol": "SO",
        "reportedCurrency": "USD",
        "cik": "0000092122",
        "fillingDate": "1988-09-30",
        "acceptedDate": "1988-09-29 20:00:00",
        "calendarYear": "1988",
        "period": "Q3",
        "revenue": 2123900000,
        "costOfRevenue": 0,
        "grossProfit": 0,
        "grossProfitRatio": 0,
        "researchAndDevelopmentExpenses": 0,
        "generalAndAdministrativeExpenses": 0,
        "sellingAndMarketingExpenses": 0,
        "sellingGeneralAndAdministrativeExpenses": 0,
        "otherExpenses": 2123900000,
        "operatingExpenses": 2123900000,
        "costAndExpenses": 2123900000,
        "interestIncome": 0,
        "interestExpense": 0,
        "depreciationAndAmortization": 0,
        "ebitda": 2123900000,
        "ebitdaratio": 1,
        "operatingIncome": 2123900000,
        "operatingIncomeRatio": 1,
        "totalOtherIncomeExpensesNet": -2123900000,
        "incomeBeforeTax": 0,
        "incomeBeforeTaxRatio": 0,
        "incomeTaxExpense": 0,
        "netIncome": 0,
        "netIncomeRatio": 0,
        "eps": 0,
        "epsdiluted": 0,
        "weightedAverageShsOut": 623831989,
        "weightedAverageShsOutDil": 623831989,
        "link": "",
        "finalLink": ""
    },
    {
        "date": "1988-06-30",
        "symbol": "SO",
        "reportedCurrency": "USD",
        "cik": "0000092122",
        "fillingDate": "1988-06-30",
        "acceptedDate": "1988-06-29 20:00:00",
        "calendarYear": "1988",
        "period": "Q2",
        "revenue": 1773000000,
        "costOfRevenue": 0,
        "grossProfit": 0,
        "grossProfitRatio": 0,
        "researchAndDevelopmentExpenses": 0,
        "generalAndAdministrativeExpenses": 0,
        "sellingAndMarketingExpenses": 0,
        "sellingGeneralAndAdministrativeExpenses": 0,
        "otherExpenses": 1773000000,
        "operatingExpenses": 1773000000,
        "costAndExpenses": 1773000000,
        "interestIncome": 0,
        "interestExpense": 0,
        "depreciationAndAmortization": 0,
        "ebitda": 1773000000,
        "ebitdaratio": 1,
        "operatingIncome": 1773000000,
        "operatingIncomeRatio": 1,
        "totalOtherIncomeExpensesNet": -1773000000,
        "incomeBeforeTax": 0,
        "incomeBeforeTaxRatio": 0,
        "incomeTaxExpense": 0,
        "netIncome": 0,
        "netIncomeRatio": 0,
        "eps": 0,
        "epsdiluted": 0,
        "weightedAverageShsOut": 618541989,
        "weightedAverageShsOutDil": 618541989,
        "link": "",
        "finalLink": ""
    },
    {
        "date": "1988-03-31",
        "symbol": "SO",
        "reportedCurrency": "USD",
        "cik": "0000092122",
        "fillingDate": "1988-03-31",
        "acceptedDate": "1988-03-30 19:00:00",
        "calendarYear": "1988",
        "period": "Q1",
        "revenue": 1694000000,
        "costOfRevenue": 0,
        "grossProfit": 0,
        "grossProfitRatio": 0,
        "researchAndDevelopmentExpenses": 0,
        "generalAndAdministrativeExpenses": 0,
        "sellingAndMarketingExpenses": 0,
        "sellingGeneralAndAdministrativeExpenses": 0,
        "otherExpenses": 1694000000,
        "operatingExpenses": 1694000000,
        "costAndExpenses": 1694000000,
        "interestIncome": 0,
        "interestExpense": 0,
        "depreciationAndAmortization": 0,
        "ebitda": 1694000000,
        "ebitdaratio": 1,
        "operatingIncome": 1694000000,
        "operatingIncomeRatio": 1,
        "totalOtherIncomeExpensesNet": -1694000000,
        "incomeBeforeTax": 0,
        "incomeBeforeTaxRatio": 0,
        "incomeTaxExpense": 0,
        "netIncome": 0,
        "netIncomeRatio": 0,
        "eps": 0,
        "epsdiluted": 0,
        "weightedAverageShsOut": 585021990,
        "weightedAverageShsOutDil": 585021990,
        "link": "",
        "finalLink": ""
    },
    {
        "date": "1987-12-31",
        "symbol": "SO",
        "reportedCurrency": "USD",
        "cik": "0000092122",
        "fillingDate": "1987-12-31",
        "acceptedDate": "1987-12-30 19:00:00",
        "calendarYear": "1987",
        "period": "Q4",
        "revenue": 1612700000,
        "costOfRevenue": 0,
        "grossProfit": 0,
        "grossProfitRatio": 0,
        "researchAndDevelopmentExpenses": 0,
        "generalAndAdministrativeExpenses": 0,
        "sellingAndMarketingExpenses": 0,
        "sellingGeneralAndAdministrativeExpenses": 0,
        "otherExpenses": 1612700000,
        "operatingExpenses": 1612700000,
        "costAndExpenses": 1612700000,
        "interestIncome": 0,
        "interestExpense": 0,
        "depreciationAndAmortization": 0,
        "ebitda": 1612700000,
        "ebitdaratio": 1,
        "operatingIncome": 1612700000,
        "operatingIncomeRatio": 1,
        "totalOtherIncomeExpensesNet": -1612700000,
        "incomeBeforeTax": 0,
        "incomeBeforeTaxRatio": 0,
        "incomeTaxExpense": 0,
        "netIncome": 0,
        "netIncomeRatio": 0,
        "eps": 0,
        "epsdiluted": 0,
        "weightedAverageShsOut": 581260995,
        "weightedAverageShsOutDil": 581260995,
        "link": "",
        "finalLink": ""
    },
    {
        "date": "1987-09-30",
        "symbol": "SO",
        "reportedCurrency": "USD",
        "cik": "0000092122",
        "fillingDate": "1987-09-30",
        "acceptedDate": "1987-09-29 20:00:00",
        "calendarYear": "1987",
        "period": "Q3",
        "revenue": 2089700000,
        "costOfRevenue": 0,
        "grossProfit": 0,
        "grossProfitRatio": 0,
        "researchAndDevelopmentExpenses": 0,
        "generalAndAdministrativeExpenses": 0,
        "sellingAndMarketingExpenses": 0,
        "sellingGeneralAndAdministrativeExpenses": 0,
        "otherExpenses": 2089700000,
        "operatingExpenses": 2089700000,
        "costAndExpenses": 2089700000,
        "interestIncome": 0,
        "interestExpense": 0,
        "depreciationAndAmortization": 0,
        "ebitda": 2089700000,
        "ebitdaratio": 1,
        "operatingIncome": 2089700000,
        "operatingIncomeRatio": 1,
        "totalOtherIncomeExpensesNet": -2089700000,
        "incomeBeforeTax": 0,
        "incomeBeforeTaxRatio": 0,
        "incomeTaxExpense": 0,
        "netIncome": 0,
        "netIncomeRatio": 0,
        "eps": 0,
        "epsdiluted": 0,
        "weightedAverageShsOut": 573891990,
        "weightedAverageShsOutDil": 573891990,
        "link": "",
        "finalLink": ""
    },
    {
        "date": "1987-06-30",
        "symbol": "SO",
        "reportedCurrency": "USD",
        "cik": "0000092122",
        "fillingDate": "1987-06-30",
        "acceptedDate": "1987-06-29 20:00:00",
        "calendarYear": "1987",
        "period": "Q2",
        "revenue": 1767500000,
        "costOfRevenue": 0,
        "grossProfit": 0,
        "grossProfitRatio": 0,
        "researchAndDevelopmentExpenses": 0,
        "generalAndAdministrativeExpenses": 0,
        "sellingAndMarketingExpenses": 0,
        "sellingGeneralAndAdministrativeExpenses": 0,
        "otherExpenses": 1767500000,
        "operatingExpenses": 1767500000,
        "costAndExpenses": 1767500000,
        "interestIncome": 0,
        "interestExpense": 0,
        "depreciationAndAmortization": 0,
        "ebitda": 1767500000,
        "ebitdaratio": 1,
        "operatingIncome": 1767500000,
        "operatingIncomeRatio": 1,
        "totalOtherIncomeExpensesNet": -1767500000,
        "incomeBeforeTax": 0,
        "incomeBeforeTaxRatio": 0,
        "incomeTaxExpense": 0,
        "netIncome": 0,
        "netIncomeRatio": 0,
        "eps": 0,
        "epsdiluted": 0,
        "weightedAverageShsOut": 573891990,
        "weightedAverageShsOutDil": 573891990,
        "link": "",
        "finalLink": ""
    },
    {
        "date": "1987-03-31",
        "symbol": "SO",
        "reportedCurrency": "USD",
        "cik": "0000092122",
        "fillingDate": "1987-03-31",
        "acceptedDate": "1987-03-30 19:00:00",
        "calendarYear": "1987",
        "period": "Q1",
        "revenue": 1540500000,
        "costOfRevenue": 0,
        "grossProfit": 0,
        "grossProfitRatio": 0,
        "researchAndDevelopmentExpenses": 0,
        "generalAndAdministrativeExpenses": 0,
        "sellingAndMarketingExpenses": 0,
        "sellingGeneralAndAdministrativeExpenses": 0,
        "otherExpenses": 1540500000,
        "operatingExpenses": 1540500000,
        "costAndExpenses": 1540500000,
        "interestIncome": 0,
        "interestExpense": 0,
        "depreciationAndAmortization": 0,
        "ebitda": 1540500000,
        "ebitdaratio": 1,
        "operatingIncome": 1540500000,
        "operatingIncomeRatio": 1,
        "totalOtherIncomeExpensesNet": -1540500000,
        "incomeBeforeTax": 0,
        "incomeBeforeTaxRatio": 0,
        "incomeTaxExpense": 0,
        "netIncome": 0,
        "netIncomeRatio": 0,
        "eps": 0,
        "epsdiluted": 0,
        "weightedAverageShsOut": 573891990,
        "weightedAverageShsOutDil": 573891990,
        "link": "",
        "finalLink": ""
    },
    {
        "date": "1986-12-31",
        "symbol": "SO",
        "reportedCurrency": "USD",
        "cik": "0000092122",
        "fillingDate": "1986-12-31",
        "acceptedDate": "1986-12-30 19:00:00",
        "calendarYear": "1986",
        "period": "Q4",
        "revenue": 1604800000,
        "costOfRevenue": 0,
        "grossProfit": 0,
        "grossProfitRatio": 0,
        "researchAndDevelopmentExpenses": 0,
        "generalAndAdministrativeExpenses": 0,
        "sellingAndMarketingExpenses": 0,
        "sellingGeneralAndAdministrativeExpenses": 0,
        "otherExpenses": 1604800000,
        "operatingExpenses": 1604800000,
        "costAndExpenses": 1604800000,
        "interestIncome": 0,
        "interestExpense": 0,
        "depreciationAndAmortization": 0,
        "ebitda": 1604800000,
        "ebitdaratio": 1,
        "operatingIncome": 1604800000,
        "operatingIncomeRatio": 1,
        "totalOtherIncomeExpensesNet": -1604800000,
        "incomeBeforeTax": 0,
        "incomeBeforeTaxRatio": 0,
        "incomeTaxExpense": 0,
        "netIncome": 0,
        "netIncomeRatio": 0,
        "eps": 0,
        "epsdiluted": 0,
        "weightedAverageShsOut": 526191278,
        "weightedAverageShsOutDil": 526191278,
        "link": "",
        "finalLink": ""
    },
    {
        "date": "1986-09-30",
        "symbol": "SO",
        "reportedCurrency": "USD",
        "cik": "0000092122",
        "fillingDate": "1986-09-30",
        "acceptedDate": "1986-09-29 20:00:00",
        "calendarYear": "1986",
        "period": "Q3",
        "revenue": 1988500000,
        "costOfRevenue": 0,
        "grossProfit": 0,
        "grossProfitRatio": 0,
        "researchAndDevelopmentExpenses": 0,
        "generalAndAdministrativeExpenses": 0,
        "sellingAndMarketingExpenses": 0,
        "sellingGeneralAndAdministrativeExpenses": 0,
        "otherExpenses": 1988500000,
        "operatingExpenses": 1988500000,
        "costAndExpenses": 1988500000,
        "interestIncome": 0,
        "interestExpense": 0,
        "depreciationAndAmortization": 0,
        "ebitda": 1988500000,
        "ebitdaratio": 1,
        "operatingIncome": 1988500000,
        "operatingIncomeRatio": 1,
        "totalOtherIncomeExpensesNet": -1988500000,
        "incomeBeforeTax": 0,
        "incomeBeforeTaxRatio": 0,
        "incomeTaxExpense": 0,
        "netIncome": 0,
        "netIncomeRatio": 0,
        "eps": 0,
        "epsdiluted": 0,
        "weightedAverageShsOut": 557873990,
        "weightedAverageShsOutDil": 557873990,
        "link": "",
        "finalLink": ""
    },
    {
        "date": "1986-06-30",
        "symbol": "SO",
        "reportedCurrency": "USD",
        "cik": "0000092122",
        "fillingDate": "1986-06-30",
        "acceptedDate": "1986-06-29 20:00:00",
        "calendarYear": "1986",
        "period": "Q2",
        "revenue": 1667700000,
        "costOfRevenue": 0,
        "grossProfit": 0,
        "grossProfitRatio": 0,
        "researchAndDevelopmentExpenses": 0,
        "generalAndAdministrativeExpenses": 0,
        "sellingAndMarketingExpenses": 0,
        "sellingGeneralAndAdministrativeExpenses": 0,
        "otherExpenses": 1667700000,
        "operatingExpenses": 1667700000,
        "costAndExpenses": 1667700000,
        "interestIncome": 0,
        "interestExpense": 0,
        "depreciationAndAmortization": 0,
        "ebitda": 1667700000,
        "ebitdaratio": 1,
        "operatingIncome": 1667700000,
        "operatingIncomeRatio": 1,
        "totalOtherIncomeExpensesNet": -1667700000,
        "incomeBeforeTax": 0,
        "incomeBeforeTaxRatio": 0,
        "incomeTaxExpense": 0,
        "netIncome": 0,
        "netIncomeRatio": 0,
        "eps": 0,
        "epsdiluted": 0,
        "weightedAverageShsOut": 553265990,
        "weightedAverageShsOutDil": 553265990,
        "link": "",
        "finalLink": ""
    },
    {
        "date": "1986-03-31",
        "symbol": "SO",
        "reportedCurrency": "USD",
        "cik": "0000092122",
        "fillingDate": "1986-03-31",
        "acceptedDate": "1986-03-30 19:00:00",
        "calendarYear": "1986",
        "period": "Q1",
        "revenue": 1585600000,
        "costOfRevenue": 0,
        "grossProfit": 0,
        "grossProfitRatio": 0,
        "researchAndDevelopmentExpenses": 0,
        "generalAndAdministrativeExpenses": 0,
        "sellingAndMarketingExpenses": 0,
        "sellingGeneralAndAdministrativeExpenses": 0,
        "otherExpenses": 1585600000,
        "operatingExpenses": 1585600000,
        "costAndExpenses": 1585600000,
        "interestIncome": 0,
        "interestExpense": 0,
        "depreciationAndAmortization": 0,
        "ebitda": 1585600000,
        "ebitdaratio": 1,
        "operatingIncome": 1585600000,
        "operatingIncomeRatio": 1,
        "totalOtherIncomeExpensesNet": -1585600000,
        "incomeBeforeTax": 0,
        "incomeBeforeTaxRatio": 0,
        "incomeTaxExpense": 0,
        "netIncome": 0,
        "netIncomeRatio": 0,
        "eps": 0,
        "epsdiluted": 0,
        "weightedAverageShsOut": 540685990,
        "weightedAverageShsOutDil": 540685990,
        "link": "",
        "finalLink": ""
    },
    {
        "date": "1985-12-31",
        "symbol": "SO",
        "reportedCurrency": "USD",
        "cik": "0000092122",
        "fillingDate": "1985-12-31",
        "acceptedDate": "1985-12-30 19:00:00",
        "calendarYear": "1985",
        "period": "Q4",
        "revenue": 1603300000,
        "costOfRevenue": 0,
        "grossProfit": 0,
        "grossProfitRatio": 0,
        "researchAndDevelopmentExpenses": 0,
        "generalAndAdministrativeExpenses": 0,
        "sellingAndMarketingExpenses": 0,
        "sellingGeneralAndAdministrativeExpenses": 0,
        "otherExpenses": 1603300000,
        "operatingExpenses": 1603300000,
        "costAndExpenses": 1603300000,
        "interestIncome": 0,
        "interestExpense": 0,
        "depreciationAndAmortization": 0,
        "ebitda": 1603300000,
        "ebitdaratio": 1,
        "operatingIncome": 1603300000,
        "operatingIncomeRatio": 1,
        "totalOtherIncomeExpensesNet": -1603300000,
        "incomeBeforeTax": 0,
        "incomeBeforeTaxRatio": 0,
        "incomeTaxExpense": 0,
        "netIncome": 0,
        "netIncomeRatio": 0,
        "eps": 0,
        "epsdiluted": 0,
        "weightedAverageShsOut": 490436745,
        "weightedAverageShsOutDil": 490436745,
        "link": "",
        "finalLink": ""
    },
    {
        "date": "1985-09-30",
        "symbol": "SO",
        "reportedCurrency": "USD",
        "cik": "0000092122",
        "fillingDate": "1985-09-30",
        "acceptedDate": "1985-09-29 20:00:00",
        "calendarYear": "1985",
        "period": "Q3",
        "revenue": 1920200000,
        "costOfRevenue": 0,
        "grossProfit": 0,
        "grossProfitRatio": 0,
        "researchAndDevelopmentExpenses": 0,
        "generalAndAdministrativeExpenses": 0,
        "sellingAndMarketingExpenses": 0,
        "sellingGeneralAndAdministrativeExpenses": 0,
        "otherExpenses": 1920200000,
        "operatingExpenses": 1920200000,
        "costAndExpenses": 1920200000,
        "interestIncome": 0,
        "interestExpense": 0,
        "depreciationAndAmortization": 0,
        "ebitda": 1920200000,
        "ebitdaratio": 1,
        "operatingIncome": 1920200000,
        "operatingIncomeRatio": 1,
        "totalOtherIncomeExpensesNet": -1920200000,
        "incomeBeforeTax": 0,
        "incomeBeforeTaxRatio": 0,
        "incomeTaxExpense": 0,
        "netIncome": 0,
        "netIncomeRatio": 0,
        "eps": 0,
        "epsdiluted": 0,
        "weightedAverageShsOut": 521677991,
        "weightedAverageShsOutDil": 521677991,
        "link": "",
        "finalLink": ""
    }
]