[
    {
        "date": "2025-06-30",
        "symbol": "SOV",
        "reportedCurrency": "USD",
        "cik": "0000811830",
        "fillingDate": "2025-07-30",
        "acceptedDate": "2025-07-30 16:32:22",
        "calendarYear": "2025",
        "period": "Q2",
        "revenue": 3182152000,
        "costOfRevenue": 0,
        "grossProfit": 0,
        "grossProfitRatio": 0,
        "researchAndDevelopmentExpenses": 0,
        "generalAndAdministrativeExpenses": 1443598000,
        "sellingAndMarketingExpenses": 213022000,
        "sellingGeneralAndAdministrativeExpenses": 1656620000,
        "otherExpenses": 0,
        "operatingExpenses": 1656620000,
        "costAndExpenses": 0,
        "interestIncome": 0,
        "interestExpense": 589783000,
        "depreciationAndAmortization": 0,
        "ebitda": 0,
        "ebitdaratio": 0,
        "operatingIncome": 0,
        "operatingIncomeRatio": 0,
        "totalOtherIncomeExpensesNet": 0,
        "incomeBeforeTax": 535705000,
        "incomeBeforeTaxRatio": 0.1683467666,
        "incomeTaxExpense": 37961000,
        "netIncome": 497744000,
        "netIncomeRatio": 0.1564174181,
        "eps": 0,
        "epsdiluted": 0,
        "weightedAverageShsOut": 0,
        "weightedAverageShsOutDil": 0,
        "link": "https://www.sec.gov/Archives/edgar/data/811830/000081183025000033/0000811830-25-000033-index.htm",
        "finalLink": "https://www.sec.gov/Archives/edgar/data/811830/000081183025000033/sov-20250630.htm"
    },
    {
        "date": "2025-03-31",
        "symbol": "SOV",
        "reportedCurrency": "USD",
        "cik": "0000811830",
        "fillingDate": "2025-05-01",
        "acceptedDate": "2025-05-01 16:18:35",
        "calendarYear": "2025",
        "period": "Q1",
        "revenue": 3136900000,
        "costOfRevenue": 0,
        "grossProfit": 3136900000,
        "grossProfitRatio": 1,
        "researchAndDevelopmentExpenses": 0,
        "generalAndAdministrativeExpenses": 1527351000,
        "sellingAndMarketingExpenses": 204381000,
        "sellingGeneralAndAdministrativeExpenses": 1731732000,
        "otherExpenses": 0,
        "operatingExpenses": 1731732000,
        "costAndExpenses": 1731732000,
        "interestIncome": 0,
        "interestExpense": 561842000,
        "depreciationAndAmortization": 0,
        "ebitda": 0,
        "ebitdaratio": 0,
        "operatingIncome": 1405168000,
        "operatingIncomeRatio": 0.4479479741,
        "totalOtherIncomeExpensesNet": 0,
        "incomeBeforeTax": 382796000,
        "incomeBeforeTaxRatio": 0.1220300296,
        "incomeTaxExpense": 16922000,
        "netIncome": 365874000,
        "netIncomeRatio": 0.1166355319,
        "eps": 0,
        "epsdiluted": 0,
        "weightedAverageShsOut": 0,
        "weightedAverageShsOutDil": 0,
        "link": "https://www.sec.gov/Archives/edgar/data/811830/000081183025000023/0000811830-25-000023-index.htm",
        "finalLink": "https://www.sec.gov/Archives/edgar/data/811830/000081183025000023/sov-20250331.htm"
    },
    {
        "date": "2024-12-31",
        "symbol": "SOV",
        "reportedCurrency": "USD",
        "cik": "0000811830",
        "fillingDate": "2025-03-03",
        "acceptedDate": "2025-03-03 15:54:18",
        "calendarYear": "2024",
        "period": "Q4",
        "revenue": 3280885000,
        "costOfRevenue": 13466136000,
        "grossProfit": -10185251000,
        "grossProfitRatio": -3.1044218252,
        "researchAndDevelopmentExpenses": 0,
        "generalAndAdministrativeExpenses": 1566452000,
        "sellingAndMarketingExpenses": 221655000,
        "sellingGeneralAndAdministrativeExpenses": 1788107000,
        "otherExpenses": 0,
        "operatingExpenses": 1788107000,
        "costAndExpenses": 1788107000,
        "interestIncome": -1933560000,
        "interestExpense": 693157000,
        "depreciationAndAmortization": -681435000,
        "ebitda": 105514000,
        "ebitdaratio": 0.0321602251,
        "operatingIncome": -3742657000,
        "operatingIncomeRatio": -1.1407461706,
        "totalOtherIncomeExpensesNet": 0,
        "incomeBeforeTax": 93792000,
        "incomeBeforeTaxRatio": 0.0285874086,
        "incomeTaxExpense": -32507000,
        "netIncome": 126299000,
        "netIncomeRatio": 0.038495406,
        "eps": 0,
        "epsdiluted": 0,
        "weightedAverageShsOut": 0,
        "weightedAverageShsOutDil": 0,
        "link": "https://www.sec.gov/Archives/edgar/data/811830/000081183025000012/0000811830-25-000012-index.htm",
        "finalLink": "https://www.sec.gov/Archives/edgar/data/811830/000081183025000012/sov-20241231.htm"
    },
    {
        "date": "2024-09-30",
        "symbol": "SOV",
        "reportedCurrency": "USD",
        "cik": "0000811830",
        "fillingDate": "2024-11-06",
        "acceptedDate": "2024-11-06 15:13:18",
        "calendarYear": "2024",
        "period": "Q3",
        "revenue": 3426330000,
        "costOfRevenue": 0,
        "grossProfit": 3426330000,
        "grossProfitRatio": 1,
        "researchAndDevelopmentExpenses": 0,
        "generalAndAdministrativeExpenses": 1595707000,
        "sellingAndMarketingExpenses": 196345000,
        "sellingGeneralAndAdministrativeExpenses": 1792052000,
        "otherExpenses": 0,
        "operatingExpenses": 1792052000,
        "costAndExpenses": 1792052000,
        "interestIncome": 0,
        "interestExpense": 860769000,
        "depreciationAndAmortization": 0,
        "ebitda": 0,
        "ebitdaratio": 0,
        "operatingIncome": 1634278000,
        "operatingIncomeRatio": 0.4769762399,
        "totalOtherIncomeExpensesNet": 0,
        "incomeBeforeTax": 161092000,
        "incomeBeforeTaxRatio": 0.0470159033,
        "incomeTaxExpense": -32187000,
        "netIncome": 193279000,
        "netIncomeRatio": 0.0564099197,
        "eps": 0,
        "epsdiluted": 0,
        "weightedAverageShsOut": 0,
        "weightedAverageShsOutDil": 0,
        "link": "https://www.sec.gov/Archives/edgar/data/811830/000081183024000054/0000811830-24-000054-index.htm",
        "finalLink": "https://www.sec.gov/Archives/edgar/data/811830/000081183024000054/sov-20240930.htm"
    },
    {
        "date": "2024-06-30",
        "symbol": "SOV",
        "reportedCurrency": "USD",
        "cik": "0000811830",
        "fillingDate": "2024-08-01",
        "acceptedDate": "2024-08-01 15:07:22",
        "calendarYear": "2024",
        "period": "Q2",
        "revenue": 3505035000,
        "costOfRevenue": 0,
        "grossProfit": 3505035000,
        "grossProfitRatio": 1,
        "researchAndDevelopmentExpenses": 0,
        "generalAndAdministrativeExpenses": 1553028000,
        "sellingAndMarketingExpenses": 194589000,
        "sellingGeneralAndAdministrativeExpenses": 1747617000,
        "otherExpenses": 0,
        "operatingExpenses": 1747617000,
        "costAndExpenses": 0,
        "interestIncome": 995829000,
        "interestExpense": 965341000,
        "depreciationAndAmortization": 0,
        "ebitda": 0,
        "ebitdaratio": 0,
        "operatingIncome": 1757418000,
        "operatingIncomeRatio": 0.5013981315,
        "totalOtherIncomeExpensesNet": -1392625000,
        "incomeBeforeTax": 364793000,
        "incomeBeforeTaxRatio": 0.1040768494,
        "incomeTaxExpense": -49821000,
        "netIncome": 414614000,
        "netIncomeRatio": 0.1182909728,
        "eps": 0,
        "epsdiluted": 0,
        "weightedAverageShsOut": 0,
        "weightedAverageShsOutDil": 0,
        "link": "https://www.sec.gov/Archives/edgar/data/811830/000081183024000043/0000811830-24-000043-index.htm",
        "finalLink": "https://www.sec.gov/Archives/edgar/data/811830/000081183024000043/sov-20240630.htm"
    },
    {
        "date": "2024-03-31",
        "symbol": "SOV",
        "reportedCurrency": "USD",
        "cik": "0000811830",
        "fillingDate": "2024-05-06",
        "acceptedDate": "2024-05-06 14:17:10",
        "calendarYear": "2024",
        "period": "Q1",
        "revenue": 3253886000,
        "costOfRevenue": 0,
        "grossProfit": 3253886000,
        "grossProfitRatio": 1,
        "researchAndDevelopmentExpenses": 0,
        "generalAndAdministrativeExpenses": 1559281000,
        "sellingAndMarketingExpenses": 184310000,
        "sellingGeneralAndAdministrativeExpenses": 1743591000,
        "otherExpenses": 0,
        "operatingExpenses": 1743591000,
        "costAndExpenses": 1743591000,
        "interestIncome": 937731000,
        "interestExpense": 763840000,
        "depreciationAndAmortization": 681435000,
        "ebitda": 350961000,
        "ebitdaratio": 0.1078590338,
        "operatingIncome": 350961000,
        "operatingIncomeRatio": 0.1078590338,
        "totalOtherIncomeExpensesNet": 0,
        "incomeBeforeTax": 350961000,
        "incomeBeforeTaxRatio": 0.1078590338,
        "incomeTaxExpense": 7754000,
        "netIncome": 343207000,
        "netIncomeRatio": 0.105476037,
        "eps": 0,
        "epsdiluted": 0,
        "weightedAverageShsOut": 0,
        "weightedAverageShsOutDil": 0,
        "link": "https://www.sec.gov/Archives/edgar/data/811830/000081183024000020/0000811830-24-000020-index.htm",
        "finalLink": "https://www.sec.gov/Archives/edgar/data/811830/000081183024000020/sov-20240331.htm"
    },
    {
        "date": "2023-12-31",
        "symbol": "SOV",
        "reportedCurrency": "USD",
        "cik": "0000811830",
        "fillingDate": "2024-03-04",
        "acceptedDate": "2024-03-04 15:21:29",
        "calendarYear": "2023",
        "period": "Q4",
        "revenue": 3183893000,
        "costOfRevenue": 0,
        "grossProfit": 3183893000,
        "grossProfitRatio": 1,
        "researchAndDevelopmentExpenses": 0,
        "generalAndAdministrativeExpenses": 1662871000,
        "sellingAndMarketingExpenses": 206018000,
        "sellingGeneralAndAdministrativeExpenses": 1868889000,
        "otherExpenses": 0,
        "operatingExpenses": 1868889000,
        "costAndExpenses": 1868889000,
        "interestIncome": 729788000,
        "interestExpense": 727027000,
        "depreciationAndAmortization": 1216171000,
        "ebitda": -1506008000,
        "ebitdaratio": -0.473008358,
        "operatingIncome": -1506008000,
        "operatingIncomeRatio": -0.473008358,
        "totalOtherIncomeExpensesNet": 1357031000,
        "incomeBeforeTax": -148977000,
        "incomeBeforeTaxRatio": -0.0467908312,
        "incomeTaxExpense": -91207000,
        "netIncome": -57770000,
        "netIncomeRatio": -0.018144454,
        "eps": 0,
        "epsdiluted": 0,
        "weightedAverageShsOut": 0,
        "weightedAverageShsOutDil": 0,
        "link": "https://www.sec.gov/Archives/edgar/data/811830/000081183024000010/0000811830-24-000010-index.htm",
        "finalLink": "https://www.sec.gov/Archives/edgar/data/811830/000081183024000010/sov-20231231.htm"
    },
    {
        "date": "2023-09-30",
        "symbol": "SOV",
        "reportedCurrency": "USD",
        "cik": "0000811830",
        "fillingDate": "2023-11-03",
        "acceptedDate": "2023-11-03 15:10:23",
        "calendarYear": "2023",
        "period": "Q3",
        "revenue": 3147126000,
        "costOfRevenue": 0,
        "grossProfit": 3147126000,
        "grossProfitRatio": 1,
        "researchAndDevelopmentExpenses": 0,
        "generalAndAdministrativeExpenses": 1563844000,
        "sellingAndMarketingExpenses": 184168000,
        "sellingGeneralAndAdministrativeExpenses": 1748012000,
        "otherExpenses": 0,
        "operatingExpenses": 1748012000,
        "costAndExpenses": 1748012000,
        "interestIncome": 921441000,
        "interestExpense": 675050000,
        "depreciationAndAmortization": -39586,
        "ebitda": 0,
        "ebitdaratio": 0,
        "operatingIncome": -28014000,
        "operatingIncomeRatio": -0.0089014549,
        "totalOtherIncomeExpensesNet": -1427128000,
        "incomeBeforeTax": -28014000,
        "incomeBeforeTaxRatio": -0.0089014549,
        "incomeTaxExpense": -147767000,
        "netIncome": 119753000,
        "netIncomeRatio": 0.0380515429,
        "eps": 0,
        "epsdiluted": 0,
        "weightedAverageShsOut": 0,
        "weightedAverageShsOutDil": 0,
        "link": "https://www.sec.gov/Archives/edgar/data/811830/000081183023000036/0000811830-23-000036-index.htm",
        "finalLink": "https://www.sec.gov/Archives/edgar/data/811830/000081183023000036/sov-20230930.htm"
    },
    {
        "date": "2023-06-30",
        "symbol": "SOV",
        "reportedCurrency": "USD",
        "cik": "0000811830",
        "fillingDate": "2023-08-07",
        "acceptedDate": "2023-08-07 16:11:33",
        "calendarYear": "2023",
        "period": "Q2",
        "revenue": 3171922000,
        "costOfRevenue": 0,
        "grossProfit": 3171922000,
        "grossProfitRatio": 1,
        "researchAndDevelopmentExpenses": 0,
        "generalAndAdministrativeExpenses": 1557114000,
        "sellingAndMarketingExpenses": 169729000,
        "sellingGeneralAndAdministrativeExpenses": 1726843000,
        "otherExpenses": 0,
        "operatingExpenses": 1726843000,
        "costAndExpenses": 1726843000,
        "interestIncome": 913353000,
        "interestExpense": 766698000,
        "depreciationAndAmortization": 122085,
        "ebitda": 638661000,
        "ebitdaratio": 0.2013482677,
        "operatingIncome": 638661000,
        "operatingIncomeRatio": 0.2013482677,
        "totalOtherIncomeExpensesNet": 0,
        "incomeBeforeTax": 638661000,
        "incomeBeforeTaxRatio": 0.2013482677,
        "incomeTaxExpense": 64623000,
        "netIncome": 574038000,
        "netIncomeRatio": 0.1809748159,
        "eps": 0,
        "epsdiluted": 0,
        "weightedAverageShsOut": 0,
        "weightedAverageShsOutDil": 0,
        "link": "https://www.sec.gov/Archives/edgar/data/811830/000081183023000027/0000811830-23-000027-index.htm",
        "finalLink": "https://www.sec.gov/Archives/edgar/data/811830/000081183023000027/sov-20230630.htm"
    },
    {
        "date": "2023-03-31",
        "symbol": "SOV",
        "reportedCurrency": "USD",
        "cik": "0000811830",
        "fillingDate": "2023-05-05",
        "acceptedDate": "2023-05-05 15:04:25",
        "calendarYear": "2023",
        "period": "Q1",
        "revenue": 2852149000,
        "costOfRevenue": 0,
        "grossProfit": 2852149000,
        "grossProfitRatio": 1,
        "researchAndDevelopmentExpenses": 0,
        "generalAndAdministrativeExpenses": 1543174000,
        "sellingAndMarketingExpenses": 169293000,
        "sellingGeneralAndAdministrativeExpenses": 1712467000,
        "otherExpenses": 0,
        "operatingExpenses": 1712467000,
        "costAndExpenses": 1712467000,
        "interestIncome": 900267000,
        "interestExpense": 570275000,
        "depreciationAndAmortization": 651303000,
        "ebitda": 895361000,
        "ebitdaratio": 0.3139250439,
        "operatingIncome": 895361000,
        "operatingIncomeRatio": 0.3139250439,
        "totalOtherIncomeExpensesNet": -814596000,
        "incomeBeforeTax": 325086000,
        "incomeBeforeTaxRatio": 0.1139793188,
        "incomeTaxExpense": 28205000,
        "netIncome": 296881000,
        "netIncomeRatio": 0.1040902842,
        "eps": 0,
        "epsdiluted": 0,
        "weightedAverageShsOut": 0,
        "weightedAverageShsOutDil": 0,
        "link": "https://www.sec.gov/Archives/edgar/data/811830/000081183023000015/0000811830-23-000015-index.htm",
        "finalLink": "https://www.sec.gov/Archives/edgar/data/811830/000081183023000015/sov-20230331.htm"
    },
    {
        "date": "2022-12-31",
        "symbol": "SOV",
        "reportedCurrency": "USD",
        "cik": "0000811830",
        "fillingDate": "2023-03-03",
        "acceptedDate": "2023-03-03 15:50:55",
        "calendarYear": "2022",
        "period": "Q4",
        "revenue": 2479517000,
        "costOfRevenue": 0,
        "grossProfit": 2479517000,
        "grossProfitRatio": 1,
        "researchAndDevelopmentExpenses": 0,
        "generalAndAdministrativeExpenses": 1531280000,
        "sellingAndMarketingExpenses": 168084000,
        "sellingGeneralAndAdministrativeExpenses": 1699364000,
        "otherExpenses": 0,
        "operatingExpenses": 1699364000,
        "costAndExpenses": 1699364000,
        "interestIncome": -1483639000,
        "interestExpense": 127865000,
        "depreciationAndAmortization": -2119639000,
        "ebitda": -2177255000,
        "ebitdaratio": -0.8780964196,
        "operatingIncome": -2114374000,
        "operatingIncomeRatio": -0.8527362385,
        "totalOtherIncomeExpensesNet": 1928893000,
        "incomeBeforeTax": -185481000,
        "incomeBeforeTaxRatio": -0.0748052947,
        "incomeTaxExpense": -67432000,
        "netIncome": -118049000,
        "netIncomeRatio": -0.0476096756,
        "eps": 0,
        "epsdiluted": 0,
        "weightedAverageShsOut": 0,
        "weightedAverageShsOutDil": 0,
        "link": "https://www.sec.gov/Archives/edgar/data/811830/000081183023000005/0000811830-23-000005-index.htm",
        "finalLink": "https://www.sec.gov/Archives/edgar/data/811830/000081183023000005/sov-20221231.htm"
    },
    {
        "date": "2022-09-30",
        "symbol": "SOV",
        "reportedCurrency": "USD",
        "cik": "0000811830",
        "fillingDate": "2022-11-14",
        "acceptedDate": "2022-11-14 06:21:15",
        "calendarYear": "2022",
        "period": "Q3",
        "revenue": 2237624000,
        "costOfRevenue": 0,
        "grossProfit": 2237624000,
        "grossProfitRatio": 1,
        "researchAndDevelopmentExpenses": 0,
        "generalAndAdministrativeExpenses": 1574224000,
        "sellingAndMarketingExpenses": 161705000,
        "sellingGeneralAndAdministrativeExpenses": 1735929000,
        "otherExpenses": 0,
        "operatingExpenses": 1735929000,
        "costAndExpenses": 1735929000,
        "interestIncome": 2237624000,
        "interestExpense": 246066000,
        "depreciationAndAmortization": 725366000,
        "ebitda": 1275486000,
        "ebitdaratio": 0.5700180191,
        "operatingIncome": 550120000,
        "operatingIncomeRatio": 0.2458500624,
        "totalOtherIncomeExpensesNet": -246066000,
        "incomeBeforeTax": 304054000,
        "incomeBeforeTaxRatio": 0.1358825254,
        "incomeTaxExpense": 76227000,
        "netIncome": 227827000,
        "netIncomeRatio": 0.1018164803,
        "eps": 0,
        "epsdiluted": 0,
        "weightedAverageShsOut": 0,
        "weightedAverageShsOutDil": 0,
        "link": "https://www.sec.gov/Archives/edgar/data/811830/000081183022000039/0000811830-22-000039-index.htm",
        "finalLink": "https://www.sec.gov/Archives/edgar/data/811830/000081183022000039/sov-20220930.htm"
    },
    {
        "date": "2022-06-30",
        "symbol": "SOV",
        "reportedCurrency": "USD",
        "cik": "0000811830",
        "fillingDate": "2022-08-05",
        "acceptedDate": "2022-08-05 14:12:06",
        "calendarYear": "2022",
        "period": "Q2",
        "revenue": 1907714000,
        "costOfRevenue": 0,
        "grossProfit": 1907714000,
        "grossProfitRatio": 1,
        "researchAndDevelopmentExpenses": 0,
        "generalAndAdministrativeExpenses": 1533072000,
        "sellingAndMarketingExpenses": 176639000,
        "sellingGeneralAndAdministrativeExpenses": 1709711000,
        "otherExpenses": 0,
        "operatingExpenses": 1709711000,
        "costAndExpenses": 1709711000,
        "interestIncome": 1907714000,
        "interestExpense": 84682000,
        "depreciationAndAmortization": 1394273000,
        "ebitda": 2024493000,
        "ebitdaratio": 1.0612141023,
        "operatingIncome": 630220000,
        "operatingIncomeRatio": 0.3303535016,
        "totalOtherIncomeExpensesNet": 347535000,
        "incomeBeforeTax": 545538000,
        "incomeBeforeTaxRatio": 0.2859642483,
        "incomeTaxExpense": 106993000,
        "netIncome": 438545000,
        "netIncomeRatio": 0.2298798457,
        "eps": 0,
        "epsdiluted": 0,
        "weightedAverageShsOut": 0,
        "weightedAverageShsOutDil": 0,
        "link": "https://www.sec.gov/Archives/edgar/data/811830/000081183022000033/0000811830-22-000033-index.htm",
        "finalLink": "https://www.sec.gov/Archives/edgar/data/811830/000081183022000033/sov-20220630.htm"
    },
    {
        "date": "2021-12-31",
        "symbol": "SOV",
        "reportedCurrency": "USD",
        "cik": "0000811830",
        "fillingDate": "2022-03-07",
        "acceptedDate": "2022-03-07 14:49:48",
        "calendarYear": "2021",
        "period": "Q4",
        "revenue": 1756756000,
        "costOfRevenue": 0,
        "grossProfit": 1756756000,
        "grossProfitRatio": 1,
        "researchAndDevelopmentExpenses": 0,
        "generalAndAdministrativeExpenses": 1604653000,
        "sellingAndMarketingExpenses": 181484000,
        "sellingGeneralAndAdministrativeExpenses": 1786137000,
        "otherExpenses": 0,
        "operatingExpenses": 1786137000,
        "costAndExpenses": 1786137000,
        "interestIncome": 1017840000,
        "interestExpense": 252553000,
        "depreciationAndAmortization": 482056000,
        "ebitda": -3298176000,
        "ebitdaratio": -1.8774240703,
        "operatingIncome": -3298176000,
        "operatingIncomeRatio": -1.8774240703,
        "totalOtherIncomeExpensesNet": 4201193000,
        "incomeBeforeTax": 903017000,
        "incomeBeforeTaxRatio": 0.514025283,
        "incomeTaxExpense": 197775000,
        "netIncome": 569994000,
        "netIncomeRatio": 0.3244582628,
        "eps": 0,
        "epsdiluted": 0,
        "weightedAverageShsOut": 0,
        "weightedAverageShsOutDil": 0,
        "link": "https://www.sec.gov/Archives/edgar/data/811830/000081183022000016/0000811830-22-000016-index.htm",
        "finalLink": "https://www.sec.gov/Archives/edgar/data/811830/000081183022000016/sov-20211231.htm"
    },
    {
        "date": "2021-09-30",
        "symbol": "SOV",
        "reportedCurrency": "USD",
        "cik": "0000811830",
        "fillingDate": "2021-11-02",
        "acceptedDate": "2021-11-02 14:55:30",
        "calendarYear": "2021",
        "period": "Q3",
        "revenue": 1796338000,
        "costOfRevenue": 0,
        "grossProfit": 1796338000,
        "grossProfitRatio": 1,
        "researchAndDevelopmentExpenses": 0,
        "generalAndAdministrativeExpenses": 1498203000,
        "sellingAndMarketingExpenses": 149610000,
        "sellingGeneralAndAdministrativeExpenses": 1647813000,
        "otherExpenses": 0,
        "operatingExpenses": 1647813000,
        "costAndExpenses": 1647813000,
        "interestIncome": 1067564000,
        "interestExpense": 262187000,
        "depreciationAndAmortization": 54000,
        "ebitda": 1346260000,
        "ebitdaratio": 0.7494469304,
        "operatingIncome": 934034000,
        "operatingIncomeRatio": 0.5199656189,
        "totalOtherIncomeExpensesNet": 149985000,
        "incomeBeforeTax": 1084019000,
        "incomeBeforeTaxRatio": 0.6034604846,
        "incomeTaxExpense": 227335000,
        "netIncome": 706699000,
        "netIncomeRatio": 0.3934109282,
        "eps": 0,
        "epsdiluted": 0,
        "weightedAverageShsOut": 0,
        "weightedAverageShsOutDil": 0,
        "link": "https://www.sec.gov/Archives/edgar/data/811830/000081183021000036/0000811830-21-000036-index.htm",
        "finalLink": "https://www.sec.gov/Archives/edgar/data/811830/000081183021000036/sov-20210930.htm"
    },
    {
        "date": "2021-06-30",
        "symbol": "SOV",
        "reportedCurrency": "USD",
        "cik": "0000811830",
        "fillingDate": "2021-08-03",
        "acceptedDate": "2021-08-03 14:38:27",
        "calendarYear": "2021",
        "period": "Q2",
        "revenue": 1814928000,
        "costOfRevenue": 0,
        "grossProfit": 1814928000,
        "grossProfitRatio": 1,
        "researchAndDevelopmentExpenses": 0,
        "generalAndAdministrativeExpenses": 1492882000,
        "sellingAndMarketingExpenses": 139618000,
        "sellingGeneralAndAdministrativeExpenses": 1632500000,
        "otherExpenses": 0,
        "operatingExpenses": 1632500000,
        "costAndExpenses": 1632500000,
        "interestIncome": 1182287000,
        "interestExpense": 283093000,
        "depreciationAndAmortization": 55806,
        "ebitda": 1821670806,
        "ebitdaratio": 1.003715192,
        "operatingIncome": 1330266000,
        "operatingIncomeRatio": 0.7329580016,
        "totalOtherIncomeExpensesNet": 208256000,
        "incomeBeforeTax": 1538522000,
        "incomeBeforeTaxRatio": 0.8477041513,
        "incomeTaxExpense": 371644000,
        "netIncome": 958622000,
        "netIncomeRatio": 0.5281873441,
        "eps": 0,
        "epsdiluted": 0,
        "weightedAverageShsOut": 0,
        "weightedAverageShsOutDil": 0,
        "link": "https://www.sec.gov/Archives/edgar/data/811830/000081183021000027/0000811830-21-000027-index.htm",
        "finalLink": "https://www.sec.gov/Archives/edgar/data/811830/000081183021000027/sov-20210630.htm"
    },
    {
        "date": "2021-03-31",
        "symbol": "SOV",
        "reportedCurrency": "USD",
        "cik": "0000811830",
        "fillingDate": "2021-05-04",
        "acceptedDate": "2021-05-04 12:00:59",
        "calendarYear": "2021",
        "period": "Q1",
        "revenue": 1924907000,
        "costOfRevenue": 0,
        "grossProfit": 1924907000,
        "grossProfitRatio": 1,
        "researchAndDevelopmentExpenses": 0,
        "generalAndAdministrativeExpenses": 1548429000,
        "sellingAndMarketingExpenses": 134752000,
        "sellingGeneralAndAdministrativeExpenses": 1683181000,
        "otherExpenses": 0,
        "operatingExpenses": 1683181000,
        "costAndExpenses": 1683181000,
        "interestIncome": 1184496000,
        "interestExpense": 305575000,
        "depreciationAndAmortization": 643477000,
        "ebitda": 1033876000,
        "ebitdaratio": 0.53710439,
        "operatingIncome": 1033876000,
        "operatingIncomeRatio": 0.53710439,
        "totalOtherIncomeExpensesNet": 145456000,
        "incomeBeforeTax": 1179332000,
        "incomeBeforeTaxRatio": 0.6126695991,
        "incomeTaxExpense": 286829000,
        "netIncome": 747047000,
        "netIncomeRatio": 0.3880951132,
        "eps": 0,
        "epsdiluted": 0,
        "weightedAverageShsOut": 0,
        "weightedAverageShsOutDil": 0,
        "link": "https://www.sec.gov/Archives/edgar/data/811830/000081183021000013/0000811830-21-000013-index.htm",
        "finalLink": "https://www.sec.gov/Archives/edgar/data/811830/000081183021000013/sov-20210331.htm"
    },
    {
        "date": "2020-12-31",
        "symbol": "SOV",
        "reportedCurrency": "USD",
        "cik": "0000811830",
        "fillingDate": "2021-03-03",
        "acceptedDate": "2021-03-03 17:08:50",
        "calendarYear": "2020",
        "period": "Q4",
        "revenue": 1951188000,
        "costOfRevenue": 0,
        "grossProfit": 1951188000,
        "grossProfitRatio": 1,
        "researchAndDevelopmentExpenses": 0,
        "generalAndAdministrativeExpenses": 1625514000,
        "sellingAndMarketingExpenses": 162470000,
        "sellingGeneralAndAdministrativeExpenses": 1787984000,
        "otherExpenses": 0,
        "operatingExpenses": 1787984000,
        "costAndExpenses": 1787984000,
        "interestIncome": 961657000,
        "interestExpense": 337865000,
        "depreciationAndAmortization": 1099372000,
        "ebitda": 1499126000,
        "ebitdaratio": 0.7683144833,
        "operatingIncome": 1499126000,
        "operatingIncomeRatio": 0.7683144833,
        "totalOtherIncomeExpensesNet": -849035000,
        "incomeBeforeTax": 650091000,
        "incomeBeforeTaxRatio": 0.3331770183,
        "incomeTaxExpense": 162211000,
        "netIncome": 385906000,
        "netIncomeRatio": 0.1977800191,
        "eps": 0,
        "epsdiluted": 0,
        "weightedAverageShsOut": 0,
        "weightedAverageShsOutDil": 0,
        "link": "https://www.sec.gov/Archives/edgar/data/811830/000081183021000006/0000811830-21-000006-index.htm",
        "finalLink": "https://www.sec.gov/Archives/edgar/data/811830/000081183021000006/sov-20201231.htm"
    },
    {
        "date": "2020-09-30",
        "symbol": "SOV",
        "reportedCurrency": "USD",
        "cik": "0000811830",
        "fillingDate": "2020-11-06",
        "acceptedDate": "2020-11-06 16:11:53",
        "calendarYear": "2020",
        "period": "Q3",
        "revenue": 1991332000,
        "costOfRevenue": 0,
        "grossProfit": 1991332000,
        "grossProfitRatio": 1,
        "researchAndDevelopmentExpenses": 0,
        "generalAndAdministrativeExpenses": 1569228000,
        "sellingAndMarketingExpenses": 124211000,
        "sellingGeneralAndAdministrativeExpenses": 1693439000,
        "otherExpenses": 0,
        "operatingExpenses": 1693439000,
        "costAndExpenses": 1693439000,
        "interestIncome": 1174854000,
        "interestExpense": 369940000,
        "depreciationAndAmortization": 52750,
        "ebitda": 1191185750,
        "ebitdaratio": 0.5981854106,
        "operatingIncome": 719492000,
        "operatingIncomeRatio": 0.3613119259,
        "totalOtherIncomeExpensesNet": 101701000,
        "incomeBeforeTax": 821193000,
        "incomeBeforeTaxRatio": 0.4123837713,
        "incomeTaxExpense": -53343000,
        "netIncome": 772835000,
        "netIncomeRatio": 0.3880995233,
        "eps": 0,
        "epsdiluted": 0,
        "weightedAverageShsOut": 0,
        "weightedAverageShsOutDil": 0,
        "link": "https://www.sec.gov/Archives/edgar/data/811830/000081183020000026/0000811830-20-000026-index.htm",
        "finalLink": "https://www.sec.gov/Archives/edgar/data/811830/000081183020000026/sov-20200930.htm"
    },
    {
        "date": "2020-06-30",
        "symbol": "SOV",
        "reportedCurrency": "USD",
        "cik": "0000811830",
        "fillingDate": "2020-08-10",
        "acceptedDate": "2020-08-10 17:08:20",
        "calendarYear": "2020",
        "period": "Q2",
        "revenue": 1967789000,
        "costOfRevenue": 0,
        "grossProfit": 1967789000,
        "grossProfitRatio": 1,
        "researchAndDevelopmentExpenses": 0,
        "generalAndAdministrativeExpenses": 3429690000,
        "sellingAndMarketingExpenses": 126991000,
        "sellingGeneralAndAdministrativeExpenses": 3556681000,
        "otherExpenses": 0,
        "operatingExpenses": 3556681000,
        "costAndExpenses": 3556681000,
        "interestIncome": 786318000,
        "interestExpense": 428999000,
        "depreciationAndAmortization": 51116,
        "ebitda": -1183218884,
        "ebitdaratio": -0.6012935757,
        "operatingIncome": -2058578000,
        "operatingIncomeRatio": -1.0461375686,
        "totalOtherIncomeExpensesNet": -493063000,
        "incomeBeforeTax": -2081955000,
        "incomeBeforeTaxRatio": -1.0580173992,
        "incomeTaxExpense": -186151000,
        "netIncome": -1872427000,
        "netIncomeRatio": -0.9515385034,
        "eps": 0,
        "epsdiluted": 0,
        "weightedAverageShsOut": 0,
        "weightedAverageShsOutDil": 0,
        "link": "https://www.sec.gov/Archives/edgar/data/811830/000081183020000021/0000811830-20-000021-index.htm",
        "finalLink": "https://www.sec.gov/Archives/edgar/data/811830/000081183020000021/sov-20200630.htm"
    },
    {
        "date": "2020-03-31",
        "symbol": "SOV",
        "reportedCurrency": "USD",
        "cik": "0000811830",
        "fillingDate": "2020-05-07",
        "acceptedDate": "2020-05-07 15:21:45",
        "calendarYear": "2020",
        "period": "Q1",
        "revenue": 2109975000,
        "costOfRevenue": 0,
        "grossProfit": 2109975000,
        "grossProfitRatio": 1,
        "researchAndDevelopmentExpenses": 0,
        "generalAndAdministrativeExpenses": 1583802000,
        "sellingAndMarketingExpenses": 134990000,
        "sellingGeneralAndAdministrativeExpenses": 1718792000,
        "otherExpenses": 0,
        "operatingExpenses": 1718792000,
        "costAndExpenses": 1718792000,
        "interestIncome": 1027159000,
        "interestExpense": 523999000,
        "depreciationAndAmortization": 699060000,
        "ebitda": -160040000,
        "ebitdaratio": -0.0758492399,
        "operatingIncome": -160040000,
        "operatingIncomeRatio": -0.0758492399,
        "totalOtherIncomeExpensesNet": 3763000,
        "incomeBeforeTax": -156277000,
        "incomeBeforeTaxRatio": -0.0740658065,
        "incomeTaxExpense": -33362000,
        "netIncome": -126678000,
        "netIncomeRatio": -0.0600376782,
        "eps": 0,
        "epsdiluted": 0,
        "weightedAverageShsOut": 0,
        "weightedAverageShsOutDil": 0,
        "link": "https://www.sec.gov/Archives/edgar/data/811830/000081183020000013/0000811830-20-000013-index.htm",
        "finalLink": "https://www.sec.gov/Archives/edgar/data/811830/000081183020000013/santanderholdingsq12020.htm"
    },
    {
        "date": "2019-12-31",
        "symbol": "SOV",
        "reportedCurrency": "USD",
        "cik": "0000811830",
        "fillingDate": "2020-03-11",
        "acceptedDate": "2020-03-11 16:01:18",
        "calendarYear": "2019",
        "period": "Q4",
        "revenue": 2147955000,
        "costOfRevenue": 0,
        "grossProfit": 2147955000,
        "grossProfitRatio": 1,
        "researchAndDevelopmentExpenses": 0,
        "generalAndAdministrativeExpenses": 1647808000,
        "sellingAndMarketingExpenses": 174497000,
        "sellingGeneralAndAdministrativeExpenses": 1822305000,
        "otherExpenses": 0,
        "operatingExpenses": 1822305000,
        "costAndExpenses": 1822305000,
        "interestIncome": 869555000,
        "interestExpense": 548907000,
        "depreciationAndAmortization": 1434993000,
        "ebitda": -1050674000,
        "ebitdaratio": -0.4891508435,
        "operatingIncome": -1050674000,
        "operatingIncomeRatio": -0.4891508435,
        "totalOtherIncomeExpensesNet": 1263930000,
        "incomeBeforeTax": 213256000,
        "incomeBeforeTaxRatio": 0.0992832718,
        "incomeTaxExpense": 87732000,
        "netIncome": 86962000,
        "netIncomeRatio": 0.0404859506,
        "eps": 0,
        "epsdiluted": 0,
        "weightedAverageShsOut": 0,
        "weightedAverageShsOutDil": 0,
        "link": "https://www.sec.gov/Archives/edgar/data/811830/000081183020000002/0000811830-20-000002-index.htm",
        "finalLink": "https://www.sec.gov/Archives/edgar/data/811830/000081183020000002/santanderholdingsq42019.htm"
    },
    {
        "date": "2019-09-30",
        "symbol": "SOV",
        "reportedCurrency": "USD",
        "cik": "0000811830",
        "fillingDate": "2019-11-12",
        "acceptedDate": "2019-11-12 16:23:52",
        "calendarYear": "2019",
        "period": "Q3",
        "revenue": 2185107000,
        "costOfRevenue": 0,
        "grossProfit": 2185107000,
        "grossProfitRatio": 1,
        "researchAndDevelopmentExpenses": 0,
        "generalAndAdministrativeExpenses": 1633244000,
        "sellingAndMarketingExpenses": 178053000,
        "sellingGeneralAndAdministrativeExpenses": 1811297000,
        "otherExpenses": 0,
        "operatingExpenses": 1811297000,
        "costAndExpenses": 1811297000,
        "interestIncome": 1001132000,
        "interestExpense": 565997000,
        "depreciationAndAmortization": 44646,
        "ebitda": 949404646,
        "ebitdaratio": 0.4344888584,
        "operatingIncome": 316532000,
        "operatingIncomeRatio": 0.1448588101,
        "totalOtherIncomeExpensesNet": 66831000,
        "incomeBeforeTax": 383363000,
        "incomeBeforeTaxRatio": 0.1754435824,
        "incomeTaxExpense": 112927000,
        "netIncome": 203605000,
        "netIncomeRatio": 0.0931785034,
        "eps": 0,
        "epsdiluted": 0,
        "weightedAverageShsOut": 0,
        "weightedAverageShsOutDil": 0,
        "link": "https://www.sec.gov/Archives/edgar/data/811830/000081183019000035/0000811830-19-000035-index.htm",
        "finalLink": "https://www.sec.gov/Archives/edgar/data/811830/000081183019000035/santanderholdingsq32019.htm"
    },
    {
        "date": "2019-06-30",
        "symbol": "SOV",
        "reportedCurrency": "USD",
        "cik": "0000811830",
        "fillingDate": "2019-08-09",
        "acceptedDate": "2019-08-09 13:54:46",
        "calendarYear": "2019",
        "period": "Q2",
        "revenue": 2176090000,
        "costOfRevenue": 0,
        "grossProfit": 2176090000,
        "grossProfitRatio": 1,
        "researchAndDevelopmentExpenses": 0,
        "generalAndAdministrativeExpenses": 1542386000,
        "sellingAndMarketingExpenses": 152425000,
        "sellingGeneralAndAdministrativeExpenses": 1694811000,
        "otherExpenses": 0,
        "operatingExpenses": 1694811000,
        "costAndExpenses": 1694811000,
        "interestIncome": 962984000,
        "interestExpense": 554365000,
        "depreciationAndAmortization": 40963,
        "ebitda": 1116096963,
        "ebitdaratio": 0.5128909939,
        "operatingIncome": 450948000,
        "operatingIncomeRatio": 0.2072285613,
        "totalOtherIncomeExpensesNet": 110743000,
        "incomeBeforeTax": 561691000,
        "incomeBeforeTaxRatio": 0.2581193793,
        "incomeTaxExpense": 155326000,
        "netIncome": 295622000,
        "netIncomeRatio": 0.1358500797,
        "eps": 0,
        "epsdiluted": 0,
        "weightedAverageShsOut": 0,
        "weightedAverageShsOutDil": 0,
        "link": "https://www.sec.gov/Archives/edgar/data/811830/000081183019000025/0000811830-19-000025-index.htm",
        "finalLink": "https://www.sec.gov/Archives/edgar/data/811830/000081183019000025/santanderholdingsq22019.htm"
    },
    {
        "date": "2019-03-31",
        "symbol": "SOV",
        "reportedCurrency": "USD",
        "cik": "0000811830",
        "fillingDate": "2019-05-09",
        "acceptedDate": "2019-05-09 16:33:32",
        "calendarYear": "2019",
        "period": "Q1",
        "revenue": 2141043000,
        "costOfRevenue": 0,
        "grossProfit": 2141043000,
        "grossProfitRatio": 1,
        "researchAndDevelopmentExpenses": 0,
        "generalAndAdministrativeExpenses": 1542414000,
        "sellingAndMarketingExpenses": 151706000,
        "sellingGeneralAndAdministrativeExpenses": 1694120000,
        "otherExpenses": 0,
        "operatingExpenses": 1694120000,
        "costAndExpenses": 1694120000,
        "interestIncome": 895446000,
        "interestExpense": 538158000,
        "depreciationAndAmortization": 530112000,
        "ebitda": 283194000,
        "ebitdaratio": 0.1322691791,
        "operatingIncome": 283194000,
        "operatingIncomeRatio": 0.1322691791,
        "totalOtherIncomeExpensesNet": 72512000,
        "incomeBeforeTax": 355706000,
        "incomeBeforeTaxRatio": 0.1661367847,
        "incomeTaxExpense": 116214000,
        "netIncome": 166980000,
        "netIncomeRatio": 0.0779900264,
        "eps": 0,
        "epsdiluted": 0,
        "weightedAverageShsOut": 0,
        "weightedAverageShsOutDil": 0,
        "link": "https://www.sec.gov/Archives/edgar/data/811830/000081183019000010/0000811830-19-000010-index.htm",
        "finalLink": "https://www.sec.gov/Archives/edgar/data/811830/000081183019000010/santanderholdingsq12019.htm"
    },
    {
        "date": "2018-12-31",
        "symbol": "SOV",
        "reportedCurrency": "USD",
        "cik": "0000811830",
        "fillingDate": "2019-03-15",
        "acceptedDate": "2019-03-15 16:59:19",
        "calendarYear": "2018",
        "period": "Q4",
        "revenue": 2203448000,
        "costOfRevenue": 0,
        "grossProfit": 2203448000,
        "grossProfitRatio": 1,
        "researchAndDevelopmentExpenses": 0,
        "generalAndAdministrativeExpenses": 1599347000,
        "sellingAndMarketingExpenses": 135305000,
        "sellingGeneralAndAdministrativeExpenses": 1734652000,
        "otherExpenses": 0,
        "operatingExpenses": 1734652000,
        "costAndExpenses": 1734652000,
        "interestIncome": 799715000,
        "interestExpense": 490925000,
        "depreciationAndAmortization": 0,
        "ebitda": -978972000,
        "ebitdaratio": -0.4442909476,
        "operatingIncome": -978972000,
        "operatingIncomeRatio": -0.4442909476,
        "totalOtherIncomeExpensesNet": 1166029000,
        "incomeBeforeTax": 187057000,
        "incomeBeforeTaxRatio": 0.0848928588,
        "incomeTaxExpense": 52595000,
        "netIncome": 101737000,
        "netIncomeRatio": 0.0461717272,
        "eps": 0,
        "epsdiluted": 0,
        "weightedAverageShsOut": 0,
        "weightedAverageShsOutDil": 0,
        "link": "https://www.sec.gov/Archives/edgar/data/811830/000081183019000005/0000811830-19-000005-index.htm",
        "finalLink": "https://www.sec.gov/Archives/edgar/data/811830/000081183019000005/santanderholdings10-k2018.htm"
    },
    {
        "date": "2018-09-30",
        "symbol": "SOV",
        "reportedCurrency": "USD",
        "cik": "0000811830",
        "fillingDate": "2018-11-13",
        "acceptedDate": "2018-11-13 17:13:37",
        "calendarYear": "2018",
        "period": "Q3",
        "revenue": 2042938000,
        "costOfRevenue": 0,
        "grossProfit": 2042938000,
        "grossProfitRatio": 1,
        "researchAndDevelopmentExpenses": 0,
        "generalAndAdministrativeExpenses": 1410368000,
        "sellingAndMarketingExpenses": 146652000,
        "sellingGeneralAndAdministrativeExpenses": 1557020000,
        "otherExpenses": 0,
        "operatingExpenses": 1557020000,
        "costAndExpenses": 1557020000,
        "interestIncome": 822056000,
        "interestExpense": 444177000,
        "depreciationAndAmortization": 0,
        "ebitda": 276925000,
        "ebitdaratio": 0.1355523271,
        "operatingIncome": 276925000,
        "operatingIncomeRatio": 0.1355523271,
        "totalOtherIncomeExpensesNet": 72491000,
        "incomeBeforeTax": 349416000,
        "incomeBeforeTaxRatio": 0.1710360275,
        "incomeTaxExpense": 109949000,
        "netIncome": 166976000,
        "netIncomeRatio": 0.0817332685,
        "eps": 0,
        "epsdiluted": 0,
        "weightedAverageShsOut": 0,
        "weightedAverageShsOutDil": 0,
        "link": "https://www.sec.gov/Archives/edgar/data/811830/000081183018000037/0000811830-18-000037-index.htm",
        "finalLink": "https://www.sec.gov/Archives/edgar/data/811830/000081183018000037/santanderholdingsq32018.htm"
    },
    {
        "date": "2018-06-30",
        "symbol": "SOV",
        "reportedCurrency": "USD",
        "cik": "0000811830",
        "fillingDate": "2018-08-09",
        "acceptedDate": "2018-08-09 12:30:45",
        "calendarYear": "2018",
        "period": "Q2",
        "revenue": 1946603000,
        "costOfRevenue": 0,
        "grossProfit": 1946603000,
        "grossProfitRatio": 1,
        "researchAndDevelopmentExpenses": 0,
        "generalAndAdministrativeExpenses": 1416948000,
        "sellingAndMarketingExpenses": 156010000,
        "sellingGeneralAndAdministrativeExpenses": 1572958000,
        "otherExpenses": 0,
        "operatingExpenses": 1572958000,
        "costAndExpenses": 1572958000,
        "interestIncome": 819173000,
        "interestExpense": 408987000,
        "depreciationAndAmortization": 0,
        "ebitda": 423188000,
        "ebitdaratio": 0.217398206,
        "operatingIncome": 423188000,
        "operatingIncomeRatio": 0.217398206,
        "totalOtherIncomeExpensesNet": 104018000,
        "incomeBeforeTax": 527206000,
        "incomeBeforeTaxRatio": 0.2708338578,
        "incomeTaxExpense": 168035000,
        "netIncome": 255153000,
        "netIncomeRatio": 0.1310760335,
        "eps": 0,
        "epsdiluted": 0,
        "weightedAverageShsOut": 0,
        "weightedAverageShsOutDil": 0,
        "link": "https://www.sec.gov/Archives/edgar/data/811830/000081183018000026/0000811830-18-000026-index.htm",
        "finalLink": "https://www.sec.gov/Archives/edgar/data/811830/000081183018000026/santanderholdingsq22018.htm"
    },
    {
        "date": "2018-03-31",
        "symbol": "SOV",
        "reportedCurrency": "USD",
        "cik": "0000811830",
        "fillingDate": "2018-05-09",
        "acceptedDate": "2018-05-09 14:31:43",
        "calendarYear": "2018",
        "period": "Q1",
        "revenue": 1876064000,
        "costOfRevenue": 0,
        "grossProfit": 1876064000,
        "grossProfitRatio": 1,
        "researchAndDevelopmentExpenses": 0,
        "generalAndAdministrativeExpenses": 1405662000,
        "sellingAndMarketingExpenses": 152282000,
        "sellingGeneralAndAdministrativeExpenses": 1557944000,
        "otherExpenses": 0,
        "operatingExpenses": 1557944000,
        "costAndExpenses": 1557944000,
        "interestIncome": 803364000,
        "interestExpense": 380114000,
        "depreciationAndAmortization": 0,
        "ebitda": 278859000,
        "ebitdaratio": 0.1486404515,
        "operatingIncome": 278859000,
        "operatingIncomeRatio": 0.1486404515,
        "totalOtherIncomeExpensesNet": 74397000,
        "incomeBeforeTax": 353256000,
        "incomeBeforeTaxRatio": 0.1882963481,
        "incomeTaxExpense": 95321000,
        "netIncome": 183538000,
        "netIncomeRatio": 0.0978314173,
        "eps": 0,
        "epsdiluted": 0,
        "weightedAverageShsOut": 0,
        "weightedAverageShsOutDil": 0,
        "link": "https://www.sec.gov/Archives/edgar/data/811830/000081183018000013/0000811830-18-000013-index.htm",
        "finalLink": "https://www.sec.gov/Archives/edgar/data/811830/000081183018000013/santanderholdingsq12018.htm"
    },
    {
        "date": "2017-12-31",
        "symbol": "SOV",
        "reportedCurrency": "USD",
        "cik": "0000811830",
        "fillingDate": "2018-03-19",
        "acceptedDate": "2018-03-19 16:44:10",
        "calendarYear": "2017",
        "period": "Q4",
        "revenue": 1877196000,
        "costOfRevenue": 0,
        "grossProfit": 1877196000,
        "grossProfitRatio": 1,
        "researchAndDevelopmentExpenses": 0,
        "generalAndAdministrativeExpenses": 1575162000,
        "sellingAndMarketingExpenses": 489523000,
        "sellingGeneralAndAdministrativeExpenses": 2064685000,
        "otherExpenses": 0,
        "operatingExpenses": 2064685000,
        "costAndExpenses": 2064685000,
        "interestIncome": 677489000,
        "interestExpense": 361565000,
        "depreciationAndAmortization": 0,
        "ebitda": -722320000,
        "ebitdaratio": -0.3847866712,
        "operatingIncome": -722320000,
        "operatingIncomeRatio": -0.3847866712,
        "totalOtherIncomeExpensesNet": 589893000,
        "incomeBeforeTax": -132427000,
        "incomeBeforeTaxRatio": -0.0705451109,
        "incomeTaxExpense": -416702000,
        "netIncome": 284275000,
        "netIncomeRatio": 0.1514359715,
        "eps": 0,
        "epsdiluted": 0,
        "weightedAverageShsOut": 0,
        "weightedAverageShsOutDil": 0,
        "link": "https://www.sec.gov/Archives/edgar/data/811830/000081183018000006/0000811830-18-000006-index.htm",
        "finalLink": "https://www.sec.gov/Archives/edgar/data/811830/000081183018000006/santanderholdings10-k2017.htm"
    },
    {
        "date": "2017-09-30",
        "symbol": "SOV",
        "reportedCurrency": "USD",
        "cik": "0000811830",
        "fillingDate": "2017-11-13",
        "acceptedDate": "2017-11-13 11:08:19",
        "calendarYear": "2017",
        "period": "Q3",
        "revenue": 1953900000,
        "costOfRevenue": 0,
        "grossProfit": 1953900000,
        "grossProfitRatio": 1,
        "researchAndDevelopmentExpenses": 0,
        "generalAndAdministrativeExpenses": 1343545000,
        "sellingAndMarketingExpenses": 23424000,
        "sellingGeneralAndAdministrativeExpenses": 1366969000,
        "otherExpenses": 0,
        "operatingExpenses": 1366969000,
        "costAndExpenses": 1366969000,
        "interestIncome": 794722000,
        "interestExpense": 379840000,
        "depreciationAndAmortization": 0,
        "ebitda": 255280000,
        "ebitdaratio": 0.1306515175,
        "operatingIncome": 255280000,
        "operatingIncomeRatio": 0.1306515175,
        "totalOtherIncomeExpensesNet": 75195000,
        "incomeBeforeTax": 330475000,
        "incomeBeforeTaxRatio": 0.1691360868,
        "incomeTaxExpense": 93448000,
        "netIncome": 161832000,
        "netIncomeRatio": 0.082825119,
        "eps": 0,
        "epsdiluted": 0,
        "weightedAverageShsOut": 0,
        "weightedAverageShsOutDil": 0,
        "link": "https://www.sec.gov/Archives/edgar/data/811830/000081183017000037/0000811830-17-000037-index.htm",
        "finalLink": "https://www.sec.gov/Archives/edgar/data/811830/000081183017000037/santanderholdingsq32017.htm"
    },
    {
        "date": "2017-06-30",
        "symbol": "SOV",
        "reportedCurrency": "USD",
        "cik": "0000811830",
        "fillingDate": "2017-08-11",
        "acceptedDate": "2017-08-10 21:22:46",
        "calendarYear": "2017",
        "period": "Q2",
        "revenue": 1999445000,
        "costOfRevenue": 0,
        "grossProfit": 1999445000,
        "grossProfitRatio": 1,
        "researchAndDevelopmentExpenses": 0,
        "generalAndAdministrativeExpenses": 1341636000,
        "sellingAndMarketingExpenses": 36754000,
        "sellingGeneralAndAdministrativeExpenses": 1378390000,
        "otherExpenses": 0,
        "operatingExpenses": 1378390000,
        "costAndExpenses": 1378390000,
        "interestIncome": 728947000,
        "interestExpense": 357696000,
        "depreciationAndAmortization": 0,
        "ebitda": 275022000,
        "ebitdaratio": 0.1375491699,
        "operatingIncome": 275022000,
        "operatingIncomeRatio": 0.1375491699,
        "totalOtherIncomeExpensesNet": 104724000,
        "incomeBeforeTax": 379746000,
        "incomeBeforeTaxRatio": 0.1899257044,
        "incomeTaxExpense": 91983000,
        "netIncome": 183039000,
        "netIncomeRatio": 0.0915449037,
        "eps": 0,
        "epsdiluted": 0,
        "weightedAverageShsOut": 0,
        "weightedAverageShsOutDil": 0,
        "link": "https://www.sec.gov/Archives/edgar/data/811830/000081183017000025/0000811830-17-000025-index.htm",
        "finalLink": "https://www.sec.gov/Archives/edgar/data/811830/000081183017000025/santanderholdingsq22017.htm"
    },
    {
        "date": "2017-03-31",
        "symbol": "SOV",
        "reportedCurrency": "USD",
        "cik": "0000811830",
        "fillingDate": "2017-05-11",
        "acceptedDate": "2017-05-11 17:06:25",
        "calendarYear": "2017",
        "period": "Q1",
        "revenue": 1955593000,
        "costOfRevenue": 0,
        "grossProfit": 1955593000,
        "grossProfitRatio": 1,
        "researchAndDevelopmentExpenses": 0,
        "generalAndAdministrativeExpenses": 1309816000,
        "sellingAndMarketingExpenses": 31463000,
        "sellingGeneralAndAdministrativeExpenses": 1341279000,
        "otherExpenses": 0,
        "operatingExpenses": 1341279000,
        "costAndExpenses": 1341279000,
        "interestIncome": 728418000,
        "interestExpense": 353028000,
        "depreciationAndAmortization": 0,
        "ebitda": 192018000,
        "ebitdaratio": 0.0981891426,
        "operatingIncome": 192018000,
        "operatingIncomeRatio": 0.0981891426,
        "totalOtherIncomeExpensesNet": 50628000,
        "incomeBeforeTax": 242646000,
        "incomeBeforeTaxRatio": 0.1240779651,
        "incomeTaxExpense": 78937000,
        "netIncome": 113081000,
        "netIncomeRatio": 0.0578244042,
        "eps": 0,
        "epsdiluted": 0,
        "weightedAverageShsOut": 0,
        "weightedAverageShsOutDil": 0,
        "link": "https://www.sec.gov/Archives/edgar/data/811830/000081183017000016/0000811830-17-000016-index.htm",
        "finalLink": "https://www.sec.gov/Archives/edgar/data/811830/000081183017000016/santanderholdingsq12017.htm"
    },
    {
        "date": "2016-12-31",
        "symbol": "SOV",
        "reportedCurrency": "USD",
        "cik": "0000811830",
        "fillingDate": "2017-03-20",
        "acceptedDate": "2017-03-20 16:54:14",
        "calendarYear": "2016",
        "period": "Q4",
        "revenue": 2107495000,
        "costOfRevenue": 0,
        "grossProfit": 2107495000,
        "grossProfitRatio": 1,
        "researchAndDevelopmentExpenses": 0,
        "generalAndAdministrativeExpenses": 1588085000,
        "sellingAndMarketingExpenses": 36914000,
        "sellingGeneralAndAdministrativeExpenses": 1624999000,
        "otherExpenses": 0,
        "operatingExpenses": 1624999000,
        "costAndExpenses": 1624999000,
        "interestIncome": 814449000,
        "interestExpense": 365428000,
        "depreciationAndAmortization": 0,
        "ebitda": -685978000,
        "ebitdaratio": -0.3254944852,
        "operatingIncome": -685978000,
        "operatingIncomeRatio": -0.3254944852,
        "totalOtherIncomeExpensesNet": 768334000,
        "incomeBeforeTax": 82356000,
        "incomeBeforeTaxRatio": 0.0390776728,
        "incomeTaxExpense": 5409000,
        "netIncome": 76947000,
        "netIncomeRatio": 0.0365111187,
        "eps": 0,
        "epsdiluted": 0,
        "weightedAverageShsOut": 0,
        "weightedAverageShsOutDil": 0,
        "link": "https://www.sec.gov/Archives/edgar/data/811830/000081183017000006/0000811830-17-000006-index.htm",
        "finalLink": "https://www.sec.gov/Archives/edgar/data/811830/000081183017000006/santanderholdings10-k2016.htm"
    },
    {
        "date": "2016-09-30",
        "symbol": "SOV",
        "reportedCurrency": "USD",
        "cik": "0000811830",
        "fillingDate": "2016-12-12",
        "acceptedDate": "2016-12-12 14:38:42",
        "calendarYear": "2016",
        "period": "Q3",
        "revenue": 1970962000,
        "costOfRevenue": 0,
        "grossProfit": 1970962000,
        "grossProfitRatio": 1,
        "researchAndDevelopmentExpenses": 0,
        "generalAndAdministrativeExpenses": 1281275000,
        "sellingAndMarketingExpenses": 35944000,
        "sellingGeneralAndAdministrativeExpenses": 1317219000,
        "otherExpenses": 0,
        "operatingExpenses": 1317219000,
        "costAndExpenses": 1317219000,
        "interestIncome": 727994000,
        "interestExpense": 349832000,
        "depreciationAndAmortization": 0,
        "ebitda": 256294000,
        "ebitdaratio": 0.1300349778,
        "operatingIncome": 256294000,
        "operatingIncomeRatio": 0.1300349778,
        "totalOtherIncomeExpensesNet": 77672000,
        "incomeBeforeTax": 333966000,
        "incomeBeforeTaxRatio": 0.169443145,
        "incomeTaxExpense": 108320000,
        "netIncome": 147974000,
        "netIncomeRatio": 0.0750770436,
        "eps": 0,
        "epsdiluted": 0,
        "weightedAverageShsOut": 0,
        "weightedAverageShsOutDil": 0,
        "link": "https://www.sec.gov/Archives/edgar/data/811830/000081183016000088/0000811830-16-000088-index.htm",
        "finalLink": "https://www.sec.gov/Archives/edgar/data/811830/000081183016000088/santanderholdingsq32016.htm"
    },
    {
        "date": "2016-06-30",
        "symbol": "SOV",
        "reportedCurrency": "USD",
        "cik": "0000811830",
        "fillingDate": "2016-12-08",
        "acceptedDate": "2016-12-07 19:17:05",
        "calendarYear": "2016",
        "period": "Q2",
        "revenue": 1941790000,
        "costOfRevenue": 0,
        "grossProfit": 1941790000,
        "grossProfitRatio": 1,
        "researchAndDevelopmentExpenses": 0,
        "generalAndAdministrativeExpenses": 1143577000,
        "sellingAndMarketingExpenses": 20718000,
        "sellingGeneralAndAdministrativeExpenses": 1164295000,
        "otherExpenses": 0,
        "operatingExpenses": 1164295000,
        "costAndExpenses": 1164295000,
        "interestIncome": 615561000,
        "interestExpense": 356347000,
        "depreciationAndAmortization": 0,
        "ebitda": 279236000,
        "ebitdaratio": 0.1438033979,
        "operatingIncome": 279236000,
        "operatingIncomeRatio": 0.1438033979,
        "totalOtherIncomeExpensesNet": 108472000,
        "incomeBeforeTax": 387708000,
        "incomeBeforeTaxRatio": 0.1996652573,
        "incomeTaxExpense": 134590000,
        "netIncome": 144646000,
        "netIncomeRatio": 0.0744910624,
        "eps": 0,
        "epsdiluted": 0,
        "weightedAverageShsOut": 0,
        "weightedAverageShsOutDil": 0,
        "link": "https://www.sec.gov/Archives/edgar/data/811830/000081183016000084/0000811830-16-000084-index.htm",
        "finalLink": "https://www.sec.gov/Archives/edgar/data/811830/000081183016000084/santanderholdingsq22016.htm"
    },
    {
        "date": "2016-03-31",
        "symbol": "SOV",
        "reportedCurrency": "USD",
        "cik": "0000811830",
        "fillingDate": "2016-05-13",
        "acceptedDate": "2016-05-13 14:21:43",
        "calendarYear": "2016",
        "period": "Q1",
        "revenue": 1969504000,
        "costOfRevenue": 0,
        "grossProfit": 1969504000,
        "grossProfitRatio": 1,
        "researchAndDevelopmentExpenses": 0,
        "generalAndAdministrativeExpenses": 1109274000,
        "sellingAndMarketingExpenses": 19282000,
        "sellingGeneralAndAdministrativeExpenses": 1128556000,
        "otherExpenses": 0,
        "operatingExpenses": 1128556000,
        "costAndExpenses": 1128556000,
        "interestIncome": 597701000,
        "interestExpense": 353452000,
        "depreciationAndAmortization": 0,
        "ebitda": 150448000,
        "ebitdaratio": 0.0763887761,
        "operatingIncome": 150448000,
        "operatingIncomeRatio": 0.0763887761,
        "totalOtherIncomeExpensesNet": 0,
        "incomeBeforeTax": 150448000,
        "incomeBeforeTaxRatio": 0.0763887761,
        "incomeTaxExpense": 65396000,
        "netIncome": 85052000,
        "netIncomeRatio": 0.0431844769,
        "eps": 0,
        "epsdiluted": 0,
        "weightedAverageShsOut": 0,
        "weightedAverageShsOutDil": 0,
        "link": "https://www.sec.gov/Archives/edgar/data/811830/000081183016000053/0000811830-16-000053-index.htm",
        "finalLink": "https://www.sec.gov/Archives/edgar/data/811830/000081183016000053/santanderholdingsq12016.htm"
    },
    {
        "date": "2015-12-31",
        "symbol": "SOV",
        "reportedCurrency": "USD",
        "cik": "0000811830",
        "fillingDate": "2016-04-14",
        "acceptedDate": "2016-04-14 17:23:36",
        "calendarYear": "2015",
        "period": "Q4",
        "revenue": 1932876000,
        "costOfRevenue": 0,
        "grossProfit": 1932876000,
        "grossProfitRatio": 1,
        "researchAndDevelopmentExpenses": 0,
        "generalAndAdministrativeExpenses": 1226772000,
        "sellingAndMarketingExpenses": 22266000,
        "sellingGeneralAndAdministrativeExpenses": 1249038000,
        "otherExpenses": 0,
        "operatingExpenses": 1249038000,
        "costAndExpenses": 1249038000,
        "interestIncome": 515174000,
        "interestExpense": 328320000,
        "depreciationAndAmortization": 0,
        "ebitda": -747999000,
        "ebitdaratio": -0.3869875771,
        "operatingIncome": -747999000,
        "operatingIncomeRatio": -0.3869875771,
        "totalOtherIncomeExpensesNet": -3893202000,
        "incomeBeforeTax": -4703935000,
        "incomeBeforeTaxRatio": -2.4336455106,
        "incomeTaxExpense": -1038590000,
        "netIncome": -3518748000,
        "netIncomeRatio": -1.8204727049,
        "eps": 0,
        "epsdiluted": 0,
        "weightedAverageShsOut": 0,
        "weightedAverageShsOutDil": 0,
        "link": "https://www.sec.gov/Archives/edgar/data/811830/000081183016000045/0000811830-16-000045-index.htm",
        "finalLink": "https://www.sec.gov/Archives/edgar/data/811830/000081183016000045/santanderholdings10-k2015.htm"
    },
    {
        "date": "2015-09-30",
        "symbol": "SOV",
        "reportedCurrency": "USD",
        "cik": "0000811830",
        "fillingDate": "2015-11-13",
        "acceptedDate": "2015-11-13 14:06:12",
        "calendarYear": "2015",
        "period": "Q3",
        "revenue": 1933451000,
        "costOfRevenue": 0,
        "grossProfit": 1933451000,
        "grossProfitRatio": 1,
        "researchAndDevelopmentExpenses": 0,
        "generalAndAdministrativeExpenses": 1058412000,
        "sellingAndMarketingExpenses": 25731000,
        "sellingGeneralAndAdministrativeExpenses": 1084143000,
        "otherExpenses": 0,
        "operatingExpenses": 1084143000,
        "costAndExpenses": 1084143000,
        "interestIncome": 718995000,
        "interestExpense": 299562000,
        "depreciationAndAmortization": 0,
        "ebitda": 327576000,
        "ebitdaratio": 0.1694255505,
        "operatingIncome": 327576000,
        "operatingIncomeRatio": 0.1694255505,
        "totalOtherIncomeExpensesNet": 0,
        "incomeBeforeTax": 327576000,
        "incomeBeforeTaxRatio": 0.1694255505,
        "incomeTaxExpense": 201369000,
        "netIncome": 126207000,
        "netIncomeRatio": 0.06527551,
        "eps": 0,
        "epsdiluted": 0,
        "weightedAverageShsOut": 0,
        "weightedAverageShsOutDil": 0,
        "link": "https://www.sec.gov/Archives/edgar/data/811830/000081183015000023/0000811830-15-000023-index.htm",
        "finalLink": "https://www.sec.gov/Archives/edgar/data/811830/000081183015000023/santanderholdingsq32015.htm"
    },
    {
        "date": "2015-06-30",
        "symbol": "SOV",
        "reportedCurrency": "USD",
        "cik": "0000811830",
        "fillingDate": "2015-08-12",
        "acceptedDate": "2015-08-12 16:35:34",
        "calendarYear": "2015",
        "period": "Q2",
        "revenue": 2024354000,
        "costOfRevenue": 0,
        "grossProfit": 2024354000,
        "grossProfitRatio": 1,
        "researchAndDevelopmentExpenses": 0,
        "generalAndAdministrativeExpenses": 1032599000,
        "sellingAndMarketingExpenses": 17841000,
        "sellingGeneralAndAdministrativeExpenses": 1050440000,
        "otherExpenses": 0,
        "operatingExpenses": 1050440000,
        "costAndExpenses": 1050440000,
        "interestIncome": 704083000,
        "interestExpense": 297575000,
        "depreciationAndAmortization": 0,
        "ebitda": 298098000,
        "ebitdaratio": 0.1472558653,
        "operatingIncome": 298098000,
        "operatingIncomeRatio": 0.1472558653,
        "totalOtherIncomeExpensesNet": 105172000,
        "incomeBeforeTax": 403270000,
        "incomeBeforeTaxRatio": 0.1992092292,
        "incomeTaxExpense": 125074000,
        "netIncome": 173024000,
        "netIncomeRatio": 0.085471217,
        "eps": 0,
        "epsdiluted": 0,
        "weightedAverageShsOut": 0,
        "weightedAverageShsOutDil": 0,
        "link": "https://www.sec.gov/Archives/edgar/data/811830/000081183015000016/0000811830-15-000016-index.htm",
        "finalLink": "https://www.sec.gov/Archives/edgar/data/811830/000081183015000016/santanderholdingsq22015.htm"
    },
    {
        "date": "2015-03-31",
        "symbol": "SOV",
        "reportedCurrency": "USD",
        "cik": "0000811830",
        "fillingDate": "2015-05-13",
        "acceptedDate": "2015-05-13 15:12:34",
        "calendarYear": "2015",
        "period": "Q1",
        "revenue": 1901925000,
        "costOfRevenue": 0,
        "grossProfit": 1901925000,
        "grossProfitRatio": 1,
        "researchAndDevelopmentExpenses": 0,
        "generalAndAdministrativeExpenses": 959507000,
        "sellingAndMarketingExpenses": 14341000,
        "sellingGeneralAndAdministrativeExpenses": 973848000,
        "otherExpenses": 0,
        "operatingExpenses": 973848000,
        "costAndExpenses": 973848000,
        "interestIncome": 586503000,
        "interestExpense": 278868000,
        "depreciationAndAmortization": 0,
        "ebitda": 122325000,
        "ebitdaratio": 0.0643164163,
        "operatingIncome": 122325000,
        "operatingIncomeRatio": 0.0643164163,
        "totalOtherIncomeExpensesNet": 41425000,
        "incomeBeforeTax": 163750000,
        "incomeBeforeTaxRatio": 0.0860969807,
        "incomeTaxExpense": 36909000,
        "netIncome": 85416000,
        "netIncomeRatio": 0.0449102883,
        "eps": 0,
        "epsdiluted": 0,
        "weightedAverageShsOut": 0,
        "weightedAverageShsOutDil": 0,
        "link": "https://www.sec.gov/Archives/edgar/data/811830/000081183015000010/0000811830-15-000010-index.htm",
        "finalLink": "https://www.sec.gov/Archives/edgar/data/811830/000081183015000010/santanderholdingsq12015.htm"
    },
    {
        "date": "2014-12-31",
        "symbol": "SOV",
        "reportedCurrency": "USD",
        "cik": "0000811830",
        "fillingDate": "2015-03-18",
        "acceptedDate": "2015-03-18 15:36:10",
        "calendarYear": "2014",
        "period": "Q4",
        "revenue": 1875471000,
        "costOfRevenue": 0,
        "grossProfit": 1875471000,
        "grossProfitRatio": 1,
        "researchAndDevelopmentExpenses": 0,
        "generalAndAdministrativeExpenses": 1021698000,
        "sellingAndMarketingExpenses": 15371000,
        "sellingGeneralAndAdministrativeExpenses": 1037069000,
        "otherExpenses": 0,
        "operatingExpenses": 1037069000,
        "costAndExpenses": 1037069000,
        "interestIncome": 736301000,
        "interestExpense": 278313000,
        "depreciationAndAmortization": 0,
        "ebitda": -3463372000,
        "ebitdaratio": -1.8466678504,
        "operatingIncome": -3463372000,
        "operatingIncomeRatio": -1.8466678504,
        "totalOtherIncomeExpensesNet": 3822805000,
        "incomeBeforeTax": 359433000,
        "incomeBeforeTaxRatio": 0.1916494577,
        "incomeTaxExpense": 127269000,
        "netIncome": 530797000,
        "netIncomeRatio": 0.2830206385,
        "eps": 0,
        "epsdiluted": 0,
        "weightedAverageShsOut": 0,
        "weightedAverageShsOutDil": 0,
        "link": "https://www.sec.gov/Archives/edgar/data/811830/000081183015000004/0000811830-15-000004-index.htm",
        "finalLink": "https://www.sec.gov/Archives/edgar/data/811830/000081183015000004/santanderholdings10-k2014.htm"
    },
    {
        "date": "2014-09-30",
        "symbol": "SOV",
        "reportedCurrency": "USD",
        "cik": "0000811830",
        "fillingDate": "2014-11-17",
        "acceptedDate": "2014-11-14 17:50:40",
        "calendarYear": "2014",
        "period": "Q3",
        "revenue": 1895020000,
        "costOfRevenue": 0,
        "grossProfit": 1895020000,
        "grossProfitRatio": 1,
        "researchAndDevelopmentExpenses": 0,
        "generalAndAdministrativeExpenses": 919743000,
        "sellingAndMarketingExpenses": 11858000,
        "sellingGeneralAndAdministrativeExpenses": 931601000,
        "otherExpenses": 0,
        "operatingExpenses": 931601000,
        "costAndExpenses": 931601000,
        "interestIncome": 643826000,
        "interestExpense": 269544000,
        "depreciationAndAmortization": 0,
        "ebitda": 240774000,
        "ebitdaratio": 0.1270561788,
        "operatingIncome": 240774000,
        "operatingIncomeRatio": 0.1270561788,
        "totalOtherIncomeExpensesNet": 54420000,
        "incomeBeforeTax": 295194000,
        "incomeBeforeTaxRatio": 0.1557735538,
        "incomeTaxExpense": 36102000,
        "netIncome": 204672000,
        "netIncomeRatio": 0.1080051926,
        "eps": 0,
        "epsdiluted": 0,
        "weightedAverageShsOut": 0,
        "weightedAverageShsOutDil": 0,
        "link": "https://www.sec.gov/Archives/edgar/data/811830/000081183014000029/0000811830-14-000029-index.htm",
        "finalLink": "https://www.sec.gov/Archives/edgar/data/811830/000081183014000029/santanderholdingsq32014.htm"
    },
    {
        "date": "2014-06-30",
        "symbol": "SOV",
        "reportedCurrency": "USD",
        "cik": "0000811830",
        "fillingDate": "2014-08-14",
        "acceptedDate": "2014-08-14 08:25:37",
        "calendarYear": "2014",
        "period": "Q2",
        "revenue": 1862799000,
        "costOfRevenue": 0,
        "grossProfit": 1862799000,
        "grossProfitRatio": 1,
        "researchAndDevelopmentExpenses": 0,
        "generalAndAdministrativeExpenses": 870238000,
        "sellingAndMarketingExpenses": 11119000,
        "sellingGeneralAndAdministrativeExpenses": 881357000,
        "otherExpenses": 0,
        "operatingExpenses": 881357000,
        "costAndExpenses": 881357000,
        "interestIncome": 638290000,
        "interestExpense": 272765000,
        "depreciationAndAmortization": 0,
        "ebitda": 402588000,
        "ebitdaratio": 0.2161199356,
        "operatingIncome": 402588000,
        "operatingIncomeRatio": 0.2161199356,
        "totalOtherIncomeExpensesNet": 136473000,
        "incomeBeforeTax": 539061000,
        "incomeBeforeTaxRatio": 0.2893822683,
        "incomeTaxExpense": 199746000,
        "netIncome": 202842000,
        "netIncomeRatio": 0.1088909754,
        "eps": 0,
        "epsdiluted": 0,
        "weightedAverageShsOut": 0,
        "weightedAverageShsOutDil": 0,
        "link": "https://www.sec.gov/Archives/edgar/data/811830/000081183014000021/0000811830-14-000021-index.htm",
        "finalLink": "https://www.sec.gov/Archives/edgar/data/811830/000081183014000021/santanderholdingsq22014.htm"
    },
    {
        "date": "2014-03-31",
        "symbol": "SOV",
        "reportedCurrency": "USD",
        "cik": "0000811830",
        "fillingDate": "2014-05-15",
        "acceptedDate": "2014-05-15 16:01:30",
        "calendarYear": "2014",
        "period": "Q1",
        "revenue": 1406206000,
        "costOfRevenue": 0,
        "grossProfit": 1406206000,
        "grossProfitRatio": 1,
        "researchAndDevelopmentExpenses": 0,
        "generalAndAdministrativeExpenses": 738514000,
        "sellingAndMarketingExpenses": 14100000,
        "sellingGeneralAndAdministrativeExpenses": 752614000,
        "otherExpenses": 0,
        "operatingExpenses": 752614000,
        "costAndExpenses": 752614000,
        "interestIncome": 2861256000,
        "interestExpense": 234101000,
        "depreciationAndAmortization": 0,
        "ebitda": 2820010000,
        "ebitdaratio": 2.0054031913,
        "operatingIncome": 2820010000,
        "operatingIncomeRatio": 2.0054031913,
        "totalOtherIncomeExpensesNet": 107740000,
        "incomeBeforeTax": 2927750000,
        "incomeBeforeTaxRatio": 2.0820206997,
        "incomeTaxExpense": 1050107000,
        "netIncome": 1769903000,
        "netIncomeRatio": 1.2586370702,
        "eps": 0,
        "epsdiluted": 0,
        "weightedAverageShsOut": 0,
        "weightedAverageShsOutDil": 0,
        "link": "https://www.sec.gov/Archives/edgar/data/811830/000081183014000014/0000811830-14-000014-index.htm",
        "finalLink": "https://www.sec.gov/Archives/edgar/data/811830/000081183014000014/santanderholdingsq12014.htm"
    },
    {
        "date": "2013-12-31",
        "symbol": "SOV",
        "reportedCurrency": "USD",
        "cik": "0000811830",
        "fillingDate": "2014-03-14",
        "acceptedDate": "2014-03-14 16:27:01",
        "calendarYear": "2013",
        "period": "Q4",
        "revenue": 550386000,
        "costOfRevenue": 0,
        "grossProfit": 550386000,
        "grossProfitRatio": 1,
        "researchAndDevelopmentExpenses": 0,
        "generalAndAdministrativeExpenses": 452484000,
        "sellingAndMarketingExpenses": 25686000,
        "sellingGeneralAndAdministrativeExpenses": 478170000,
        "otherExpenses": 0,
        "operatingExpenses": 478170000,
        "costAndExpenses": 478170000,
        "interestIncome": 217072000,
        "interestExpense": 186591000,
        "depreciationAndAmortization": 0,
        "ebitda": -706803000,
        "ebitdaratio": -1.2841950922,
        "operatingIncome": -706803000,
        "operatingIncomeRatio": -1.2841950922,
        "totalOtherIncomeExpensesNet": 788403000,
        "incomeBeforeTax": 81600000,
        "incomeBeforeTaxRatio": 0.1482595851,
        "incomeTaxExpense": 3630000,
        "netIncome": 77970000,
        "netIncomeRatio": 0.1416642138,
        "eps": 0,
        "epsdiluted": 0,
        "weightedAverageShsOut": 0,
        "weightedAverageShsOutDil": 0,
        "link": "https://www.sec.gov/Archives/edgar/data/811830/000081183014000007/0000811830-14-000007-index.htm",
        "finalLink": "https://www.sec.gov/Archives/edgar/data/811830/000081183014000007/santanderholdings10-k2013.htm"
    },
    {
        "date": "2013-09-30",
        "symbol": "SOV",
        "reportedCurrency": "USD",
        "cik": "0000811830",
        "fillingDate": "2013-11-08",
        "acceptedDate": "2013-11-08 14:20:03",
        "calendarYear": "2013",
        "period": "Q3",
        "revenue": 562513000,
        "costOfRevenue": 0,
        "grossProfit": 562513000,
        "grossProfitRatio": 1,
        "researchAndDevelopmentExpenses": 0,
        "generalAndAdministrativeExpenses": 450661000,
        "sellingAndMarketingExpenses": 14967000,
        "sellingGeneralAndAdministrativeExpenses": 465628000,
        "otherExpenses": 0,
        "operatingExpenses": 465628000,
        "costAndExpenses": 465628000,
        "interestIncome": 196799000,
        "interestExpense": 193832000,
        "depreciationAndAmortization": 0,
        "ebitda": 95400000,
        "ebitdaratio": 0.1695960804,
        "operatingIncome": 95400000,
        "operatingIncomeRatio": 0.1695960804,
        "totalOtherIncomeExpensesNet": 0,
        "incomeBeforeTax": 95400000,
        "incomeBeforeTaxRatio": 0.1695960804,
        "incomeTaxExpense": 18692000,
        "netIncome": 76708000,
        "netIncomeRatio": 0.1363666262,
        "eps": 0,
        "epsdiluted": 0,
        "weightedAverageShsOut": 0,
        "weightedAverageShsOutDil": 0,
        "link": "https://www.sec.gov/Archives/edgar/data/811830/000081183013000059/0000811830-13-000059-index.htm",
        "finalLink": "https://www.sec.gov/Archives/edgar/data/811830/000081183013000059/santanderholdingsq32013.htm"
    },
    {
        "date": "2013-06-30",
        "symbol": "SOV",
        "reportedCurrency": "USD",
        "cik": "0000811830",
        "fillingDate": "2013-08-08",
        "acceptedDate": "2013-08-08 14:20:56",
        "calendarYear": "2013",
        "period": "Q2",
        "revenue": 582349000,
        "costOfRevenue": 0,
        "grossProfit": 582349000,
        "grossProfitRatio": 1,
        "researchAndDevelopmentExpenses": 0,
        "generalAndAdministrativeExpenses": 378679000,
        "sellingAndMarketingExpenses": 8203000,
        "sellingGeneralAndAdministrativeExpenses": 386882000,
        "otherExpenses": 0,
        "operatingExpenses": 386882000,
        "costAndExpenses": 386882000,
        "interestIncome": 254392000,
        "interestExpense": 197072000,
        "depreciationAndAmortization": 0,
        "ebitda": 223235000,
        "ebitdaratio": 0.3833354226,
        "operatingIncome": 223235000,
        "operatingIncomeRatio": 0.3833354226,
        "totalOtherIncomeExpensesNet": 0,
        "incomeBeforeTax": 223235000,
        "incomeBeforeTaxRatio": 0.3833354226,
        "incomeTaxExpense": 35308000,
        "netIncome": 187927000,
        "netIncomeRatio": 0.3227051133,
        "eps": 0,
        "epsdiluted": 0,
        "weightedAverageShsOut": 0,
        "weightedAverageShsOutDil": 0,
        "link": "https://www.sec.gov/Archives/edgar/data/811830/000081183013000051/0000811830-13-000051-index.htm",
        "finalLink": "https://www.sec.gov/Archives/edgar/data/811830/000081183013000051/santanderholdingsq22013.htm"
    },
    {
        "date": "2013-03-31",
        "symbol": "SOV",
        "reportedCurrency": "USD",
        "cik": "0000811830",
        "fillingDate": "2013-05-10",
        "acceptedDate": "2013-05-10 11:55:39",
        "calendarYear": "2013",
        "period": "Q1",
        "revenue": 600643000,
        "costOfRevenue": 0,
        "grossProfit": 600643000,
        "grossProfitRatio": 1,
        "researchAndDevelopmentExpenses": 0,
        "generalAndAdministrativeExpenses": 380239000,
        "sellingAndMarketingExpenses": 7008000,
        "sellingGeneralAndAdministrativeExpenses": 387247000,
        "otherExpenses": 0,
        "operatingExpenses": 387247000,
        "costAndExpenses": 387247000,
        "interestIncome": 419820000,
        "interestExpense": 204625000,
        "depreciationAndAmortization": 0,
        "ebitda": 388168000,
        "ebitdaratio": 0.6462540977,
        "operatingIncome": 388168000,
        "operatingIncomeRatio": 0.6462540977,
        "totalOtherIncomeExpensesNet": 0,
        "incomeBeforeTax": 388168000,
        "incomeBeforeTaxRatio": 0.6462540977,
        "incomeTaxExpense": 102670000,
        "netIncome": 285498000,
        "netIncomeRatio": 0.4753206147,
        "eps": 0,
        "epsdiluted": 0,
        "weightedAverageShsOut": 0,
        "weightedAverageShsOutDil": 0,
        "link": "https://www.sec.gov/Archives/edgar/data/811830/000081183013000037/0000811830-13-000037-index.htm",
        "finalLink": "https://www.sec.gov/Archives/edgar/data/811830/000081183013000037/santanderholdingsq12013.htm"
    },
    {
        "date": "2012-12-31",
        "symbol": "SOV",
        "reportedCurrency": "USD",
        "cik": "0000811830",
        "fillingDate": "2013-03-15",
        "acceptedDate": "2013-03-15 15:32:12",
        "calendarYear": "2012",
        "period": "Q4",
        "revenue": 621903000,
        "costOfRevenue": 0,
        "grossProfit": 621903000,
        "grossProfitRatio": 1,
        "researchAndDevelopmentExpenses": 0,
        "generalAndAdministrativeExpenses": 391824000,
        "sellingAndMarketingExpenses": 8344000,
        "sellingGeneralAndAdministrativeExpenses": 400168000,
        "otherExpenses": 0,
        "operatingExpenses": 400168000,
        "costAndExpenses": 400168000,
        "interestIncome": 244722000,
        "interestExpense": 220615000,
        "depreciationAndAmortization": 0,
        "ebitda": -435404000,
        "ebitdaratio": -0.7001156129,
        "operatingIncome": -435404000,
        "operatingIncomeRatio": -0.7001156129,
        "totalOtherIncomeExpensesNet": 454787000,
        "incomeBeforeTax": 19383000,
        "incomeBeforeTaxRatio": 0.0311672399,
        "incomeTaxExpense": -100498000,
        "netIncome": 119881000,
        "netIncomeRatio": 0.1927647881,
        "eps": 0,
        "epsdiluted": 0,
        "weightedAverageShsOut": 0,
        "weightedAverageShsOutDil": 0,
        "link": "https://www.sec.gov/Archives/edgar/data/811830/000081183013000023/0000811830-13-000023-index.htm",
        "finalLink": "https://www.sec.gov/Archives/edgar/data/811830/000081183013000023/santanderholdings10-k2012.htm"
    },
    {
        "date": "2012-09-30",
        "symbol": "SOV",
        "reportedCurrency": "USD",
        "cik": "0000811830",
        "fillingDate": "2012-11-09",
        "acceptedDate": "2012-11-09 12:57:58",
        "calendarYear": "2012",
        "period": "Q3",
        "revenue": 634987000,
        "costOfRevenue": 0,
        "grossProfit": 634987000,
        "grossProfitRatio": 1,
        "researchAndDevelopmentExpenses": 0,
        "generalAndAdministrativeExpenses": 355486000,
        "sellingAndMarketingExpenses": 7628000,
        "sellingGeneralAndAdministrativeExpenses": 363114000,
        "otherExpenses": 0,
        "operatingExpenses": 363114000,
        "costAndExpenses": 363114000,
        "interestIncome": 249483000,
        "interestExpense": 216669000,
        "depreciationAndAmortization": 0,
        "ebitda": -49090000,
        "ebitdaratio": -0.0773086693,
        "operatingIncome": -49090000,
        "operatingIncomeRatio": -0.0773086693,
        "totalOtherIncomeExpensesNet": -320963000,
        "incomeBeforeTax": -49090000,
        "incomeBeforeTaxRatio": -0.0773086693,
        "incomeTaxExpense": -77730000,
        "netIncome": 28640000,
        "netIncomeRatio": 0.0451032856,
        "eps": 0,
        "epsdiluted": 0,
        "weightedAverageShsOut": 0,
        "weightedAverageShsOutDil": 0,
        "link": "https://www.sec.gov/Archives/edgar/data/811830/000081183012000042/0000811830-12-000042-index.htm",
        "finalLink": "https://www.sec.gov/Archives/edgar/data/811830/000081183012000042/santanderholdingsq32012.htm"
    },
    {
        "date": "2012-06-30",
        "symbol": "SOV",
        "reportedCurrency": "USD",
        "cik": "0000811830",
        "fillingDate": "2012-08-09",
        "acceptedDate": "2012-08-09 16:29:28",
        "calendarYear": "2012",
        "period": "Q2",
        "revenue": 642236000,
        "costOfRevenue": 0,
        "grossProfit": 642236000,
        "grossProfitRatio": 1,
        "researchAndDevelopmentExpenses": 0,
        "generalAndAdministrativeExpenses": 378248000,
        "sellingAndMarketingExpenses": 7566000,
        "sellingGeneralAndAdministrativeExpenses": 385814000,
        "otherExpenses": 0,
        "operatingExpenses": 385814000,
        "costAndExpenses": 385814000,
        "interestIncome": 312557000,
        "interestExpense": 218617000,
        "depreciationAndAmortization": 0,
        "ebitda": 217036000,
        "ebitdaratio": 0.3379380788,
        "operatingIncome": 217036000,
        "operatingIncomeRatio": 0.3379380788,
        "totalOtherIncomeExpensesNet": 0,
        "incomeBeforeTax": 217036000,
        "incomeBeforeTaxRatio": 0.3379380788,
        "incomeTaxExpense": 33309000,
        "netIncome": 183727000,
        "netIncomeRatio": 0.2860739666,
        "eps": 0,
        "epsdiluted": 0,
        "weightedAverageShsOut": 0,
        "weightedAverageShsOutDil": 0,
        "link": "https://www.sec.gov/Archives/edgar/data/811830/000081183012000020/0000811830-12-000020-index.htm",
        "finalLink": "https://www.sec.gov/Archives/edgar/data/811830/000081183012000020/santanderholdingsq22012.htm"
    },
    {
        "date": "2012-03-31",
        "symbol": "SOV",
        "reportedCurrency": "USD",
        "cik": "0000811830",
        "fillingDate": "2012-05-11",
        "acceptedDate": "2012-05-11 11:03:20",
        "calendarYear": "2012",
        "period": "Q1",
        "revenue": 648755000,
        "costOfRevenue": 0,
        "grossProfit": 648755000,
        "grossProfitRatio": 1,
        "researchAndDevelopmentExpenses": 0,
        "generalAndAdministrativeExpenses": 355690000,
        "sellingAndMarketingExpenses": 7060000,
        "sellingGeneralAndAdministrativeExpenses": 362750000,
        "otherExpenses": 0,
        "operatingExpenses": 362750000,
        "costAndExpenses": 362750000,
        "interestIncome": 332834000,
        "interestExpense": 217857000,
        "depreciationAndAmortization": 0,
        "ebitda": 267458000,
        "ebitdaratio": 0.4122634893,
        "operatingIncome": 267458000,
        "operatingIncomeRatio": 0.4122634893,
        "totalOtherIncomeExpensesNet": 0,
        "incomeBeforeTax": 267458000,
        "incomeBeforeTaxRatio": 0.4122634893,
        "incomeTaxExpense": 38471000,
        "netIncome": 228987000,
        "netIncomeRatio": 0.3529637537,
        "eps": 0,
        "epsdiluted": 0,
        "weightedAverageShsOut": 0,
        "weightedAverageShsOutDil": 0,
        "link": "https://www.sec.gov/Archives/edgar/data/811830/000081183012000012/0000811830-12-000012-index.htm",
        "finalLink": "https://www.sec.gov/Archives/edgar/data/811830/000081183012000012/santanderholdings.htm"
    },
    {
        "date": "2011-12-31",
        "symbol": "SOV",
        "reportedCurrency": "USD",
        "cik": "0000811830",
        "fillingDate": "2012-03-16",
        "acceptedDate": "2012-03-16 11:26:38",
        "calendarYear": "2011",
        "period": "Q4",
        "revenue": 1354890000,
        "costOfRevenue": 0,
        "grossProfit": 1354890000,
        "grossProfitRatio": 1,
        "researchAndDevelopmentExpenses": 0,
        "generalAndAdministrativeExpenses": 482192000,
        "sellingAndMarketingExpenses": 12655000,
        "sellingGeneralAndAdministrativeExpenses": 494847000,
        "otherExpenses": 0,
        "operatingExpenses": 494847000,
        "costAndExpenses": 494847000,
        "interestIncome": 1195967000,
        "interestExpense": 376798000,
        "depreciationAndAmortization": 0,
        "ebitda": -891930000,
        "ebitdaratio": -0.6583043642,
        "operatingIncome": -891930000,
        "operatingIncomeRatio": -0.6583043642,
        "totalOtherIncomeExpensesNet": 857526000,
        "incomeBeforeTax": -34404000,
        "incomeBeforeTaxRatio": -0.0253924673,
        "incomeTaxExpense": -27589000,
        "netIncome": -6815000,
        "netIncomeRatio": -0.0050299286,
        "eps": 0,
        "epsdiluted": 0,
        "weightedAverageShsOut": 0,
        "weightedAverageShsOutDil": 0,
        "link": "https://www.sec.gov/Archives/edgar/data/811830/000119312512118920/0001193125-12-118920-index.htm",
        "finalLink": "https://www.sec.gov/Archives/edgar/data/811830/000119312512118920/d275348d10k.htm"
    },
    {
        "date": "2011-09-30",
        "symbol": "SOV",
        "reportedCurrency": "USD",
        "cik": "0000811830",
        "fillingDate": "2011-11-14",
        "acceptedDate": "2011-11-14 06:31:01",
        "calendarYear": "2011",
        "period": "Q3",
        "revenue": 1278133000,
        "costOfRevenue": 0,
        "grossProfit": 1278133000,
        "grossProfitRatio": 1,
        "researchAndDevelopmentExpenses": 0,
        "generalAndAdministrativeExpenses": 454594000,
        "sellingAndMarketingExpenses": 9426000,
        "sellingGeneralAndAdministrativeExpenses": 464020000,
        "otherExpenses": 0,
        "operatingExpenses": 464020000,
        "costAndExpenses": 464020000,
        "interestIncome": 238417000,
        "interestExpense": 323565000,
        "depreciationAndAmortization": 0,
        "ebitda": 4180000,
        "ebitdaratio": 0.0032703952,
        "operatingIncome": 4180000,
        "operatingIncomeRatio": 0.0032703952,
        "totalOtherIncomeExpensesNet": 0,
        "incomeBeforeTax": 4180000,
        "incomeBeforeTaxRatio": 0.0032703952,
        "incomeTaxExpense": 0,
        "netIncome": 4180000,
        "netIncomeRatio": 0.0032703952,
        "eps": 0,
        "epsdiluted": 0,
        "weightedAverageShsOut": 0,
        "weightedAverageShsOutDil": 0,
        "link": "https://www.sec.gov/Archives/edgar/data/811830/000095012311097862/0000950123-11-097862-index.htm",
        "finalLink": "https://www.sec.gov/Archives/edgar/data/811830/000095012311097862/c23285e10vq.htm"
    },
    {
        "date": "2011-06-30",
        "symbol": "SOV",
        "reportedCurrency": "USD",
        "cik": "0000811830",
        "fillingDate": "2011-08-12",
        "acceptedDate": "2011-08-12 13:45:44",
        "calendarYear": "2011",
        "period": "Q2",
        "revenue": 1300367000,
        "costOfRevenue": 0,
        "grossProfit": 1300367000,
        "grossProfitRatio": 1,
        "researchAndDevelopmentExpenses": 0,
        "generalAndAdministrativeExpenses": 452638000,
        "sellingAndMarketingExpenses": 8016000,
        "sellingGeneralAndAdministrativeExpenses": 460654000,
        "otherExpenses": 0,
        "operatingExpenses": 460654000,
        "costAndExpenses": 460654000,
        "interestIncome": 250110000,
        "interestExpense": 350640000,
        "depreciationAndAmortization": 0,
        "ebitda": 30224000,
        "ebitdaratio": 0.0232426692,
        "operatingIncome": 30224000,
        "operatingIncomeRatio": 0.0232426692,
        "totalOtherIncomeExpensesNet": 0,
        "incomeBeforeTax": 30224000,
        "incomeBeforeTaxRatio": 0.0232426692,
        "incomeTaxExpense": 27589000,
        "netIncome": 2635000,
        "netIncomeRatio": 0.002026351,
        "eps": 0,
        "epsdiluted": 0,
        "weightedAverageShsOut": 0,
        "weightedAverageShsOutDil": 0,
        "link": "https://www.sec.gov/Archives/edgar/data/811830/000095012311076675/0000950123-11-076675-index.htm",
        "finalLink": "https://www.sec.gov/Archives/edgar/data/811830/000095012311076675/c18688e10vq.htm"
    },
    {
        "date": "2011-03-31",
        "symbol": "SOV",
        "reportedCurrency": "USD",
        "cik": "0000811830",
        "fillingDate": "2011-05-12",
        "acceptedDate": "2011-05-12 17:24:35",
        "calendarYear": "2011",
        "period": "Q1",
        "revenue": 1319623000,
        "costOfRevenue": 0,
        "grossProfit": 1319623000,
        "grossProfitRatio": 1,
        "researchAndDevelopmentExpenses": 0,
        "generalAndAdministrativeExpenses": 452800000,
        "sellingAndMarketingExpenses": 9297000,
        "sellingGeneralAndAdministrativeExpenses": 462097000,
        "otherExpenses": 0,
        "operatingExpenses": 462097000,
        "costAndExpenses": 462097000,
        "interestIncome": 312178000,
        "interestExpense": 337196000,
        "depreciationAndAmortization": 0,
        "ebitda": 857526000,
        "ebitdaratio": 0.6498265035,
        "operatingIncome": 857526000,
        "operatingIncomeRatio": 0.6498265035,
        "totalOtherIncomeExpensesNet": 0,
        "incomeBeforeTax": 0,
        "incomeBeforeTaxRatio": 0,
        "incomeTaxExpense": 0,
        "netIncome": 0,
        "netIncomeRatio": 0,
        "eps": 0,
        "epsdiluted": 0,
        "weightedAverageShsOut": 0,
        "weightedAverageShsOutDil": 0,
        "link": "https://www.sec.gov/Archives/edgar/data/811830/000095012311049516/0000950123-11-049516-index.htm",
        "finalLink": "https://www.sec.gov/Archives/edgar/data/811830/000095012311049516/c17116e10vq.htm"
    },
    {
        "date": "2010-12-31",
        "symbol": "SOV",
        "reportedCurrency": "USD",
        "cik": "0000811830",
        "fillingDate": "2011-03-10",
        "acceptedDate": "2011-03-10 16:15:43",
        "calendarYear": "2010",
        "period": "Q4",
        "revenue": -3494871000,
        "costOfRevenue": 0,
        "grossProfit": -3494871000,
        "grossProfitRatio": 1,
        "researchAndDevelopmentExpenses": 0,
        "generalAndAdministrativeExpenses": 1129471000,
        "sellingAndMarketingExpenses": -25679000,
        "sellingGeneralAndAdministrativeExpenses": 1155150000,
        "otherExpenses": 0,
        "operatingExpenses": 1155150000,
        "costAndExpenses": 1155150000,
        "interestIncome": 245343000,
        "interestExpense": 337306000,
        "depreciationAndAmortization": 0,
        "ebitda": -801291000,
        "ebitdaratio": 0.2292762737,
        "operatingIncome": -801291000,
        "operatingIncomeRatio": 0.2292762737,
        "totalOtherIncomeExpensesNet": 756544000,
        "incomeBeforeTax": -44747000,
        "incomeBeforeTaxRatio": 0.0128036199,
        "incomeTaxExpense": 0,
        "netIncome": -44747000,
        "netIncomeRatio": 0.0128036199,
        "eps": 0,
        "epsdiluted": 0,
        "weightedAverageShsOut": 0,
        "weightedAverageShsOutDil": 0,
        "link": "https://www.sec.gov/Archives/edgar/data/811830/000095012311024133/0000950123-11-024133-index.htm",
        "finalLink": "https://www.sec.gov/Archives/edgar/data/811830/000095012311024133/c13859e10vk.htm"
    },
    {
        "date": "2010-09-30",
        "symbol": "SOV",
        "reportedCurrency": "USD",
        "cik": "0000811830",
        "fillingDate": "2010-11-10",
        "acceptedDate": "2010-11-10 17:30:53",
        "calendarYear": "2010",
        "period": "Q3",
        "revenue": 1211761000,
        "costOfRevenue": 0,
        "grossProfit": 1211761000,
        "grossProfitRatio": 1,
        "researchAndDevelopmentExpenses": 0,
        "generalAndAdministrativeExpenses": 398059000,
        "sellingAndMarketingExpenses": 9984000,
        "sellingGeneralAndAdministrativeExpenses": 408043000,
        "otherExpenses": 0,
        "operatingExpenses": 408043000,
        "costAndExpenses": 408043000,
        "interestIncome": 327378000,
        "interestExpense": 333292000,
        "depreciationAndAmortization": 0,
        "ebitda": 3964000,
        "ebitdaratio": 0.0032712721,
        "operatingIncome": 3964000,
        "operatingIncomeRatio": 0.0032712721,
        "totalOtherIncomeExpensesNet": 0,
        "incomeBeforeTax": 3964000,
        "incomeBeforeTaxRatio": 0.0032712721,
        "incomeTaxExpense": 0,
        "netIncome": 3964000,
        "netIncomeRatio": 0.0032712721,
        "eps": 0,
        "epsdiluted": 0,
        "weightedAverageShsOut": 0,
        "weightedAverageShsOutDil": 0,
        "link": "https://www.sec.gov/Archives/edgar/data/811830/000095012310104000/0000950123-10-104000-index.htm",
        "finalLink": "https://www.sec.gov/Archives/edgar/data/811830/000095012310104000/c07960e10vq.htm"
    },
    {
        "date": "2010-06-30",
        "symbol": "SOV",
        "reportedCurrency": "USD",
        "cik": "0000811830",
        "fillingDate": "2010-08-11",
        "acceptedDate": "2010-08-11 16:48:11",
        "calendarYear": "2010",
        "period": "Q2",
        "revenue": 1156849000,
        "costOfRevenue": 0,
        "grossProfit": 1156849000,
        "grossProfitRatio": 1,
        "researchAndDevelopmentExpenses": 0,
        "generalAndAdministrativeExpenses": 368497000,
        "sellingAndMarketingExpenses": 8893000,
        "sellingGeneralAndAdministrativeExpenses": 377390000,
        "otherExpenses": 0,
        "operatingExpenses": 377390000,
        "costAndExpenses": 377390000,
        "interestIncome": 254161000,
        "interestExpense": 346749000,
        "depreciationAndAmortization": 0,
        "ebitda": 40783000,
        "ebitdaratio": 0.0352535206,
        "operatingIncome": 40783000,
        "operatingIncomeRatio": 0.0352535206,
        "totalOtherIncomeExpensesNet": 0,
        "incomeBeforeTax": 40783000,
        "incomeBeforeTaxRatio": 0.0352535206,
        "incomeTaxExpense": 0,
        "netIncome": 40783000,
        "netIncomeRatio": 0.0352535206,
        "eps": 0,
        "epsdiluted": 0,
        "weightedAverageShsOut": 0,
        "weightedAverageShsOutDil": 0,
        "link": "https://www.sec.gov/Archives/edgar/data/811830/000095012310076182/0000950123-10-076182-index.htm",
        "finalLink": "https://www.sec.gov/Archives/edgar/data/811830/000095012310076182/c04617e10vq.htm"
    },
    {
        "date": "2010-03-31",
        "symbol": "SOV",
        "reportedCurrency": "USD",
        "cik": "0000811830",
        "fillingDate": "2010-05-07",
        "acceptedDate": "2010-05-07 16:20:36",
        "calendarYear": "2010",
        "period": "Q1",
        "revenue": 1126261000,
        "costOfRevenue": 0,
        "grossProfit": 1126261000,
        "grossProfitRatio": 1,
        "researchAndDevelopmentExpenses": 0,
        "generalAndAdministrativeExpenses": 362915000,
        "sellingAndMarketingExpenses": 6802000,
        "sellingGeneralAndAdministrativeExpenses": 369717000,
        "otherExpenses": 0,
        "operatingExpenses": 369717000,
        "costAndExpenses": 369717000,
        "interestIncome": 202587000,
        "interestExpense": 368503000,
        "depreciationAndAmortization": 0,
        "ebitda": 756544000,
        "ebitdaratio": 0.6717306202,
        "operatingIncome": 756544000,
        "operatingIncomeRatio": 0.6717306202,
        "totalOtherIncomeExpensesNet": 0,
        "incomeBeforeTax": 0,
        "incomeBeforeTaxRatio": 0,
        "incomeTaxExpense": 0,
        "netIncome": 0,
        "netIncomeRatio": 0,
        "eps": 0,
        "epsdiluted": 0,
        "weightedAverageShsOut": 0,
        "weightedAverageShsOutDil": 0,
        "link": "https://www.sec.gov/Archives/edgar/data/811830/000095012310046421/0000950123-10-046421-index.htm",
        "finalLink": "https://www.sec.gov/Archives/edgar/data/811830/000095012310046421/c00122e10vq.htm"
    },
    {
        "date": "2009-12-31",
        "symbol": "SOV",
        "reportedCurrency": "USD",
        "cik": "0000811830",
        "fillingDate": "2010-02-26",
        "acceptedDate": "2010-02-26 17:14:10",
        "calendarYear": "2009",
        "period": "Q4",
        "revenue": 1847841000,
        "costOfRevenue": 0,
        "grossProfit": 1847841000,
        "grossProfitRatio": 1,
        "researchAndDevelopmentExpenses": 0,
        "generalAndAdministrativeExpenses": 474252000,
        "sellingAndMarketingExpenses": 7225000,
        "sellingGeneralAndAdministrativeExpenses": 481477000,
        "otherExpenses": 0,
        "operatingExpenses": 481477000,
        "costAndExpenses": 481477000,
        "interestIncome": 80153000,
        "interestExpense": 491956000,
        "depreciationAndAmortization": 0,
        "ebitda": -10420000,
        "ebitdaratio": -0.0056390133,
        "operatingIncome": -10420000,
        "operatingIncomeRatio": -0.0056390133,
        "totalOtherIncomeExpensesNet": 424293000,
        "incomeBeforeTax": 413873000,
        "incomeBeforeTaxRatio": 0.2239765218,
        "incomeTaxExpense": -1284464000,
        "netIncome": 1698337000,
        "netIncomeRatio": 0.9190926059,
        "eps": 0,
        "epsdiluted": 0,
        "weightedAverageShsOut": 0,
        "weightedAverageShsOutDil": 0,
        "link": "https://www.sec.gov/Archives/edgar/data/811830/000095012310018329/0000950123-10-018329-index.htm",
        "finalLink": "https://www.sec.gov/Archives/edgar/data/811830/000095012310018329/c96478e10vk.htm"
    },
    {
        "date": "2009-09-30",
        "symbol": "SOV",
        "reportedCurrency": "USD",
        "cik": "0000811830",
        "fillingDate": "2009-11-09",
        "acceptedDate": "2009-11-09 17:24:50",
        "calendarYear": "2009",
        "period": "Q3",
        "revenue": 1075857000,
        "costOfRevenue": 0,
        "grossProfit": 1075857000,
        "grossProfitRatio": 1,
        "researchAndDevelopmentExpenses": 0,
        "generalAndAdministrativeExpenses": 377521000,
        "sellingAndMarketingExpenses": 5412000,
        "sellingGeneralAndAdministrativeExpenses": 382933000,
        "otherExpenses": 0,
        "operatingExpenses": 382933000,
        "costAndExpenses": 382933000,
        "interestIncome": 96979000,
        "interestExpense": 422915000,
        "depreciationAndAmortization": 0,
        "ebitda": -83813000,
        "ebitdaratio": -0.077903476,
        "operatingIncome": -83813000,
        "operatingIncomeRatio": -0.077903476,
        "totalOtherIncomeExpensesNet": -776737000,
        "incomeBeforeTax": -83813000,
        "incomeBeforeTaxRatio": -0.077903476,
        "incomeTaxExpense": 0,
        "netIncome": -83813000,
        "netIncomeRatio": -0.077903476,
        "eps": 0,
        "epsdiluted": 0,
        "weightedAverageShsOut": 0,
        "weightedAverageShsOutDil": 0,
        "link": "https://www.sec.gov/Archives/edgar/data/811830/000095012309060335/0000950123-09-060335-index.htm",
        "finalLink": "https://www.sec.gov/Archives/edgar/data/811830/000095012309060335/c92018e10vq.htm"
    },
    {
        "date": "2009-06-30",
        "symbol": "SOV",
        "reportedCurrency": "USD",
        "cik": "0000811830",
        "fillingDate": "2009-08-07",
        "acceptedDate": "2009-08-07 17:09:04",
        "calendarYear": "2009",
        "period": "Q2",
        "revenue": 734626000,
        "costOfRevenue": 0,
        "grossProfit": 734626000,
        "grossProfitRatio": 1,
        "researchAndDevelopmentExpenses": 0,
        "generalAndAdministrativeExpenses": 318509000,
        "sellingAndMarketingExpenses": 10789000,
        "sellingGeneralAndAdministrativeExpenses": 329298000,
        "otherExpenses": 0,
        "operatingExpenses": 329298000,
        "costAndExpenses": 329298000,
        "interestIncome": 152260000,
        "interestExpense": 409017000,
        "depreciationAndAmortization": 0,
        "ebitda": -7125000,
        "ebitdaratio": -0.0096988127,
        "operatingIncome": -7125000,
        "operatingIncomeRatio": -0.0096988127,
        "totalOtherIncomeExpensesNet": 0,
        "incomeBeforeTax": -7125000,
        "incomeBeforeTaxRatio": -0.0096988127,
        "incomeTaxExpense": 0,
        "netIncome": -7125000,
        "netIncomeRatio": -0.0096988127,
        "eps": 0,
        "epsdiluted": 0,
        "weightedAverageShsOut": 0,
        "weightedAverageShsOutDil": 0,
        "link": "https://www.sec.gov/Archives/edgar/data/811830/000095012309032217/0000950123-09-032217-index.htm",
        "finalLink": "https://www.sec.gov/Archives/edgar/data/811830/000095012309032217/c88978e10vq.htm"
    },
    {
        "date": "2009-03-31",
        "symbol": "SOV",
        "reportedCurrency": "USD",
        "cik": "0000811830",
        "fillingDate": "2009-05-11",
        "acceptedDate": "2009-05-11 16:27:30",
        "calendarYear": "2009",
        "period": "Q1",
        "revenue": 765262000,
        "costOfRevenue": 0,
        "grossProfit": 765262000,
        "grossProfitRatio": 1,
        "researchAndDevelopmentExpenses": 0,
        "generalAndAdministrativeExpenses": 350178000,
        "sellingAndMarketingExpenses": 12892000,
        "sellingGeneralAndAdministrativeExpenses": 363070000,
        "otherExpenses": 0,
        "operatingExpenses": 363070000,
        "costAndExpenses": 363070000,
        "interestIncome": 12905000,
        "interestExpense": 456194000,
        "depreciationAndAmortization": 0,
        "ebitda": 101358000,
        "ebitdaratio": 0.1324487561,
        "operatingIncome": 101358000,
        "operatingIncomeRatio": 0.1324487561,
        "totalOtherIncomeExpensesNet": 0,
        "incomeBeforeTax": 101358000,
        "incomeBeforeTaxRatio": 0.1324487561,
        "incomeTaxExpense": 0,
        "netIncome": 101358000,
        "netIncomeRatio": 0.1324487561,
        "eps": 0,
        "epsdiluted": 0,
        "weightedAverageShsOut": 0,
        "weightedAverageShsOutDil": 0,
        "link": "https://www.sec.gov/Archives/edgar/data/811830/000089322009001125/0000893220-09-001125-index.htm",
        "finalLink": "https://www.sec.gov/Archives/edgar/data/811830/000089322009001125/w73848e10vq.htm"
    },
    {
        "date": "2008-12-31",
        "symbol": "SOV",
        "reportedCurrency": "USD",
        "cik": "0000811830",
        "fillingDate": "2009-03-17",
        "acceptedDate": "2009-03-17 17:13:09",
        "calendarYear": "2008",
        "period": "Q4",
        "revenue": 885353000,
        "costOfRevenue": 0,
        "grossProfit": 885353000,
        "grossProfitRatio": 1,
        "researchAndDevelopmentExpenses": 0,
        "generalAndAdministrativeExpenses": 412781000,
        "sellingAndMarketingExpenses": 23279000,
        "sellingGeneralAndAdministrativeExpenses": 436060000,
        "otherExpenses": 0,
        "operatingExpenses": 436060000,
        "costAndExpenses": 436060000,
        "interestIncome": -201884000,
        "interestExpense": 461506000,
        "depreciationAndAmortization": 0,
        "ebitda": -1853467000,
        "ebitdaratio": -2.0934779687,
        "operatingIncome": -1853467000,
        "operatingIncomeRatio": -2.0934779687,
        "totalOtherIncomeExpensesNet": 219833000,
        "incomeBeforeTax": -1633634000,
        "incomeBeforeTaxRatio": -1.845178138,
        "incomeTaxExpense": 723576000,
        "netIncome": -2357210000,
        "netIncomeRatio": -2.6624521519,
        "eps": -3.98,
        "epsdiluted": -3.98,
        "weightedAverageShsOut": 0,
        "weightedAverageShsOutDil": 0,
        "link": "https://www.sec.gov/Archives/edgar/data/811830/000089322009000591/0000893220-09-000591-index.htm",
        "finalLink": "https://www.sec.gov/Archives/edgar/data/811830/000089322009000591/w73220e10vk.htm"
    },
    {
        "date": "2008-09-30",
        "symbol": "SOV",
        "reportedCurrency": "USD",
        "cik": "0000811830",
        "fillingDate": "2008-11-05",
        "acceptedDate": "2008-11-05 17:24:05",
        "calendarYear": "2008",
        "period": "Q3",
        "revenue": 959822000,
        "costOfRevenue": 0,
        "grossProfit": 959822000,
        "grossProfitRatio": 1,
        "researchAndDevelopmentExpenses": 0,
        "generalAndAdministrativeExpenses": 387501000,
        "sellingAndMarketingExpenses": 19771000,
        "sellingGeneralAndAdministrativeExpenses": 407272000,
        "otherExpenses": 0,
        "operatingExpenses": 407272000,
        "costAndExpenses": 407272000,
        "interestIncome": -995736000,
        "interestExpense": 468668000,
        "depreciationAndAmortization": 0,
        "ebitda": 552550000,
        "ebitdaratio": 0.5756796573,
        "operatingIncome": 552550000,
        "operatingIncomeRatio": 0.5756796573,
        "totalOtherIncomeExpensesNet": 0,
        "incomeBeforeTax": 0,
        "incomeBeforeTaxRatio": 0,
        "incomeTaxExpense": 0,
        "netIncome": 0,
        "netIncomeRatio": 0,
        "eps": 0,
        "epsdiluted": 0,
        "weightedAverageShsOut": 0,
        "weightedAverageShsOutDil": 0,
        "link": "https://www.sec.gov/Archives/edgar/data/811830/000089322008002891/0000893220-08-002891-index.htm",
        "finalLink": "https://www.sec.gov/Archives/edgar/data/811830/000089322008002891/w71346e10vq.htm"
    },
    {
        "date": "2008-06-30",
        "symbol": "SOV",
        "reportedCurrency": "USD",
        "cik": "0000811830",
        "fillingDate": "2008-07-31",
        "acceptedDate": "2008-07-31 10:16:04",
        "calendarYear": "2008",
        "period": "Q2",
        "revenue": 1001820000,
        "costOfRevenue": 0,
        "grossProfit": 1001820000,
        "grossProfitRatio": 1,
        "researchAndDevelopmentExpenses": 0,
        "generalAndAdministrativeExpenses": 381863000,
        "sellingAndMarketingExpenses": 19699000,
        "sellingGeneralAndAdministrativeExpenses": 401562000,
        "otherExpenses": 0,
        "operatingExpenses": 401562000,
        "costAndExpenses": 401562000,
        "interestIncome": 207117000,
        "interestExpense": 495690000,
        "depreciationAndAmortization": 0,
        "ebitda": 600258000,
        "ebitdaratio": 0.5991675151,
        "operatingIncome": 600258000,
        "operatingIncomeRatio": 0.5991675151,
        "totalOtherIncomeExpensesNet": 0,
        "incomeBeforeTax": 0,
        "incomeBeforeTaxRatio": 0,
        "incomeTaxExpense": 0,
        "netIncome": 0,
        "netIncomeRatio": 0,
        "eps": 0,
        "epsdiluted": 0,
        "weightedAverageShsOut": 0,
        "weightedAverageShsOutDil": 0,
        "link": "https://www.sec.gov/Archives/edgar/data/811830/000089322008002215/0000893220-08-002215-index.htm",
        "finalLink": "https://www.sec.gov/Archives/edgar/data/811830/000089322008002215/w63944e10vq.htm"
    },
    {
        "date": "2008-03-31",
        "symbol": "SOV",
        "reportedCurrency": "USD",
        "cik": "0000811830",
        "fillingDate": "2008-05-08",
        "acceptedDate": "2008-05-08 12:51:37",
        "calendarYear": "2008",
        "period": "Q1",
        "revenue": 1076169000,
        "costOfRevenue": 0,
        "grossProfit": 1076169000,
        "grossProfitRatio": 1,
        "researchAndDevelopmentExpenses": 0,
        "generalAndAdministrativeExpenses": 359264000,
        "sellingAndMarketingExpenses": 16246000,
        "sellingGeneralAndAdministrativeExpenses": 375510000,
        "otherExpenses": 0,
        "operatingExpenses": 375510000,
        "costAndExpenses": 375510000,
        "interestIncome": 171760000,
        "interestExpense": 593989000,
        "depreciationAndAmortization": 0,
        "ebitda": 700659000,
        "ebitdaratio": 0.6510678156,
        "operatingIncome": 700659000,
        "operatingIncomeRatio": 0.6510678156,
        "totalOtherIncomeExpensesNet": 0,
        "incomeBeforeTax": 0,
        "incomeBeforeTaxRatio": 0,
        "incomeTaxExpense": 0,
        "netIncome": 0,
        "netIncomeRatio": 0,
        "eps": 0,
        "epsdiluted": 0,
        "weightedAverageShsOut": 0,
        "weightedAverageShsOutDil": 0,
        "link": "https://www.sec.gov/Archives/edgar/data/811830/000089322008001389/0000893220-08-001389-index.htm",
        "finalLink": "https://www.sec.gov/Archives/edgar/data/811830/000089322008001389/w57726e10vq.htm"
    },
    {
        "date": "2007-12-31",
        "symbol": "SOV",
        "reportedCurrency": "USD",
        "cik": "0000811830",
        "fillingDate": "2008-02-29",
        "acceptedDate": "2008-02-29 16:17:06",
        "calendarYear": "2007",
        "period": "Q4",
        "revenue": 1139340000,
        "costOfRevenue": 0,
        "grossProfit": 1139340000,
        "grossProfitRatio": 1,
        "researchAndDevelopmentExpenses": 0,
        "generalAndAdministrativeExpenses": 337088000,
        "sellingAndMarketingExpenses": 13881000,
        "sellingGeneralAndAdministrativeExpenses": 350969000,
        "otherExpenses": 0,
        "operatingExpenses": 350969000,
        "costAndExpenses": 350969000,
        "interestIncome": -26026000,
        "interestExpense": 673316000,
        "depreciationAndAmortization": 0,
        "ebitda": -2466462000,
        "ebitdaratio": -2.1648164727,
        "operatingIncome": -2466462000,
        "operatingIncomeRatio": -2.1648164727,
        "totalOtherIncomeExpensesNet": 1056750000,
        "incomeBeforeTax": -1409712000,
        "incomeBeforeTaxRatio": -1.2373058086,
        "incomeTaxExpense": -60450000,
        "netIncome": -1349262000,
        "netIncomeRatio": -1.1842487756,
        "eps": -2.85,
        "epsdiluted": -2.85,
        "weightedAverageShsOut": 0,
        "weightedAverageShsOutDil": 0,
        "link": "https://www.sec.gov/Archives/edgar/data/811830/000089322008000578/0000893220-08-000578-index.htm",
        "finalLink": "https://www.sec.gov/Archives/edgar/data/811830/000089322008000578/w50412e10vk.htm"
    },
    {
        "date": "2007-09-30",
        "symbol": "SOV",
        "reportedCurrency": "USD",
        "cik": "0000811830",
        "fillingDate": "2007-11-09",
        "acceptedDate": "2007-11-09 15:56:21",
        "calendarYear": "2007",
        "period": "Q3",
        "revenue": 1150142000,
        "costOfRevenue": 0,
        "grossProfit": 1150142000,
        "grossProfitRatio": 1,
        "researchAndDevelopmentExpenses": 0,
        "generalAndAdministrativeExpenses": 341646000,
        "sellingAndMarketingExpenses": 16296000,
        "sellingGeneralAndAdministrativeExpenses": 357942000,
        "otherExpenses": 0,
        "operatingExpenses": 357942000,
        "costAndExpenses": 357942000,
        "interestIncome": 143273000,
        "interestExpense": 693381000,
        "depreciationAndAmortization": 0,
        "ebitda": 792200000,
        "ebitdaratio": 0.6887845153,
        "operatingIncome": 792200000,
        "operatingIncomeRatio": 0.6887845153,
        "totalOtherIncomeExpensesNet": 0,
        "incomeBeforeTax": 0,
        "incomeBeforeTaxRatio": 0,
        "incomeTaxExpense": 0,
        "netIncome": 0,
        "netIncomeRatio": 0,
        "eps": 0,
        "epsdiluted": 0,
        "weightedAverageShsOut": 0,
        "weightedAverageShsOutDil": 0,
        "link": "https://www.sec.gov/Archives/edgar/data/811830/000089322007003635/0000893220-07-003635-index.htm",
        "finalLink": "https://www.sec.gov/Archives/edgar/data/811830/000089322007003635/w41902e10vq.htm"
    },
    {
        "date": "2007-06-30",
        "symbol": "SOV",
        "reportedCurrency": "USD",
        "cik": "0000811830",
        "fillingDate": "2007-08-09",
        "acceptedDate": "2007-08-09 15:52:40",
        "calendarYear": "2007",
        "period": "Q2",
        "revenue": 1139435000,
        "costOfRevenue": 0,
        "grossProfit": 1139435000,
        "grossProfitRatio": 1,
        "researchAndDevelopmentExpenses": 0,
        "generalAndAdministrativeExpenses": 336592000,
        "sellingAndMarketingExpenses": 17092000,
        "sellingGeneralAndAdministrativeExpenses": 353684000,
        "otherExpenses": 0,
        "operatingExpenses": 353684000,
        "costAndExpenses": 353684000,
        "interestIncome": 190297000,
        "interestExpense": 686051000,
        "depreciationAndAmortization": 0,
        "ebitda": 785751000,
        "ebitdaratio": 0.6895970371,
        "operatingIncome": 785751000,
        "operatingIncomeRatio": 0.6895970371,
        "totalOtherIncomeExpensesNet": 0,
        "incomeBeforeTax": 0,
        "incomeBeforeTaxRatio": 0,
        "incomeTaxExpense": 0,
        "netIncome": 0,
        "netIncomeRatio": 0,
        "eps": 0,
        "epsdiluted": 0,
        "weightedAverageShsOut": 0,
        "weightedAverageShsOutDil": 0,
        "link": "https://www.sec.gov/Archives/edgar/data/811830/000089322007002776/0000893220-07-002776-index.htm",
        "finalLink": "https://www.sec.gov/Archives/edgar/data/811830/000089322007002776/w37883e10vq.htm"
    },
    {
        "date": "2007-03-31",
        "symbol": "SOV",
        "reportedCurrency": "USD",
        "cik": "0000811830",
        "fillingDate": "2007-05-10",
        "acceptedDate": "2007-05-10 15:37:44",
        "calendarYear": "2007",
        "period": "Q1",
        "revenue": 1227339000,
        "costOfRevenue": 0,
        "grossProfit": 1227339000,
        "grossProfitRatio": 1,
        "researchAndDevelopmentExpenses": 0,
        "generalAndAdministrativeExpenses": 329996000,
        "sellingAndMarketingExpenses": 8832000,
        "sellingGeneralAndAdministrativeExpenses": 338828000,
        "otherExpenses": 0,
        "operatingExpenses": 338828000,
        "costAndExpenses": 338828000,
        "interestIncome": 46852000,
        "interestExpense": 739486000,
        "depreciationAndAmortization": 0,
        "ebitda": 888511000,
        "ebitdaratio": 0.7239328336,
        "operatingIncome": 888511000,
        "operatingIncomeRatio": 0.7239328336,
        "totalOtherIncomeExpensesNet": 0,
        "incomeBeforeTax": 0,
        "incomeBeforeTaxRatio": 0,
        "incomeTaxExpense": 0,
        "netIncome": 0,
        "netIncomeRatio": 0,
        "eps": 0,
        "epsdiluted": 0,
        "weightedAverageShsOut": 0,
        "weightedAverageShsOutDil": 0,
        "link": "https://www.sec.gov/Archives/edgar/data/811830/000089322007001812/0000893220-07-001812-index.htm",
        "finalLink": "https://www.sec.gov/Archives/edgar/data/811830/000089322007001812/w34334e10vq.htm"
    },
    {
        "date": "2006-12-31",
        "symbol": "SOV",
        "reportedCurrency": "USD",
        "cik": "0000811830",
        "fillingDate": "2007-03-01",
        "acceptedDate": "2007-03-01 17:05:35",
        "calendarYear": "2006",
        "period": "Q4",
        "revenue": 3486871000,
        "costOfRevenue": 0,
        "grossProfit": 3486871000,
        "grossProfitRatio": 1,
        "researchAndDevelopmentExpenses": 0,
        "generalAndAdministrativeExpenses": 1024347000,
        "sellingAndMarketingExpenses": 44831000,
        "sellingGeneralAndAdministrativeExpenses": 1069178000,
        "otherExpenses": 0,
        "operatingExpenses": 1069178000,
        "costAndExpenses": 1069178000,
        "interestIncome": 151233000,
        "interestExpense": 1242312000,
        "depreciationAndAmortization": 0,
        "ebitda": -696526000,
        "ebitdaratio": -0.1997567447,
        "operatingIncome": -696526000,
        "operatingIncomeRatio": -0.1997567447,
        "totalOtherIncomeExpensesNet": 568463000,
        "incomeBeforeTax": -128063000,
        "incomeBeforeTaxRatio": -0.0367271975,
        "incomeTaxExpense": -117780000,
        "netIncome": -10283000,
        "netIncomeRatio": -0.0029490624,
        "eps": -0.02,
        "epsdiluted": 0.01,
        "weightedAverageShsOut": 0,
        "weightedAverageShsOutDil": 0,
        "link": "https://www.sec.gov/Archives/edgar/data/811830/000089322007000548/0000893220-07-000548-index.htm",
        "finalLink": "https://www.sec.gov/Archives/edgar/data/811830/000089322007000548/w31009e10vk.htm"
    },
    {
        "date": "2006-09-30",
        "symbol": "SOV",
        "reportedCurrency": "USD",
        "cik": "0000811830",
        "fillingDate": "2006-11-09",
        "acceptedDate": "2006-11-09 15:52:40",
        "calendarYear": "2006",
        "period": "Q3",
        "revenue": 0,
        "costOfRevenue": 0,
        "grossProfit": 0,
        "grossProfitRatio": 0,
        "researchAndDevelopmentExpenses": 0,
        "generalAndAdministrativeExpenses": 0,
        "sellingAndMarketingExpenses": 0,
        "sellingGeneralAndAdministrativeExpenses": 0,
        "otherExpenses": 200872000,
        "operatingExpenses": 200872000,
        "costAndExpenses": 200872000,
        "interestIncome": 0,
        "interestExpense": 401539000,
        "depreciationAndAmortization": 0,
        "ebitda": 200872000,
        "ebitdaratio": 0,
        "operatingIncome": 200872000,
        "operatingIncomeRatio": 0,
        "totalOtherIncomeExpensesNet": 0,
        "incomeBeforeTax": 200872000,
        "incomeBeforeTaxRatio": 0,
        "incomeTaxExpense": 0,
        "netIncome": 200872000,
        "netIncomeRatio": 0,
        "eps": 0.43,
        "epsdiluted": 0.4,
        "weightedAverageShsOut": 472447000,
        "weightedAverageShsOutDil": 506135000,
        "link": "https://www.sec.gov/Archives/edgar/data/811830/000089322006002393/0000893220-06-002393-index.htm",
        "finalLink": "https://www.sec.gov/Archives/edgar/data/811830/000089322006002393/w26296e10vq.htm"
    },
    {
        "date": "2006-06-30",
        "symbol": "SOV",
        "reportedCurrency": "USD",
        "cik": "0000811830",
        "fillingDate": "2006-08-09",
        "acceptedDate": "2006-08-09 16:36:15",
        "calendarYear": "2006",
        "period": "Q2",
        "revenue": 0,
        "costOfRevenue": 0,
        "grossProfit": 0,
        "grossProfitRatio": 0,
        "researchAndDevelopmentExpenses": 0,
        "generalAndAdministrativeExpenses": 0,
        "sellingAndMarketingExpenses": 0,
        "sellingGeneralAndAdministrativeExpenses": 0,
        "otherExpenses": -53678000,
        "operatingExpenses": -53678000,
        "costAndExpenses": -53678000,
        "interestIncome": 0,
        "interestExpense": 425430000,
        "depreciationAndAmortization": 0,
        "ebitda": -53678000,
        "ebitdaratio": 0,
        "operatingIncome": -53678000,
        "operatingIncomeRatio": 0,
        "totalOtherIncomeExpensesNet": 0,
        "incomeBeforeTax": -53678000,
        "incomeBeforeTaxRatio": 0,
        "incomeTaxExpense": 0,
        "netIncome": -53678000,
        "netIncomeRatio": 0,
        "eps": -0.11,
        "epsdiluted": -0.11,
        "weightedAverageShsOut": 473411000,
        "weightedAverageShsOutDil": 473411000,
        "link": "https://www.sec.gov/Archives/edgar/data/811830/000089322006001802/0000893220-06-001802-index.htm",
        "finalLink": "https://www.sec.gov/Archives/edgar/data/811830/000089322006001802/w23796e10vq.htm"
    },
    {
        "date": "2006-03-31",
        "symbol": "SOV",
        "reportedCurrency": "USD",
        "cik": "0000811830",
        "fillingDate": "2006-05-10",
        "acceptedDate": "2006-05-10 13:47:03",
        "calendarYear": "2006",
        "period": "Q1",
        "revenue": 839533000,
        "costOfRevenue": 0,
        "grossProfit": 839533000,
        "grossProfitRatio": 1,
        "researchAndDevelopmentExpenses": 0,
        "generalAndAdministrativeExpenses": 279979000,
        "sellingAndMarketingExpenses": 10222000,
        "sellingGeneralAndAdministrativeExpenses": 290201000,
        "otherExpenses": 0,
        "operatingExpenses": 290201000,
        "costAndExpenses": 290201000,
        "interestIncome": 134341000,
        "interestExpense": 435575000,
        "depreciationAndAmortization": 0,
        "ebitda": 549332000,
        "ebitdaratio": 0.6543304432,
        "operatingIncome": 549332000,
        "operatingIncomeRatio": 0.6543304432,
        "totalOtherIncomeExpensesNet": 0,
        "incomeBeforeTax": 0,
        "incomeBeforeTaxRatio": 0,
        "incomeTaxExpense": 0,
        "netIncome": 0,
        "netIncomeRatio": 0,
        "eps": 0,
        "epsdiluted": 0,
        "weightedAverageShsOut": 0,
        "weightedAverageShsOutDil": 0,
        "link": "https://www.sec.gov/Archives/edgar/data/811830/000089322006001100/0000893220-06-001100-index.htm",
        "finalLink": "https://www.sec.gov/Archives/edgar/data/811830/000089322006001100/w20907e10vq.htm"
    }
]