[
    {
        "date": "2025-09-30",
        "symbol": "SPGI",
        "reportedCurrency": "USD",
        "cik": "0000064040",
        "fillingDate": "2025-10-30",
        "acceptedDate": "2025-10-30 16:56:38",
        "calendarYear": "2025",
        "period": "Q3",
        "revenue": 3888000000,
        "costOfRevenue": 1121000000,
        "grossProfit": 2767000000,
        "grossProfitRatio": 0.7116769547,
        "researchAndDevelopmentExpenses": 0,
        "generalAndAdministrativeExpenses": 0,
        "sellingAndMarketingExpenses": 0,
        "sellingGeneralAndAdministrativeExpenses": 0,
        "otherExpenses": 1092000000,
        "operatingExpenses": 1092000000,
        "costAndExpenses": 2213000000,
        "interestIncome": 0,
        "interestExpense": 79000000,
        "depreciationAndAmortization": 294000000,
        "ebitda": 1969000000,
        "ebitdaratio": 0.5064300412,
        "operatingIncome": 1675000000,
        "operatingIncomeRatio": 0.4308127572,
        "totalOtherIncomeExpensesNet": -77000000,
        "incomeBeforeTax": 1598000000,
        "incomeBeforeTaxRatio": 0.4110082305,
        "incomeTaxExpense": 422000000,
        "netIncome": 1087000000,
        "netIncomeRatio": 0.2795781893,
        "eps": 3.86,
        "epsdiluted": 3.86,
        "weightedAverageShsOut": 304300000,
        "weightedAverageShsOutDil": 304500000,
        "link": "https://www.sec.gov/Archives/edgar/data/64040/000006404025000167/0000064040-25-000167-index.htm",
        "finalLink": "https://www.sec.gov/Archives/edgar/data/64040/000006404025000167/spgi-20250930.htm"
    },
    {
        "date": "2025-06-30",
        "symbol": "SPGI",
        "reportedCurrency": "USD",
        "cik": "0000064040",
        "fillingDate": "2025-08-01",
        "acceptedDate": "2025-07-31 17:36:17",
        "calendarYear": "2025",
        "period": "Q2",
        "revenue": 3755000000,
        "costOfRevenue": 1119000000,
        "grossProfit": 2636000000,
        "grossProfitRatio": 0.7019973369,
        "researchAndDevelopmentExpenses": 0,
        "generalAndAdministrativeExpenses": 0,
        "sellingAndMarketingExpenses": 0,
        "sellingGeneralAndAdministrativeExpenses": 803000000,
        "otherExpenses": 282000000,
        "operatingExpenses": 1085000000,
        "costAndExpenses": 2204000000,
        "interestIncome": 0,
        "interestExpense": 77000000,
        "depreciationAndAmortization": 296000000,
        "ebitda": 1875000000,
        "ebitdaratio": 0.499334221,
        "operatingIncome": 1551000000,
        "operatingIncomeRatio": 0.4130492676,
        "totalOtherIncomeExpensesNet": -49000000,
        "incomeBeforeTax": 1502000000,
        "incomeBeforeTaxRatio": 0.4,
        "incomeTaxExpense": 342000000,
        "netIncome": 1072000000,
        "netIncomeRatio": 0.2854860186,
        "eps": 3.5,
        "epsdiluted": 3.5,
        "weightedAverageShsOut": 305900000,
        "weightedAverageShsOutDil": 306100000,
        "link": "https://www.sec.gov/Archives/edgar/data/64040/000006404025000147/0000064040-25-000147-index.htm",
        "finalLink": "https://www.sec.gov/Archives/edgar/data/64040/000006404025000147/spgi-20250630.htm"
    },
    {
        "date": "2025-03-31",
        "symbol": "SPGI",
        "reportedCurrency": "USD",
        "cik": "0000064040",
        "fillingDate": "2025-04-29",
        "acceptedDate": "2025-04-29 17:20:35",
        "calendarYear": "2025",
        "period": "Q1",
        "revenue": 3777000000,
        "costOfRevenue": 1153000000,
        "grossProfit": 2624000000,
        "grossProfitRatio": 0.6947312682,
        "researchAndDevelopmentExpenses": 0,
        "generalAndAdministrativeExpenses": 0,
        "sellingAndMarketingExpenses": 0,
        "sellingGeneralAndAdministrativeExpenses": 764000000,
        "otherExpenses": 282000000,
        "operatingExpenses": 1046000000,
        "costAndExpenses": 2199000000,
        "interestIncome": 0,
        "interestExpense": 78000000,
        "depreciationAndAmortization": 293000000,
        "ebitda": 1867000000,
        "ebitdaratio": 0.4943076516,
        "operatingIncome": 1578000000,
        "operatingIncomeRatio": 0.4177918983,
        "totalOtherIncomeExpensesNet": -82000000,
        "incomeBeforeTax": 1496000000,
        "incomeBeforeTaxRatio": 0.3960815462,
        "incomeTaxExpense": 325000000,
        "netIncome": 1090000000,
        "netIncomeRatio": 0.2885888271,
        "eps": 3.55,
        "epsdiluted": 3.54,
        "weightedAverageShsOut": 307300000,
        "weightedAverageShsOutDil": 307700000,
        "link": "https://www.sec.gov/Archives/edgar/data/64040/000006404025000126/0000064040-25-000126-index.htm",
        "finalLink": "https://www.sec.gov/Archives/edgar/data/64040/000006404025000126/spgi-20250331.htm"
    },
    {
        "date": "2024-12-31",
        "symbol": "SPGI",
        "reportedCurrency": "USD",
        "cik": "0000064040",
        "fillingDate": "2025-02-11",
        "acceptedDate": "2025-02-11 17:29:21",
        "calendarYear": "2024",
        "period": "Q4",
        "revenue": 3592000000,
        "costOfRevenue": 1114000000,
        "grossProfit": 2478000000,
        "grossProfitRatio": 0.6898663697,
        "researchAndDevelopmentExpenses": 0,
        "generalAndAdministrativeExpenses": 0,
        "sellingAndMarketingExpenses": 0,
        "sellingGeneralAndAdministrativeExpenses": 919000000,
        "otherExpenses": 250000000,
        "operatingExpenses": 1169000000,
        "costAndExpenses": 2283000000,
        "interestIncome": 0,
        "interestExpense": 70000000,
        "depreciationAndAmortization": 300000000,
        "ebitda": 1624000000,
        "ebitdaratio": 0.4521158129,
        "operatingIncome": 1309000000,
        "operatingIncomeRatio": 0.3644209354,
        "totalOtherIncomeExpensesNet": -55000000,
        "incomeBeforeTax": 1254000000,
        "incomeBeforeTaxRatio": 0.3491091314,
        "incomeTaxExpense": 287000000,
        "netIncome": 880000000,
        "netIncomeRatio": 0.2449888641,
        "eps": 2.85,
        "epsdiluted": 2.85,
        "weightedAverageShsOut": 311600000,
        "weightedAverageShsOutDil": 311900000,
        "link": "https://www.sec.gov/Archives/edgar/data/64040/000006404025000052/0000064040-25-000052-index.htm",
        "finalLink": "https://www.sec.gov/Archives/edgar/data/64040/000006404025000052/spgi-20241231.htm"
    },
    {
        "date": "2024-09-30",
        "symbol": "SPGI",
        "reportedCurrency": "USD",
        "cik": "0000064040",
        "fillingDate": "2024-10-25",
        "acceptedDate": "2024-10-24 17:50:22",
        "calendarYear": "2024",
        "period": "Q3",
        "revenue": 3575000000,
        "costOfRevenue": 1072000000,
        "grossProfit": 2503000000,
        "grossProfitRatio": 0.7001398601,
        "researchAndDevelopmentExpenses": 0,
        "generalAndAdministrativeExpenses": 0,
        "sellingAndMarketingExpenses": 0,
        "sellingGeneralAndAdministrativeExpenses": 808000000,
        "otherExpenses": 261000000,
        "operatingExpenses": 1069000000,
        "costAndExpenses": 2141000000,
        "interestIncome": 0,
        "interestExpense": 72000000,
        "depreciationAndAmortization": 294000000,
        "ebitda": 1726000000,
        "ebitdaratio": 0.4827972028,
        "operatingIncome": 1434000000,
        "operatingIncomeRatio": 0.4011188811,
        "totalOtherIncomeExpensesNet": -74000000,
        "incomeBeforeTax": 1360000000,
        "incomeBeforeTaxRatio": 0.3804195804,
        "incomeTaxExpense": 313000000,
        "netIncome": 971000000,
        "netIncomeRatio": 0.2716083916,
        "eps": 3.12,
        "epsdiluted": 3.12,
        "weightedAverageShsOut": 311200000,
        "weightedAverageShsOutDil": 311500000,
        "link": "https://www.sec.gov/Archives/edgar/data/64040/000006404024000178/0000064040-24-000178-index.htm",
        "finalLink": "https://www.sec.gov/Archives/edgar/data/64040/000006404024000178/spgi-20240930.htm"
    },
    {
        "date": "2024-06-30",
        "symbol": "SPGI",
        "reportedCurrency": "USD",
        "cik": "0000064040",
        "fillingDate": "2024-07-30",
        "acceptedDate": "2024-07-30 17:29:06",
        "calendarYear": "2024",
        "period": "Q2",
        "revenue": 3549000000,
        "costOfRevenue": 1085000000,
        "grossProfit": 2464000000,
        "grossProfitRatio": 0.6942800789,
        "researchAndDevelopmentExpenses": 0,
        "generalAndAdministrativeExpenses": 0,
        "sellingAndMarketingExpenses": 0,
        "sellingGeneralAndAdministrativeExpenses": 734000000,
        "otherExpenses": 278000000,
        "operatingExpenses": 1012000000,
        "costAndExpenses": 2097000000,
        "interestIncome": 0,
        "interestExpense": 77000000,
        "depreciationAndAmortization": 292000000,
        "ebitda": 1747000000,
        "ebitdaratio": 0.4922513384,
        "operatingIncome": 1452000000,
        "operatingIncomeRatio": 0.4091293322,
        "totalOtherIncomeExpensesNet": -74000000,
        "incomeBeforeTax": 1378000000,
        "incomeBeforeTaxRatio": 0.3882783883,
        "incomeTaxExpense": 293000000,
        "netIncome": 1011000000,
        "netIncomeRatio": 0.2848689772,
        "eps": 3.23,
        "epsdiluted": 3.23,
        "weightedAverageShsOut": 313000000,
        "weightedAverageShsOutDil": 313200000,
        "link": "https://www.sec.gov/Archives/edgar/data/64040/000006404024000150/0000064040-24-000150-index.htm",
        "finalLink": "https://www.sec.gov/Archives/edgar/data/64040/000006404024000150/spgi-20240630.htm"
    },
    {
        "date": "2024-03-31",
        "symbol": "SPGI",
        "reportedCurrency": "USD",
        "cik": "0000064040",
        "fillingDate": "2024-04-25",
        "acceptedDate": "2024-04-25 17:26:37",
        "calendarYear": "2024",
        "period": "Q1",
        "revenue": 3491000000,
        "costOfRevenue": 1111000000,
        "grossProfit": 2380000000,
        "grossProfitRatio": 0.6817530793,
        "researchAndDevelopmentExpenses": 0,
        "generalAndAdministrativeExpenses": 0,
        "sellingAndMarketingExpenses": 0,
        "sellingGeneralAndAdministrativeExpenses": 714000000,
        "otherExpenses": 281000000,
        "operatingExpenses": 995000000,
        "costAndExpenses": 2106000000,
        "interestIncome": 0,
        "interestExpense": 78000000,
        "depreciationAndAmortization": 287000000,
        "ebitda": 1681000000,
        "ebitdaratio": 0.4815239186,
        "operatingIncome": 1385000000,
        "operatingIncomeRatio": 0.39673446,
        "totalOtherIncomeExpensesNet": -69000000,
        "incomeBeforeTax": 1316000000,
        "incomeBeforeTaxRatio": 0.3769693498,
        "incomeTaxExpense": 248000000,
        "netIncome": 991000000,
        "netIncomeRatio": 0.2838728158,
        "eps": 3.16,
        "epsdiluted": 3.16,
        "weightedAverageShsOut": 313600000,
        "weightedAverageShsOutDil": 314000000,
        "link": "https://www.sec.gov/Archives/edgar/data/64040/000006404024000125/0000064040-24-000125-index.htm",
        "finalLink": "https://www.sec.gov/Archives/edgar/data/64040/000006404024000125/spgi-20240331.htm"
    },
    {
        "date": "2023-12-31",
        "symbol": "SPGI",
        "reportedCurrency": "USD",
        "cik": "0000064040",
        "fillingDate": "2024-02-09",
        "acceptedDate": "2024-02-08 21:12:29",
        "calendarYear": "2023",
        "period": "Q4",
        "revenue": 3152000000,
        "costOfRevenue": 1032000000,
        "grossProfit": 2120000000,
        "grossProfitRatio": 0.6725888325,
        "researchAndDevelopmentExpenses": 0,
        "generalAndAdministrativeExpenses": 0,
        "sellingAndMarketingExpenses": 0,
        "sellingGeneralAndAdministrativeExpenses": 942000000,
        "otherExpenses": 288000000,
        "operatingExpenses": 1230000000,
        "costAndExpenses": 2262000000,
        "interestIncome": 0,
        "interestExpense": 76000000,
        "depreciationAndAmortization": 290000000,
        "ebitda": 1160000000,
        "ebitdaratio": 0.3680203046,
        "operatingIncome": 890000000,
        "operatingIncomeRatio": 0.2823604061,
        "totalOtherIncomeExpensesNet": -96000000,
        "incomeBeforeTax": 794000000,
        "incomeBeforeTaxRatio": 0.2519035533,
        "incomeTaxExpense": 150000000,
        "netIncome": 579000000,
        "netIncomeRatio": 0.1836928934,
        "eps": 1.84,
        "epsdiluted": 1.83,
        "weightedAverageShsOut": 315400000,
        "weightedAverageShsOutDil": 315900000,
        "link": "https://www.sec.gov/Archives/edgar/data/64040/000006404024000071/0000064040-24-000071-index.htm",
        "finalLink": "https://www.sec.gov/Archives/edgar/data/64040/000006404024000071/spgi-20231231.htm"
    },
    {
        "date": "2023-09-30",
        "symbol": "SPGI",
        "reportedCurrency": "USD",
        "cik": "0000064040",
        "fillingDate": "2023-11-02",
        "acceptedDate": "2023-11-02 17:21:57",
        "calendarYear": "2023",
        "period": "Q3",
        "revenue": 3084000000,
        "costOfRevenue": 995000000,
        "grossProfit": 2089000000,
        "grossProfitRatio": 0.6773670558,
        "researchAndDevelopmentExpenses": 0,
        "generalAndAdministrativeExpenses": 0,
        "sellingAndMarketingExpenses": 0,
        "sellingGeneralAndAdministrativeExpenses": 741000000,
        "otherExpenses": 274000000,
        "operatingExpenses": 1015000000,
        "costAndExpenses": 2010000000,
        "interestIncome": 0,
        "interestExpense": 84000000,
        "depreciationAndAmortization": 282000000,
        "ebitda": 1361000000,
        "ebitdaratio": 0.441309987,
        "operatingIncome": 1074000000,
        "operatingIncomeRatio": 0.3482490272,
        "totalOtherIncomeExpensesNet": -79000000,
        "incomeBeforeTax": 995000000,
        "incomeBeforeTaxRatio": 0.3226329442,
        "incomeTaxExpense": 181000000,
        "netIncome": 742000000,
        "netIncomeRatio": 0.2405966278,
        "eps": 2.34,
        "epsdiluted": 2.33,
        "weightedAverageShsOut": 317500000,
        "weightedAverageShsOutDil": 318000000,
        "link": "https://www.sec.gov/Archives/edgar/data/64040/000006404023000193/0000064040-23-000193-index.htm",
        "finalLink": "https://www.sec.gov/Archives/edgar/data/64040/000006404023000193/spgi-20230930.htm"
    },
    {
        "date": "2023-06-30",
        "symbol": "SPGI",
        "reportedCurrency": "USD",
        "cik": "0000064040",
        "fillingDate": "2023-07-27",
        "acceptedDate": "2023-07-27 16:49:47",
        "calendarYear": "2023",
        "period": "Q2",
        "revenue": 3101000000,
        "costOfRevenue": 1026000000,
        "grossProfit": 2075000000,
        "grossProfitRatio": 0.6691389874,
        "researchAndDevelopmentExpenses": 0,
        "generalAndAdministrativeExpenses": 0,
        "sellingAndMarketingExpenses": 0,
        "sellingGeneralAndAdministrativeExpenses": 771000000,
        "otherExpenses": 393000000,
        "operatingExpenses": 1164000000,
        "costAndExpenses": 2190000000,
        "interestIncome": 0,
        "interestExpense": 88000000,
        "depreciationAndAmortization": 284000000,
        "ebitda": 1207000000,
        "ebitdaratio": 0.3892292809,
        "operatingIncome": 911000000,
        "operatingIncomeRatio": 0.2937762012,
        "totalOtherIncomeExpensesNet": -77000000,
        "incomeBeforeTax": 834000000,
        "incomeBeforeTaxRatio": 0.2689455015,
        "incomeTaxExpense": 259000000,
        "netIncome": 511000000,
        "netIncomeRatio": 0.164785553,
        "eps": 1.6,
        "epsdiluted": 1.6,
        "weightedAverageShsOut": 319300000,
        "weightedAverageShsOutDil": 319800000,
        "link": "https://www.sec.gov/Archives/edgar/data/64040/000006404023000159/0000064040-23-000159-index.htm",
        "finalLink": "https://www.sec.gov/Archives/edgar/data/64040/000006404023000159/spgi-20230630.htm"
    },
    {
        "date": "2023-03-31",
        "symbol": "SPGI",
        "reportedCurrency": "USD",
        "cik": "0000064040",
        "fillingDate": "2023-04-27",
        "acceptedDate": "2023-04-27 16:59:04",
        "calendarYear": "2023",
        "period": "Q1",
        "revenue": 3160000000,
        "costOfRevenue": 1088000000,
        "grossProfit": 2072000000,
        "grossProfitRatio": 0.6556962025,
        "researchAndDevelopmentExpenses": 0,
        "generalAndAdministrativeExpenses": 0,
        "sellingAndMarketingExpenses": 0,
        "sellingGeneralAndAdministrativeExpenses": 705000000,
        "otherExpenses": 223000000,
        "operatingExpenses": 928000000,
        "costAndExpenses": 2016000000,
        "interestIncome": 0,
        "interestExpense": 85000000,
        "depreciationAndAmortization": 287000000,
        "ebitda": 1420000000,
        "ebitdaratio": 0.4493670886,
        "operatingIncome": 1144000000,
        "operatingIncomeRatio": 0.3620253165,
        "totalOtherIncomeExpensesNet": -96000000,
        "incomeBeforeTax": 1048000000,
        "incomeBeforeTaxRatio": 0.3316455696,
        "incomeTaxExpense": 188000000,
        "netIncome": 795000000,
        "netIncomeRatio": 0.2515822785,
        "eps": 2.47,
        "epsdiluted": 2.47,
        "weightedAverageShsOut": 321300000,
        "weightedAverageShsOutDil": 322100000,
        "link": "https://www.sec.gov/Archives/edgar/data/64040/000006404023000113/0000064040-23-000113-index.htm",
        "finalLink": "https://www.sec.gov/Archives/edgar/data/64040/000006404023000113/spgi-20230331.htm"
    },
    {
        "date": "2022-12-31",
        "symbol": "SPGI",
        "reportedCurrency": "USD",
        "cik": "0000064040",
        "fillingDate": "2023-02-10",
        "acceptedDate": "2023-02-09 20:31:52",
        "calendarYear": "2022",
        "period": "Q4",
        "revenue": 2937000000,
        "costOfRevenue": 1012000000,
        "grossProfit": 1925000000,
        "grossProfitRatio": 0.6554307116,
        "researchAndDevelopmentExpenses": 0,
        "generalAndAdministrativeExpenses": 0,
        "sellingAndMarketingExpenses": 0,
        "sellingGeneralAndAdministrativeExpenses": 941000000,
        "otherExpenses": 268000000,
        "operatingExpenses": 1209000000,
        "costAndExpenses": 2221000000,
        "interestIncome": 0,
        "interestExpense": 86000000,
        "depreciationAndAmortization": 275000000,
        "ebitda": 982000000,
        "ebitdaratio": 0.3343547838,
        "operatingIncome": 716000000,
        "operatingIncomeRatio": 0.2437861764,
        "totalOtherIncomeExpensesNet": -95000000,
        "incomeBeforeTax": 621000000,
        "incomeBeforeTaxRatio": 0.2114402451,
        "incomeTaxExpense": 127000000,
        "netIncome": 433000000,
        "netIncomeRatio": 0.1474293497,
        "eps": 1.34,
        "epsdiluted": 1.33,
        "weightedAverageShsOut": 323900000,
        "weightedAverageShsOutDil": 325200000,
        "link": "https://www.sec.gov/Archives/edgar/data/64040/000006404023000058/0000064040-23-000058-index.htm",
        "finalLink": "https://www.sec.gov/Archives/edgar/data/64040/000006404023000058/spgi-20221231.htm"
    },
    {
        "date": "2022-09-30",
        "symbol": "SPGI",
        "reportedCurrency": "USD",
        "cik": "0000064040",
        "fillingDate": "2022-10-28",
        "acceptedDate": "2022-10-27 17:33:34",
        "calendarYear": "2022",
        "period": "Q3",
        "revenue": 2861000000,
        "costOfRevenue": 989000000,
        "grossProfit": 1872000000,
        "grossProfitRatio": 0.6543166725,
        "researchAndDevelopmentExpenses": 0,
        "generalAndAdministrativeExpenses": 0,
        "sellingAndMarketingExpenses": 0,
        "sellingGeneralAndAdministrativeExpenses": 725000000,
        "otherExpenses": 294000000,
        "operatingExpenses": 1019000000,
        "costAndExpenses": 2008000000,
        "interestIncome": 0,
        "interestExpense": 71000000,
        "depreciationAndAmortization": 297000000,
        "ebitda": 1192000000,
        "ebitdaratio": 0.4166375393,
        "operatingIncome": 853000000,
        "operatingIncomeRatio": 0.2981475009,
        "totalOtherIncomeExpensesNet": -30000000,
        "incomeBeforeTax": 823000000,
        "incomeBeforeTaxRatio": 0.2876616568,
        "incomeTaxExpense": 145000000,
        "netIncome": 608000000,
        "netIncomeRatio": 0.2125131073,
        "eps": 1.84,
        "epsdiluted": 1.84,
        "weightedAverageShsOut": 329600000,
        "weightedAverageShsOutDil": 330900000,
        "link": "https://www.sec.gov/Archives/edgar/data/64040/000006404022000171/0000064040-22-000171-index.htm",
        "finalLink": "https://www.sec.gov/Archives/edgar/data/64040/000006404022000171/spgi-20220930.htm"
    },
    {
        "date": "2022-06-30",
        "symbol": "SPGI",
        "reportedCurrency": "USD",
        "cik": "0000064040",
        "fillingDate": "2022-08-03",
        "acceptedDate": "2022-08-02 18:23:15",
        "calendarYear": "2022",
        "period": "Q2",
        "revenue": 2993000000,
        "costOfRevenue": 1007000000,
        "grossProfit": 1986000000,
        "grossProfitRatio": 0.6635482793,
        "researchAndDevelopmentExpenses": 0,
        "generalAndAdministrativeExpenses": 0,
        "sellingAndMarketingExpenses": 0,
        "sellingGeneralAndAdministrativeExpenses": 768000000,
        "otherExpenses": -264000000,
        "operatingExpenses": 504000000,
        "costAndExpenses": 1511000000,
        "interestIncome": 0,
        "interestExpense": 90000000,
        "depreciationAndAmortization": 304000000,
        "ebitda": 1785000000,
        "ebitdaratio": 0.5963915804,
        "operatingIncome": 1482000000,
        "operatingIncomeRatio": 0.4951553625,
        "totalOtherIncomeExpensesNet": -91000000,
        "incomeBeforeTax": 1391000000,
        "incomeBeforeTaxRatio": 0.4647510859,
        "incomeTaxExpense": 340000000,
        "netIncome": 972000000,
        "netIncomeRatio": 0.3247577681,
        "eps": 2.88,
        "epsdiluted": 2.86,
        "weightedAverageShsOut": 338000000,
        "weightedAverageShsOutDil": 339300000,
        "link": "https://www.sec.gov/Archives/edgar/data/64040/000006404022000143/0000064040-22-000143-index.htm",
        "finalLink": "https://www.sec.gov/Archives/edgar/data/64040/000006404022000143/spgi-20220630.htm"
    },
    {
        "date": "2022-03-31",
        "symbol": "SPGI",
        "reportedCurrency": "USD",
        "cik": "0000064040",
        "fillingDate": "2022-05-04",
        "acceptedDate": "2022-05-03 19:32:44",
        "calendarYear": "2022",
        "period": "Q1",
        "revenue": 2389000000,
        "costOfRevenue": 749000000,
        "grossProfit": 1640000000,
        "grossProfitRatio": 0.6864796986,
        "researchAndDevelopmentExpenses": 0,
        "generalAndAdministrativeExpenses": 0,
        "sellingAndMarketingExpenses": 0,
        "sellingGeneralAndAdministrativeExpenses": 958000000,
        "otherExpenses": -1210000000,
        "operatingExpenses": -252000000,
        "costAndExpenses": 497000000,
        "interestIncome": 0,
        "interestExpense": 57000000,
        "depreciationAndAmortization": 137000000,
        "ebitda": 2061000000,
        "ebitdaratio": 0.8627040603,
        "operatingIncome": 1892000000,
        "operatingIncomeRatio": 0.7919631645,
        "totalOtherIncomeExpensesNet": -25000000,
        "incomeBeforeTax": 1867000000,
        "incomeBeforeTaxRatio": 0.781498535,
        "incomeTaxExpense": 568000000,
        "netIncome": 1235000000,
        "netIncomeRatio": 0.5169526999,
        "eps": 4.49,
        "epsdiluted": 4.47,
        "weightedAverageShsOut": 275200000,
        "weightedAverageShsOutDil": 276300000,
        "link": "https://www.sec.gov/Archives/edgar/data/64040/000006404022000113/0000064040-22-000113-index.htm",
        "finalLink": "https://www.sec.gov/Archives/edgar/data/64040/000006404022000113/spgi-20220331.htm"
    },
    {
        "date": "2021-12-31",
        "symbol": "SPGI",
        "reportedCurrency": "USD",
        "cik": "0000064040",
        "fillingDate": "2022-02-08",
        "acceptedDate": "2022-02-08 17:17:01",
        "calendarYear": "2021",
        "period": "Q4",
        "revenue": 2088000000,
        "costOfRevenue": 592000000,
        "grossProfit": 1496000000,
        "grossProfitRatio": 0.7164750958,
        "researchAndDevelopmentExpenses": 0,
        "generalAndAdministrativeExpenses": 0,
        "sellingAndMarketingExpenses": 0,
        "sellingGeneralAndAdministrativeExpenses": 557000000,
        "otherExpenses": 35000000,
        "operatingExpenses": 592000000,
        "costAndExpenses": 1184000000,
        "interestIncome": 0,
        "interestExpense": 25000000,
        "depreciationAndAmortization": 41000000,
        "ebitda": 956000000,
        "ebitdaratio": 0.4578544061,
        "operatingIncome": 904000000,
        "operatingIncomeRatio": 0.4329501916,
        "totalOtherIncomeExpensesNet": -14000000,
        "incomeBeforeTax": 890000000,
        "incomeBeforeTaxRatio": 0.4262452107,
        "incomeTaxExpense": 154000000,
        "netIncome": 675000000,
        "netIncomeRatio": 0.3232758621,
        "eps": 2.8,
        "epsdiluted": 2.79,
        "weightedAverageShsOut": 241000000,
        "weightedAverageShsOutDil": 242100000,
        "link": "https://www.sec.gov/Archives/edgar/data/64040/000006404022000055/0000064040-22-000055-index.htm",
        "finalLink": "https://www.sec.gov/Archives/edgar/data/64040/000006404022000055/spgi-20211231.htm"
    },
    {
        "date": "2021-09-30",
        "symbol": "SPGI",
        "reportedCurrency": "USD",
        "cik": "0000064040",
        "fillingDate": "2021-10-26",
        "acceptedDate": "2021-10-26 17:24:45",
        "calendarYear": "2021",
        "period": "Q3",
        "revenue": 2087000000,
        "costOfRevenue": 543000000,
        "grossProfit": 1544000000,
        "grossProfitRatio": 0.7398179205,
        "researchAndDevelopmentExpenses": 0,
        "generalAndAdministrativeExpenses": 0,
        "sellingAndMarketingExpenses": 0,
        "sellingGeneralAndAdministrativeExpenses": 423000000,
        "otherExpenses": 38000000,
        "operatingExpenses": 461000000,
        "costAndExpenses": 1004000000,
        "interestIncome": 0,
        "interestExpense": 31000000,
        "depreciationAndAmortization": 42000000,
        "ebitda": 1147000000,
        "ebitdaratio": 0.5495927168,
        "operatingIncome": 1083000000,
        "operatingIncomeRatio": 0.518926689,
        "totalOtherIncomeExpensesNet": -9000000,
        "incomeBeforeTax": 1074000000,
        "incomeBeforeTaxRatio": 0.5146142789,
        "incomeTaxExpense": 213000000,
        "netIncome": 797000000,
        "netIncomeRatio": 0.3818878773,
        "eps": 3.31,
        "epsdiluted": 3.3,
        "weightedAverageShsOut": 240900000,
        "weightedAverageShsOutDil": 241700000,
        "link": "https://www.sec.gov/Archives/edgar/data/64040/000162828021020543/0001628280-21-020543-index.htm",
        "finalLink": "https://www.sec.gov/Archives/edgar/data/64040/000162828021020543/spgi-20210930.htm"
    },
    {
        "date": "2021-06-30",
        "symbol": "SPGI",
        "reportedCurrency": "USD",
        "cik": "0000064040",
        "fillingDate": "2021-07-29",
        "acceptedDate": "2021-07-29 16:23:11",
        "calendarYear": "2021",
        "period": "Q2",
        "revenue": 2106000000,
        "costOfRevenue": 533000000,
        "grossProfit": 1573000000,
        "grossProfitRatio": 0.7469135802,
        "researchAndDevelopmentExpenses": 0,
        "generalAndAdministrativeExpenses": 0,
        "sellingAndMarketingExpenses": 0,
        "sellingGeneralAndAdministrativeExpenses": 374000000,
        "otherExpenses": 45000000,
        "operatingExpenses": 419000000,
        "costAndExpenses": 952000000,
        "interestIncome": 0,
        "interestExpense": 32000000,
        "depreciationAndAmortization": 45000000,
        "ebitda": 1221000000,
        "ebitdaratio": 0.5797720798,
        "operatingIncome": 1154000000,
        "operatingIncomeRatio": 0.5479582146,
        "totalOtherIncomeExpensesNet": -10000000,
        "incomeBeforeTax": 1144000000,
        "incomeBeforeTaxRatio": 0.5432098765,
        "incomeTaxExpense": 287000000,
        "netIncome": 798000000,
        "netIncomeRatio": 0.3789173789,
        "eps": 3.31,
        "epsdiluted": 3.3,
        "weightedAverageShsOut": 240800000,
        "weightedAverageShsOutDil": 241800000,
        "link": "https://www.sec.gov/Archives/edgar/data/64040/000006404021000155/0000064040-21-000155-index.htm",
        "finalLink": "https://www.sec.gov/Archives/edgar/data/64040/000006404021000155/spgi-20210630.htm"
    },
    {
        "date": "2021-03-31",
        "symbol": "SPGI",
        "reportedCurrency": "USD",
        "cik": "0000064040",
        "fillingDate": "2021-04-29",
        "acceptedDate": "2021-04-29 17:07:31",
        "calendarYear": "2021",
        "period": "Q1",
        "revenue": 2016000000,
        "costOfRevenue": 527000000,
        "grossProfit": 1489000000,
        "grossProfitRatio": 0.7385912698,
        "researchAndDevelopmentExpenses": 0,
        "generalAndAdministrativeExpenses": 0,
        "sellingAndMarketingExpenses": 0,
        "sellingGeneralAndAdministrativeExpenses": 360000000,
        "otherExpenses": 48000000,
        "operatingExpenses": 408000000,
        "costAndExpenses": 935000000,
        "interestIncome": 0,
        "interestExpense": 32000000,
        "depreciationAndAmortization": 50000000,
        "ebitda": 1138000000,
        "ebitdaratio": 0.564484127,
        "operatingIncome": 1081000000,
        "operatingIncomeRatio": 0.5362103175,
        "totalOtherIncomeExpensesNet": -25000000,
        "incomeBeforeTax": 1056000000,
        "incomeBeforeTaxRatio": 0.5238095238,
        "incomeTaxExpense": 248000000,
        "netIncome": 755000000,
        "netIncomeRatio": 0.3745039683,
        "eps": 3.14,
        "epsdiluted": 3.12,
        "weightedAverageShsOut": 240600000,
        "weightedAverageShsOutDil": 241600000,
        "link": "https://www.sec.gov/Archives/edgar/data/64040/000006404021000121/0000064040-21-000121-index.htm",
        "finalLink": "https://www.sec.gov/Archives/edgar/data/64040/000006404021000121/spgi-20210331.htm"
    },
    {
        "date": "2020-12-31",
        "symbol": "SPGI",
        "reportedCurrency": "USD",
        "cik": "0000064040",
        "fillingDate": "2021-02-09",
        "acceptedDate": "2021-02-09 17:08:31",
        "calendarYear": "2020",
        "period": "Q4",
        "revenue": 1867000000,
        "costOfRevenue": 559000000,
        "grossProfit": 1308000000,
        "grossProfitRatio": 0.7005891805,
        "researchAndDevelopmentExpenses": 0,
        "generalAndAdministrativeExpenses": 0,
        "sellingAndMarketingExpenses": 0,
        "sellingGeneralAndAdministrativeExpenses": 599000000,
        "otherExpenses": 52000000,
        "operatingExpenses": 651000000,
        "costAndExpenses": 1210000000,
        "interestIncome": 0,
        "interestExpense": 32000000,
        "depreciationAndAmortization": 52000000,
        "ebitda": 724000000,
        "ebitdaratio": 0.387787895,
        "operatingIncome": 657000000,
        "operatingIncomeRatio": 0.3519014462,
        "totalOtherIncomeExpensesNet": -17000000,
        "incomeBeforeTax": 640000000,
        "incomeBeforeTaxRatio": 0.3427959293,
        "incomeTaxExpense": 135000000,
        "netIncome": 454000000,
        "netIncomeRatio": 0.2431708623,
        "eps": 1.89,
        "epsdiluted": 1.88,
        "weightedAverageShsOut": 240500000,
        "weightedAverageShsOutDil": 241700000,
        "link": "https://www.sec.gov/Archives/edgar/data/64040/000006404021000063/0000064040-21-000063-index.htm",
        "finalLink": "https://www.sec.gov/Archives/edgar/data/64040/000006404021000063/spgi-20201231.htm"
    },
    {
        "date": "2020-09-30",
        "symbol": "SPGI",
        "reportedCurrency": "USD",
        "cik": "0000064040",
        "fillingDate": "2020-10-28",
        "acceptedDate": "2020-10-27 18:20:43",
        "calendarYear": "2020",
        "period": "Q3",
        "revenue": 1846000000,
        "costOfRevenue": 517000000,
        "grossProfit": 1329000000,
        "grossProfitRatio": 0.7199349946,
        "researchAndDevelopmentExpenses": 0,
        "generalAndAdministrativeExpenses": 0,
        "sellingAndMarketingExpenses": 0,
        "sellingGeneralAndAdministrativeExpenses": 341000000,
        "otherExpenses": 44000000,
        "operatingExpenses": 385000000,
        "costAndExpenses": 902000000,
        "interestIncome": 0,
        "interestExpense": 35000000,
        "depreciationAndAmortization": 54000000,
        "ebitda": 725000000,
        "ebitdaratio": 0.3927410618,
        "operatingIncome": 944000000,
        "operatingIncomeRatio": 0.511375948,
        "totalOtherIncomeExpensesNet": -308000000,
        "incomeBeforeTax": 636000000,
        "incomeBeforeTaxRatio": 0.3445287107,
        "incomeTaxExpense": 138000000,
        "netIncome": 455000000,
        "netIncomeRatio": 0.2464788732,
        "eps": 1.89,
        "epsdiluted": 1.88,
        "weightedAverageShsOut": 240600000,
        "weightedAverageShsOutDil": 241600000,
        "link": "https://www.sec.gov/Archives/edgar/data/64040/000006404020000188/0000064040-20-000188-index.htm",
        "finalLink": "https://www.sec.gov/Archives/edgar/data/64040/000006404020000188/spgi-20200930.htm"
    },
    {
        "date": "2020-06-30",
        "symbol": "SPGI",
        "reportedCurrency": "USD",
        "cik": "0000064040",
        "fillingDate": "2020-07-28",
        "acceptedDate": "2020-07-28 17:06:42",
        "calendarYear": "2020",
        "period": "Q2",
        "revenue": 1943000000,
        "costOfRevenue": 493000000,
        "grossProfit": 1450000000,
        "grossProfitRatio": 0.7462686567,
        "researchAndDevelopmentExpenses": 0,
        "generalAndAdministrativeExpenses": 0,
        "sellingAndMarketingExpenses": 0,
        "sellingGeneralAndAdministrativeExpenses": 295000000,
        "otherExpenses": 50000000,
        "operatingExpenses": 345000000,
        "costAndExpenses": 838000000,
        "interestIncome": 0,
        "interestExpense": 40000000,
        "depreciationAndAmortization": 51000000,
        "ebitda": 1166000000,
        "ebitdaratio": 0.6001029336,
        "operatingIncome": 1105000000,
        "operatingIncomeRatio": 0.5687081832,
        "totalOtherIncomeExpensesNet": -30000000,
        "incomeBeforeTax": 1075000000,
        "incomeBeforeTaxRatio": 0.553268142,
        "incomeTaxExpense": 233000000,
        "netIncome": 792000000,
        "netIncomeRatio": 0.407617087,
        "eps": 3.29,
        "epsdiluted": 3.28,
        "weightedAverageShsOut": 240900000,
        "weightedAverageShsOutDil": 241900000,
        "link": "https://www.sec.gov/Archives/edgar/data/64040/000006404020000144/0000064040-20-000144-index.htm",
        "finalLink": "https://www.sec.gov/Archives/edgar/data/64040/000006404020000144/spgi-20200630.htm"
    },
    {
        "date": "2020-03-31",
        "symbol": "SPGI",
        "reportedCurrency": "USD",
        "cik": "0000064040",
        "fillingDate": "2020-04-28",
        "acceptedDate": "2020-04-28 17:18:28",
        "calendarYear": "2020",
        "period": "Q1",
        "revenue": 1786000000,
        "costOfRevenue": 518000000,
        "grossProfit": 1268000000,
        "grossProfitRatio": 0.7099664054,
        "researchAndDevelopmentExpenses": 0,
        "generalAndAdministrativeExpenses": 0,
        "sellingAndMarketingExpenses": 0,
        "sellingGeneralAndAdministrativeExpenses": 314000000,
        "otherExpenses": 42000000,
        "operatingExpenses": 356000000,
        "costAndExpenses": 874000000,
        "interestIncome": 0,
        "interestExpense": 34000000,
        "depreciationAndAmortization": 49000000,
        "ebitda": 960000000,
        "ebitdaratio": 0.5375139978,
        "operatingIncome": 912000000,
        "operatingIncomeRatio": 0.5106382979,
        "totalOtherIncomeExpensesNet": -35000000,
        "incomeBeforeTax": 877000000,
        "incomeBeforeTaxRatio": 0.4910414334,
        "incomeTaxExpense": 188000000,
        "netIncome": 639000000,
        "netIncomeRatio": 0.3577827548,
        "eps": 2.64,
        "epsdiluted": 2.62,
        "weightedAverageShsOut": 242100000,
        "weightedAverageShsOutDil": 243300000,
        "link": "https://www.sec.gov/Archives/edgar/data/64040/000006404020000119/0000064040-20-000119-index.htm",
        "finalLink": "https://www.sec.gov/Archives/edgar/data/64040/000006404020000119/spgi-20200331.htm"
    },
    {
        "date": "2019-12-31",
        "symbol": "SPGI",
        "reportedCurrency": "USD",
        "cik": "0000064040",
        "fillingDate": "2020-02-10",
        "acceptedDate": "2020-02-10 17:30:11",
        "calendarYear": "2019",
        "period": "Q4",
        "revenue": 1735000000,
        "costOfRevenue": 464000000,
        "grossProfit": 1271000000,
        "grossProfitRatio": 0.7325648415,
        "researchAndDevelopmentExpenses": 0,
        "generalAndAdministrativeExpenses": 0,
        "sellingAndMarketingExpenses": 0,
        "sellingGeneralAndAdministrativeExpenses": 402000000,
        "otherExpenses": 51000000,
        "operatingExpenses": 453000000,
        "costAndExpenses": 917000000,
        "interestIncome": 0,
        "interestExpense": 93000000,
        "depreciationAndAmortization": 51000000,
        "ebitda": 875000000,
        "ebitdaratio": 0.5043227666,
        "operatingIncome": 818000000,
        "operatingIncomeRatio": 0.4714697406,
        "totalOtherIncomeExpensesNet": -87000000,
        "incomeBeforeTax": 731000000,
        "incomeBeforeTaxRatio": 0.4213256484,
        "incomeTaxExpense": 145000000,
        "netIncome": 541000000,
        "netIncomeRatio": 0.311815562,
        "eps": 2.22,
        "epsdiluted": 2.2,
        "weightedAverageShsOut": 244000000,
        "weightedAverageShsOutDil": 245600000,
        "link": "https://www.sec.gov/Archives/edgar/data/64040/000006404020000055/0000064040-20-000055-index.htm",
        "finalLink": "https://www.sec.gov/Archives/edgar/data/64040/000006404020000055/spgi-20191231x10k.htm"
    },
    {
        "date": "2019-09-30",
        "symbol": "SPGI",
        "reportedCurrency": "USD",
        "cik": "0000064040",
        "fillingDate": "2019-10-30",
        "acceptedDate": "2019-10-29 19:18:55",
        "calendarYear": "2019",
        "period": "Q3",
        "revenue": 1689000000,
        "costOfRevenue": 480000000,
        "grossProfit": 1209000000,
        "grossProfitRatio": 0.7158081705,
        "researchAndDevelopmentExpenses": 0,
        "generalAndAdministrativeExpenses": 0,
        "sellingAndMarketingExpenses": 0,
        "sellingGeneralAndAdministrativeExpenses": 318000000,
        "otherExpenses": 0,
        "operatingExpenses": 318000000,
        "costAndExpenses": 798000000,
        "interestIncome": 0,
        "interestExpense": 32000000,
        "depreciationAndAmortization": 49000000,
        "ebitda": 932000000,
        "ebitdaratio": 0.5518058022,
        "operatingIncome": 891000000,
        "operatingIncomeRatio": 0.5275310835,
        "totalOtherIncomeExpensesNet": -40000000,
        "incomeBeforeTax": 851000000,
        "incomeBeforeTaxRatio": 0.503848431,
        "incomeTaxExpense": 189000000,
        "netIncome": 617000000,
        "netIncomeRatio": 0.3653049142,
        "eps": 2.52,
        "epsdiluted": 2.5,
        "weightedAverageShsOut": 245000000,
        "weightedAverageShsOutDil": 246500000,
        "link": "https://www.sec.gov/Archives/edgar/data/64040/000006404019000189/0000064040-19-000189-index.htm",
        "finalLink": "https://www.sec.gov/Archives/edgar/data/64040/000006404019000189/spgi-2019930x10q.htm"
    },
    {
        "date": "2019-06-30",
        "symbol": "SPGI",
        "reportedCurrency": "USD",
        "cik": "0000064040",
        "fillingDate": "2019-08-01",
        "acceptedDate": "2019-08-01 16:40:52",
        "calendarYear": "2019",
        "period": "Q2",
        "revenue": 1704000000,
        "costOfRevenue": 471000000,
        "grossProfit": 1233000000,
        "grossProfitRatio": 0.7235915493,
        "researchAndDevelopmentExpenses": 0,
        "generalAndAdministrativeExpenses": 0,
        "sellingAndMarketingExpenses": 0,
        "sellingGeneralAndAdministrativeExpenses": 368000000,
        "otherExpenses": 52000000,
        "operatingExpenses": 420000000,
        "costAndExpenses": 891000000,
        "interestIncome": 0,
        "interestExpense": 37000000,
        "depreciationAndAmortization": 52000000,
        "ebitda": 871000000,
        "ebitdaratio": 0.5111502347,
        "operatingIncome": 813000000,
        "operatingIncomeRatio": 0.4771126761,
        "totalOtherIncomeExpensesNet": -31000000,
        "incomeBeforeTax": 782000000,
        "incomeBeforeTaxRatio": 0.4589201878,
        "incomeTaxExpense": 180000000,
        "netIncome": 555000000,
        "netIncomeRatio": 0.3257042254,
        "eps": 2.25,
        "epsdiluted": 2.24,
        "weightedAverageShsOut": 246100000,
        "weightedAverageShsOutDil": 247400000,
        "link": "https://www.sec.gov/Archives/edgar/data/64040/000006404019000162/0000064040-19-000162-index.htm",
        "finalLink": "https://www.sec.gov/Archives/edgar/data/64040/000006404019000162/spgi-2019630x10q.htm"
    },
    {
        "date": "2019-03-31",
        "symbol": "SPGI",
        "reportedCurrency": "USD",
        "cik": "0000064040",
        "fillingDate": "2019-05-03",
        "acceptedDate": "2019-05-03 16:59:44",
        "calendarYear": "2019",
        "period": "Q1",
        "revenue": 1571000000,
        "costOfRevenue": 473000000,
        "grossProfit": 1098000000,
        "grossProfitRatio": 0.6989178867,
        "researchAndDevelopmentExpenses": 0,
        "generalAndAdministrativeExpenses": 0,
        "sellingAndMarketingExpenses": 0,
        "sellingGeneralAndAdministrativeExpenses": 341000000,
        "otherExpenses": 52000000,
        "operatingExpenses": 393000000,
        "costAndExpenses": 866000000,
        "interestIncome": 0,
        "interestExpense": 36000000,
        "depreciationAndAmortization": 52000000,
        "ebitda": 654000000,
        "ebitdaratio": 0.4162953533,
        "operatingIncome": 705000000,
        "operatingIncomeRatio": 0.4487587524,
        "totalOtherIncomeExpensesNet": -139000000,
        "incomeBeforeTax": 566000000,
        "incomeBeforeTaxRatio": 0.3602800764,
        "incomeTaxExpense": 113000000,
        "netIncome": 410000000,
        "netIncomeRatio": 0.2609802673,
        "eps": 1.66,
        "epsdiluted": 1.65,
        "weightedAverageShsOut": 246700000,
        "weightedAverageShsOutDil": 248300000,
        "link": "https://www.sec.gov/Archives/edgar/data/64040/000006404019000132/0000064040-19-000132-index.htm",
        "finalLink": "https://www.sec.gov/Archives/edgar/data/64040/000006404019000132/spgi-2019331x10q.htm"
    },
    {
        "date": "2018-12-31",
        "symbol": "SPGI",
        "reportedCurrency": "USD",
        "cik": "0000064040",
        "fillingDate": "2019-02-13",
        "acceptedDate": "2019-02-12 18:15:22",
        "calendarYear": "2018",
        "period": "Q4",
        "revenue": 1536000000,
        "costOfRevenue": 411000000,
        "grossProfit": 1126000000,
        "grossProfitRatio": 0.7330729167,
        "researchAndDevelopmentExpenses": 0,
        "generalAndAdministrativeExpenses": 0,
        "sellingAndMarketingExpenses": 0,
        "sellingGeneralAndAdministrativeExpenses": 367000000,
        "otherExpenses": 55000000,
        "operatingExpenses": 422000000,
        "costAndExpenses": 833000000,
        "interestIncome": 0,
        "interestExpense": 36000000,
        "depreciationAndAmortization": 55000000,
        "ebitda": 762000000,
        "ebitdaratio": 0.49609375,
        "operatingIncome": 704000000,
        "operatingIncomeRatio": 0.4583333333,
        "totalOtherIncomeExpensesNet": -33000000,
        "incomeBeforeTax": 670000000,
        "incomeBeforeTaxRatio": 0.4361979167,
        "incomeTaxExpense": 120000000,
        "netIncome": 512000000,
        "netIncomeRatio": 0.3333333333,
        "eps": 2.06,
        "epsdiluted": 2.03,
        "weightedAverageShsOut": 249000000,
        "weightedAverageShsOutDil": 251500000,
        "link": "https://www.sec.gov/Archives/edgar/data/64040/000006404019000059/0000064040-19-000059-index.htm",
        "finalLink": "https://www.sec.gov/Archives/edgar/data/64040/000006404019000059/spgi-20181231x10k.htm"
    },
    {
        "date": "2018-09-30",
        "symbol": "SPGI",
        "reportedCurrency": "USD",
        "cik": "0000064040",
        "fillingDate": "2018-10-26",
        "acceptedDate": "2018-10-25 18:34:46",
        "calendarYear": "2018",
        "period": "Q3",
        "revenue": 1546000000,
        "costOfRevenue": 410000000,
        "grossProfit": 1136000000,
        "grossProfitRatio": 0.7347994825,
        "researchAndDevelopmentExpenses": 0,
        "generalAndAdministrativeExpenses": 0,
        "sellingAndMarketingExpenses": 0,
        "sellingGeneralAndAdministrativeExpenses": 379000000,
        "otherExpenses": 53000000,
        "operatingExpenses": 432000000,
        "costAndExpenses": 842000000,
        "interestIncome": 0,
        "interestExpense": 38000000,
        "depreciationAndAmortization": 54000000,
        "ebitda": 764000000,
        "ebitdaratio": 0.4941785252,
        "operatingIncome": 704000000,
        "operatingIncomeRatio": 0.4553686934,
        "totalOtherIncomeExpensesNet": -32000000,
        "incomeBeforeTax": 672000000,
        "incomeBeforeTaxRatio": 0.4346701164,
        "incomeTaxExpense": 137000000,
        "netIncome": 495000000,
        "netIncomeRatio": 0.3201811125,
        "eps": 1.97,
        "epsdiluted": 1.95,
        "weightedAverageShsOut": 251300000,
        "weightedAverageShsOutDil": 253500000,
        "link": "https://www.sec.gov/Archives/edgar/data/64040/000006404018000183/0000064040-18-000183-index.htm",
        "finalLink": "https://www.sec.gov/Archives/edgar/data/64040/000006404018000183/spgi-2018930x10q.htm"
    },
    {
        "date": "2018-06-30",
        "symbol": "SPGI",
        "reportedCurrency": "USD",
        "cik": "0000064040",
        "fillingDate": "2018-07-26",
        "acceptedDate": "2018-07-26 17:06:54",
        "calendarYear": "2018",
        "period": "Q2",
        "revenue": 1609000000,
        "costOfRevenue": 441000000,
        "grossProfit": 1168000000,
        "grossProfitRatio": 0.7259167185,
        "researchAndDevelopmentExpenses": 0,
        "generalAndAdministrativeExpenses": 0,
        "sellingAndMarketingExpenses": 0,
        "sellingGeneralAndAdministrativeExpenses": 444000000,
        "otherExpenses": 52000000,
        "operatingExpenses": 496000000,
        "costAndExpenses": 937000000,
        "interestIncome": 0,
        "interestExpense": 26000000,
        "depreciationAndAmortization": 52000000,
        "ebitda": 735000000,
        "ebitdaratio": 0.4568054692,
        "operatingIncome": 672000000,
        "operatingIncomeRatio": 0.4176507147,
        "totalOtherIncomeExpensesNet": -15000000,
        "incomeBeforeTax": 657000000,
        "incomeBeforeTaxRatio": 0.4083281541,
        "incomeTaxExpense": 156000000,
        "netIncome": 461000000,
        "netIncomeRatio": 0.2865133623,
        "eps": 1.83,
        "epsdiluted": 1.82,
        "weightedAverageShsOut": 251100000,
        "weightedAverageShsOutDil": 253300000,
        "link": "https://www.sec.gov/Archives/edgar/data/64040/000006404018000162/0000064040-18-000162-index.htm",
        "finalLink": "https://www.sec.gov/Archives/edgar/data/64040/000006404018000162/spgi-2018630x10q.htm"
    },
    {
        "date": "2018-03-31",
        "symbol": "SPGI",
        "reportedCurrency": "USD",
        "cik": "0000064040",
        "fillingDate": "2018-04-26",
        "acceptedDate": "2018-04-26 17:29:47",
        "calendarYear": "2018",
        "period": "Q1",
        "revenue": 1567000000,
        "costOfRevenue": 430000000,
        "grossProfit": 1137000000,
        "grossProfitRatio": 0.7255902999,
        "researchAndDevelopmentExpenses": 0,
        "generalAndAdministrativeExpenses": 0,
        "sellingAndMarketingExpenses": 0,
        "sellingGeneralAndAdministrativeExpenses": 381000000,
        "otherExpenses": 45000000,
        "operatingExpenses": 426000000,
        "costAndExpenses": 856000000,
        "interestIncome": 0,
        "interestExpense": 34000000,
        "depreciationAndAmortization": 45000000,
        "ebitda": 760000000,
        "ebitdaratio": 0.4850031908,
        "operatingIncome": 711000000,
        "operatingIncomeRatio": 0.4537332482,
        "totalOtherIncomeExpensesNet": -30000000,
        "incomeBeforeTax": 681000000,
        "incomeBeforeTaxRatio": 0.4345883854,
        "incomeTaxExpense": 147000000,
        "netIncome": 491000000,
        "netIncomeRatio": 0.3133375877,
        "eps": 1.94,
        "epsdiluted": 1.93,
        "weightedAverageShsOut": 252400000,
        "weightedAverageShsOutDil": 254400000,
        "link": "https://www.sec.gov/Archives/edgar/data/64040/000006404018000125/0000064040-18-000125-index.htm",
        "finalLink": "https://www.sec.gov/Archives/edgar/data/64040/000006404018000125/spgi-2018331x10q.htm"
    },
    {
        "date": "2017-12-31",
        "symbol": "SPGI",
        "reportedCurrency": "USD",
        "cik": "0000064040",
        "fillingDate": "2018-02-09",
        "acceptedDate": "2018-02-09 16:40:54",
        "calendarYear": "2017",
        "period": "Q4",
        "revenue": 1589000000,
        "costOfRevenue": 431000000,
        "grossProfit": 1157000000,
        "grossProfitRatio": 0.7281308999,
        "researchAndDevelopmentExpenses": 0,
        "generalAndAdministrativeExpenses": 0,
        "sellingAndMarketingExpenses": 0,
        "sellingGeneralAndAdministrativeExpenses": 483000000,
        "otherExpenses": 46000000,
        "operatingExpenses": 529000000,
        "costAndExpenses": 960000000,
        "interestIncome": 0,
        "interestExpense": 39000000,
        "depreciationAndAmortization": 46000000,
        "ebitda": 674000000,
        "ebitdaratio": 0.4241661422,
        "operatingIncome": 628000000,
        "operatingIncomeRatio": 0.3952171177,
        "totalOtherIncomeExpensesNet": -39000000,
        "incomeBeforeTax": 589000000,
        "incomeBeforeTaxRatio": 0.3706733795,
        "incomeTaxExpense": 290000000,
        "netIncome": 263000000,
        "netIncomeRatio": 0.1655129012,
        "eps": 1.03,
        "epsdiluted": 1.02,
        "weightedAverageShsOut": 254400000,
        "weightedAverageShsOutDil": 257000000,
        "link": "https://www.sec.gov/Archives/edgar/data/64040/000006404018000061/0000064040-18-000061-index.htm",
        "finalLink": "https://www.sec.gov/Archives/edgar/data/64040/000006404018000061/spgi-20171231x10k.htm"
    },
    {
        "date": "2017-09-30",
        "symbol": "SPGI",
        "reportedCurrency": "USD",
        "cik": "0000064040",
        "fillingDate": "2017-10-26",
        "acceptedDate": "2017-10-26 17:28:23",
        "calendarYear": "2017",
        "period": "Q3",
        "revenue": 1513000000,
        "costOfRevenue": 419000000,
        "grossProfit": 1094000000,
        "grossProfitRatio": 0.7230667548,
        "researchAndDevelopmentExpenses": 0,
        "generalAndAdministrativeExpenses": 0,
        "sellingAndMarketingExpenses": 0,
        "sellingGeneralAndAdministrativeExpenses": 399000000,
        "otherExpenses": 46000000,
        "operatingExpenses": 445000000,
        "costAndExpenses": 864000000,
        "interestIncome": 0,
        "interestExpense": 37000000,
        "depreciationAndAmortization": 46000000,
        "ebitda": 704000000,
        "ebitdaratio": 0.465300727,
        "operatingIncome": 649000000,
        "operatingIncomeRatio": 0.4289491077,
        "totalOtherIncomeExpensesNet": -28000000,
        "incomeBeforeTax": 621000000,
        "incomeBeforeTaxRatio": 0.4104428288,
        "incomeTaxExpense": 169000000,
        "netIncome": 414000000,
        "netIncomeRatio": 0.2736285525,
        "eps": 1.62,
        "epsdiluted": 1.61,
        "weightedAverageShsOut": 255500000,
        "weightedAverageShsOutDil": 257900000,
        "link": "https://www.sec.gov/Archives/edgar/data/64040/000006404017000069/0000064040-17-000069-index.htm",
        "finalLink": "https://www.sec.gov/Archives/edgar/data/64040/000006404017000069/spgi-2017930xq3.htm"
    },
    {
        "date": "2017-06-30",
        "symbol": "SPGI",
        "reportedCurrency": "USD",
        "cik": "0000064040",
        "fillingDate": "2017-07-27",
        "acceptedDate": "2017-07-27 17:13:02",
        "calendarYear": "2017",
        "period": "Q2",
        "revenue": 1509000000,
        "costOfRevenue": 432000000,
        "grossProfit": 1077000000,
        "grossProfitRatio": 0.7137176938,
        "researchAndDevelopmentExpenses": 0,
        "generalAndAdministrativeExpenses": 0,
        "sellingAndMarketingExpenses": 0,
        "sellingGeneralAndAdministrativeExpenses": 364000000,
        "otherExpenses": 45000000,
        "operatingExpenses": 409000000,
        "costAndExpenses": 841000000,
        "interestIncome": 0,
        "interestExpense": 37000000,
        "depreciationAndAmortization": 45000000,
        "ebitda": 722000000,
        "ebitdaratio": 0.478462558,
        "operatingIncome": 668000000,
        "operatingIncomeRatio": 0.4426772697,
        "totalOtherIncomeExpensesNet": -28000000,
        "incomeBeforeTax": 640000000,
        "incomeBeforeTaxRatio": 0.4241219351,
        "incomeTaxExpense": 183000000,
        "netIncome": 421000000,
        "netIncomeRatio": 0.2789927104,
        "eps": 1.63,
        "epsdiluted": 1.62,
        "weightedAverageShsOut": 257300000,
        "weightedAverageShsOutDil": 259900000,
        "link": "https://www.sec.gov/Archives/edgar/data/64040/000006404017000051/0000064040-17-000051-index.htm",
        "finalLink": "https://www.sec.gov/Archives/edgar/data/64040/000006404017000051/spgi-2017630xq2.htm"
    },
    {
        "date": "2017-03-31",
        "symbol": "SPGI",
        "reportedCurrency": "USD",
        "cik": "0000064040",
        "fillingDate": "2017-04-26",
        "acceptedDate": "2017-04-25 19:00:18",
        "calendarYear": "2017",
        "period": "Q1",
        "revenue": 1453000000,
        "costOfRevenue": 411000000,
        "grossProfit": 1042000000,
        "grossProfitRatio": 0.717136958,
        "researchAndDevelopmentExpenses": 0,
        "generalAndAdministrativeExpenses": 0,
        "sellingAndMarketingExpenses": 0,
        "sellingGeneralAndAdministrativeExpenses": 360000000,
        "otherExpenses": 43000000,
        "operatingExpenses": 403000000,
        "costAndExpenses": 814000000,
        "interestIncome": 0,
        "interestExpense": 37000000,
        "depreciationAndAmortization": 43000000,
        "ebitda": 691000000,
        "ebitdaratio": 0.4755677908,
        "operatingIncome": 639000000,
        "operatingIncomeRatio": 0.439779766,
        "totalOtherIncomeExpensesNet": -28000000,
        "incomeBeforeTax": 611000000,
        "incomeBeforeTaxRatio": 0.4205092911,
        "incomeTaxExpense": 181000000,
        "netIncome": 399000000,
        "netIncomeRatio": 0.274604267,
        "eps": 1.54,
        "epsdiluted": 1.53,
        "weightedAverageShsOut": 258200000,
        "weightedAverageShsOutDil": 260800000,
        "link": "https://www.sec.gov/Archives/edgar/data/64040/000006404017000031/0000064040-17-000031-index.htm",
        "finalLink": "https://www.sec.gov/Archives/edgar/data/64040/000006404017000031/spgi-2017331xq1.htm"
    },
    {
        "date": "2016-12-31",
        "symbol": "SPGI",
        "reportedCurrency": "USD",
        "cik": "0000064040",
        "fillingDate": "2017-02-09",
        "acceptedDate": "2017-02-09 08:45:42",
        "calendarYear": "2016",
        "period": "Q4",
        "revenue": 1399000000,
        "costOfRevenue": 406000000,
        "grossProfit": 993000000,
        "grossProfitRatio": 0.7097927091,
        "researchAndDevelopmentExpenses": 0,
        "generalAndAdministrativeExpenses": 0,
        "sellingAndMarketingExpenses": 0,
        "sellingGeneralAndAdministrativeExpenses": 468000000,
        "otherExpenses": -332000000,
        "operatingExpenses": 136000000,
        "costAndExpenses": 542000000,
        "interestIncome": 0,
        "interestExpense": 59000000,
        "depreciationAndAmortization": 47000000,
        "ebitda": 904000000,
        "ebitdaratio": 0.6461758399,
        "operatingIncome": 857000000,
        "operatingIncomeRatio": 0.6125804146,
        "totalOtherIncomeExpensesNet": -59000000,
        "incomeBeforeTax": 797000000,
        "incomeBeforeTaxRatio": 0.5696926376,
        "incomeTaxExpense": 229000000,
        "netIncome": 537000000,
        "netIncomeRatio": 0.383845604,
        "eps": 2.07,
        "epsdiluted": 2.05,
        "weightedAverageShsOut": 258900000,
        "weightedAverageShsOutDil": 261600000,
        "link": "https://www.sec.gov/Archives/edgar/data/64040/000006404017000015/0000064040-17-000015-index.htm",
        "finalLink": "https://www.sec.gov/Archives/edgar/data/64040/000006404017000015/spgi-20161231x10k.htm"
    },
    {
        "date": "2016-09-30",
        "symbol": "SPGI",
        "reportedCurrency": "USD",
        "cik": "0000064040",
        "fillingDate": "2016-11-03",
        "acceptedDate": "2016-11-03 17:02:55",
        "calendarYear": "2016",
        "period": "Q3",
        "revenue": 1439000000,
        "costOfRevenue": 431000000,
        "grossProfit": 1008000000,
        "grossProfitRatio": 0.7004864489,
        "researchAndDevelopmentExpenses": 0,
        "generalAndAdministrativeExpenses": 0,
        "sellingAndMarketingExpenses": 0,
        "sellingGeneralAndAdministrativeExpenses": 337000000,
        "otherExpenses": -677000000,
        "operatingExpenses": -340000000,
        "costAndExpenses": 91000000,
        "interestIncome": 0,
        "interestExpense": 39000000,
        "depreciationAndAmortization": 47000000,
        "ebitda": 1395000000,
        "ebitdaratio": 0.9694232106,
        "operatingIncome": 1348000000,
        "operatingIncomeRatio": 0.93676164,
        "totalOtherIncomeExpensesNet": -39000000,
        "incomeBeforeTax": 1309000000,
        "incomeBeforeTaxRatio": 0.9096594858,
        "incomeTaxExpense": 386000000,
        "netIncome": 892000000,
        "netIncomeRatio": 0.6198749131,
        "eps": 3.39,
        "epsdiluted": 3.36,
        "weightedAverageShsOut": 262900000,
        "weightedAverageShsOutDil": 265300000,
        "link": "https://www.sec.gov/Archives/edgar/data/64040/000006404016000109/0000064040-16-000109-index.htm",
        "finalLink": "https://www.sec.gov/Archives/edgar/data/64040/000006404016000109/spgi-2016930xq3.htm"
    },
    {
        "date": "2016-06-30",
        "symbol": "SPGI",
        "reportedCurrency": "USD",
        "cik": "0000064040",
        "fillingDate": "2016-07-28",
        "acceptedDate": "2016-07-28 16:21:05",
        "calendarYear": "2016",
        "period": "Q2",
        "revenue": 1482000000,
        "costOfRevenue": 469000000,
        "grossProfit": 1013000000,
        "grossProfitRatio": 0.6835357625,
        "researchAndDevelopmentExpenses": 0,
        "generalAndAdministrativeExpenses": 0,
        "sellingAndMarketingExpenses": 0,
        "sellingGeneralAndAdministrativeExpenses": 317000000,
        "otherExpenses": 45000000,
        "operatingExpenses": 362000000,
        "costAndExpenses": 831000000,
        "interestIncome": 0,
        "interestExpense": 42000000,
        "depreciationAndAmortization": 45000000,
        "ebitda": 696000000,
        "ebitdaratio": 0.4696356275,
        "operatingIncome": 651000000,
        "operatingIncomeRatio": 0.4392712551,
        "totalOtherIncomeExpensesNet": -42000000,
        "incomeBeforeTax": 609000000,
        "incomeBeforeTaxRatio": 0.4109311741,
        "incomeTaxExpense": 197000000,
        "netIncome": 383000000,
        "netIncomeRatio": 0.2584345479,
        "eps": 1.45,
        "epsdiluted": 1.44,
        "weightedAverageShsOut": 264500000,
        "weightedAverageShsOutDil": 266700000,
        "link": "https://www.sec.gov/Archives/edgar/data/64040/000006404016000090/0000064040-16-000090-index.htm",
        "finalLink": "https://www.sec.gov/Archives/edgar/data/64040/000006404016000090/spgi-2016630xq2.htm"
    },
    {
        "date": "2016-03-31",
        "symbol": "SPGI",
        "reportedCurrency": "USD",
        "cik": "0000064040",
        "fillingDate": "2016-04-26",
        "acceptedDate": "2016-04-26 17:26:06",
        "calendarYear": "2016",
        "period": "Q1",
        "revenue": 1341000000,
        "costOfRevenue": 453000000,
        "grossProfit": 888000000,
        "grossProfitRatio": 0.6621923937,
        "researchAndDevelopmentExpenses": 0,
        "generalAndAdministrativeExpenses": 0,
        "sellingAndMarketingExpenses": 0,
        "sellingGeneralAndAdministrativeExpenses": 334000000,
        "otherExpenses": 42000000,
        "operatingExpenses": 376000000,
        "costAndExpenses": 829000000,
        "interestIncome": 0,
        "interestExpense": 40000000,
        "depreciationAndAmortization": 42000000,
        "ebitda": 554000000,
        "ebitdaratio": 0.4131245339,
        "operatingIncome": 512000000,
        "operatingIncomeRatio": 0.3818046234,
        "totalOtherIncomeExpensesNet": -40000000,
        "incomeBeforeTax": 472000000,
        "incomeBeforeTaxRatio": 0.3519761372,
        "incomeTaxExpense": 149000000,
        "netIncome": 294000000,
        "netIncomeRatio": 0.2192393736,
        "eps": 1.11,
        "epsdiluted": 1.1,
        "weightedAverageShsOut": 265000000,
        "weightedAverageShsOutDil": 267200000,
        "link": "https://www.sec.gov/Archives/edgar/data/64040/000006404016000059/0000064040-16-000059-index.htm",
        "finalLink": "https://www.sec.gov/Archives/edgar/data/64040/000006404016000059/mhfi-2016331xq1.htm"
    },
    {
        "date": "2015-12-31",
        "symbol": "SPGI",
        "reportedCurrency": "USD",
        "cik": "0000064040",
        "fillingDate": "2016-02-12",
        "acceptedDate": "2016-02-11 18:16:14",
        "calendarYear": "2015",
        "period": "Q4",
        "revenue": 1374000000,
        "costOfRevenue": 454000000,
        "grossProfit": 921000000,
        "grossProfitRatio": 0.6703056769,
        "researchAndDevelopmentExpenses": 0,
        "generalAndAdministrativeExpenses": 0,
        "sellingAndMarketingExpenses": 0,
        "sellingGeneralAndAdministrativeExpenses": 444000000,
        "otherExpenses": 53000000,
        "operatingExpenses": 497000000,
        "costAndExpenses": 951000000,
        "interestIncome": 0,
        "interestExpense": 40000000,
        "depreciationAndAmortization": 53000000,
        "ebitda": 477000000,
        "ebitdaratio": 0.3471615721,
        "operatingIncome": 424000000,
        "operatingIncomeRatio": 0.308588064,
        "totalOtherIncomeExpensesNet": -40000000,
        "incomeBeforeTax": 384000000,
        "incomeBeforeTaxRatio": 0.2794759825,
        "incomeTaxExpense": 108000000,
        "netIncome": 248000000,
        "netIncomeRatio": 0.1804949054,
        "eps": 0.92,
        "epsdiluted": 0.91,
        "weightedAverageShsOut": 268500000,
        "weightedAverageShsOutDil": 272100000,
        "link": "https://www.sec.gov/Archives/edgar/data/64040/000006404016000042/0000064040-16-000042-index.htm",
        "finalLink": "https://www.sec.gov/Archives/edgar/data/64040/000006404016000042/mhfi-20151231x10k.htm"
    },
    {
        "date": "2015-09-30",
        "symbol": "SPGI",
        "reportedCurrency": "USD",
        "cik": "0000064040",
        "fillingDate": "2015-11-04",
        "acceptedDate": "2015-11-03 17:47:15",
        "calendarYear": "2015",
        "period": "Q3",
        "revenue": 1324000000,
        "costOfRevenue": 419000000,
        "grossProfit": 905000000,
        "grossProfitRatio": 0.6835347432,
        "researchAndDevelopmentExpenses": 0,
        "generalAndAdministrativeExpenses": 0,
        "sellingAndMarketingExpenses": 0,
        "sellingGeneralAndAdministrativeExpenses": 458000000,
        "otherExpenses": 37000000,
        "operatingExpenses": 495000000,
        "costAndExpenses": 914000000,
        "interestIncome": 0,
        "interestExpense": 30000000,
        "depreciationAndAmortization": 38000000,
        "ebitda": 448000000,
        "ebitdaratio": 0.3383685801,
        "operatingIncome": 410000000,
        "operatingIncomeRatio": 0.3096676737,
        "totalOtherIncomeExpensesNet": -30000000,
        "incomeBeforeTax": 380000000,
        "incomeBeforeTaxRatio": 0.2870090634,
        "incomeTaxExpense": 99000000,
        "netIncome": 252000000,
        "netIncomeRatio": 0.1903323263,
        "eps": 0.93,
        "epsdiluted": 0.92,
        "weightedAverageShsOut": 271300000,
        "weightedAverageShsOutDil": 274400000,
        "link": "https://www.sec.gov/Archives/edgar/data/64040/000006404015000026/0000064040-15-000026-index.htm",
        "finalLink": "https://www.sec.gov/Archives/edgar/data/64040/000006404015000026/mhfi-2015930xq3.htm"
    },
    {
        "date": "2015-06-30",
        "symbol": "SPGI",
        "reportedCurrency": "USD",
        "cik": "0000064040",
        "fillingDate": "2015-07-28",
        "acceptedDate": "2015-07-27 17:38:39",
        "calendarYear": "2015",
        "period": "Q2",
        "revenue": 1342000000,
        "costOfRevenue": 412000000,
        "grossProfit": 930000000,
        "grossProfitRatio": 0.6929955291,
        "researchAndDevelopmentExpenses": 0,
        "generalAndAdministrativeExpenses": 0,
        "sellingAndMarketingExpenses": 0,
        "sellingGeneralAndAdministrativeExpenses": 326000000,
        "otherExpenses": 22000000,
        "operatingExpenses": 348000000,
        "costAndExpenses": 760000000,
        "interestIncome": 0,
        "interestExpense": 16000000,
        "depreciationAndAmortization": 33000000,
        "ebitda": 615000000,
        "ebitdaratio": 0.458271237,
        "operatingIncome": 582000000,
        "operatingIncomeRatio": 0.433681073,
        "totalOtherIncomeExpensesNet": -16000000,
        "incomeBeforeTax": 566000000,
        "incomeBeforeTaxRatio": 0.4217585693,
        "incomeTaxExpense": 185000000,
        "netIncome": 353000000,
        "netIncomeRatio": 0.2630402385,
        "eps": 1.29,
        "epsdiluted": 1.28,
        "weightedAverageShsOut": 273100000,
        "weightedAverageShsOutDil": 275700000,
        "link": "https://www.sec.gov/Archives/edgar/data/64040/000162828015005469/0001628280-15-005469-index.htm",
        "finalLink": "https://www.sec.gov/Archives/edgar/data/64040/000162828015005469/mhfi-2015630xq2.htm"
    },
    {
        "date": "2015-03-31",
        "symbol": "SPGI",
        "reportedCurrency": "USD",
        "cik": "0000064040",
        "fillingDate": "2015-04-28",
        "acceptedDate": "2015-04-28 15:56:00",
        "calendarYear": "2015",
        "period": "Q1",
        "revenue": 1273000000,
        "costOfRevenue": 410000000,
        "grossProfit": 863000000,
        "grossProfitRatio": 0.6779261587,
        "researchAndDevelopmentExpenses": 0,
        "generalAndAdministrativeExpenses": 0,
        "sellingAndMarketingExpenses": 0,
        "sellingGeneralAndAdministrativeExpenses": 329000000,
        "otherExpenses": 33000000,
        "operatingExpenses": 362000000,
        "costAndExpenses": 772000000,
        "interestIncome": 0,
        "interestExpense": 16000000,
        "depreciationAndAmortization": 33000000,
        "ebitda": 534000000,
        "ebitdaratio": 0.4194815397,
        "operatingIncome": 501000000,
        "operatingIncomeRatio": 0.3935585232,
        "totalOtherIncomeExpensesNet": -16000000,
        "incomeBeforeTax": 485000000,
        "incomeBeforeTaxRatio": 0.3809897879,
        "incomeTaxExpense": 156000000,
        "netIncome": 303000000,
        "netIncomeRatio": 0.2380204242,
        "eps": 1.11,
        "epsdiluted": 1.1,
        "weightedAverageShsOut": 273500000,
        "weightedAverageShsOutDil": 276300000,
        "link": "https://www.sec.gov/Archives/edgar/data/64040/000006404015000008/0000064040-15-000008-index.htm",
        "finalLink": "https://www.sec.gov/Archives/edgar/data/64040/000006404015000008/mhfi-2015331xq1.htm"
    },
    {
        "date": "2014-12-31",
        "symbol": "SPGI",
        "reportedCurrency": "USD",
        "cik": "0000064040",
        "fillingDate": "2015-02-13",
        "acceptedDate": "2015-02-13 14:34:08",
        "calendarYear": "2014",
        "period": "Q4",
        "revenue": 1290000000,
        "costOfRevenue": 422000000,
        "grossProfit": 868000000,
        "grossProfitRatio": 0.6728682171,
        "researchAndDevelopmentExpenses": 0,
        "generalAndAdministrativeExpenses": 0,
        "sellingAndMarketingExpenses": 0,
        "sellingGeneralAndAdministrativeExpenses": 1982000000,
        "otherExpenses": 34000000,
        "operatingExpenses": 2016000000,
        "costAndExpenses": 2438000000,
        "interestIncome": 0,
        "interestExpense": 19000000,
        "depreciationAndAmortization": 34000000,
        "ebitda": -1114000000,
        "ebitdaratio": -0.8635658915,
        "operatingIncome": -1148000000,
        "operatingIncomeRatio": -0.8899224806,
        "totalOtherIncomeExpensesNet": -19000000,
        "incomeBeforeTax": -1167000000,
        "incomeBeforeTaxRatio": -0.9046511628,
        "incomeTaxExpense": -183000000,
        "netIncome": -846000000,
        "netIncomeRatio": -0.6558139535,
        "eps": -3.11,
        "epsdiluted": -3.11,
        "weightedAverageShsOut": 271700000,
        "weightedAverageShsOutDil": 271700000,
        "link": "https://www.sec.gov/Archives/edgar/data/64040/000006404015000004/0000064040-15-000004-index.htm",
        "finalLink": "https://www.sec.gov/Archives/edgar/data/64040/000006404015000004/mhfi-20141231x10k.htm"
    },
    {
        "date": "2014-09-30",
        "symbol": "SPGI",
        "reportedCurrency": "USD",
        "cik": "0000064040",
        "fillingDate": "2014-10-29",
        "acceptedDate": "2014-10-29 09:55:07",
        "calendarYear": "2014",
        "period": "Q3",
        "revenue": 1263000000,
        "costOfRevenue": 402000000,
        "grossProfit": 861000000,
        "grossProfitRatio": 0.6817102138,
        "researchAndDevelopmentExpenses": 0,
        "generalAndAdministrativeExpenses": 0,
        "sellingAndMarketingExpenses": 0,
        "sellingGeneralAndAdministrativeExpenses": 462000000,
        "otherExpenses": 33000000,
        "operatingExpenses": 495000000,
        "costAndExpenses": 897000000,
        "interestIncome": 0,
        "interestExpense": 12000000,
        "depreciationAndAmortization": 34000000,
        "ebitda": 400000000,
        "ebitdaratio": 0.3167062549,
        "operatingIncome": 366000000,
        "operatingIncomeRatio": 0.2897862233,
        "totalOtherIncomeExpensesNet": -12000000,
        "incomeBeforeTax": 354000000,
        "incomeBeforeTaxRatio": 0.2802850356,
        "incomeTaxExpense": 139000000,
        "netIncome": 190000000,
        "netIncomeRatio": 0.1504354711,
        "eps": 0.7,
        "epsdiluted": 0.69,
        "weightedAverageShsOut": 270900000,
        "weightedAverageShsOutDil": 275400000,
        "link": "https://www.sec.gov/Archives/edgar/data/64040/000006404014000020/0000064040-14-000020-index.htm",
        "finalLink": "https://www.sec.gov/Archives/edgar/data/64040/000006404014000020/mhfi-2014930xq3.htm"
    },
    {
        "date": "2014-06-30",
        "symbol": "SPGI",
        "reportedCurrency": "USD",
        "cik": "0000064040",
        "fillingDate": "2014-07-29",
        "acceptedDate": "2014-07-29 10:35:55",
        "calendarYear": "2014",
        "period": "Q2",
        "revenue": 1346000000,
        "costOfRevenue": 407000000,
        "grossProfit": 895000000,
        "grossProfitRatio": 0.6649331352,
        "researchAndDevelopmentExpenses": 0,
        "generalAndAdministrativeExpenses": 0,
        "sellingAndMarketingExpenses": 0,
        "sellingGeneralAndAdministrativeExpenses": 376000000,
        "otherExpenses": 43000000,
        "operatingExpenses": 419000000,
        "costAndExpenses": 826000000,
        "interestIncome": 0,
        "interestExpense": 14000000,
        "depreciationAndAmortization": 33000000,
        "ebitda": 510000000,
        "ebitdaratio": 0.3789004458,
        "operatingIncome": 476000000,
        "operatingIncomeRatio": 0.353640416,
        "totalOtherIncomeExpensesNet": -14000000,
        "incomeBeforeTax": 472000000,
        "incomeBeforeTaxRatio": 0.3506686478,
        "incomeTaxExpense": 152000000,
        "netIncome": 292000000,
        "netIncomeRatio": 0.2169390788,
        "eps": 1.08,
        "epsdiluted": 1.06,
        "weightedAverageShsOut": 271500000,
        "weightedAverageShsOutDil": 276100000,
        "link": "https://www.sec.gov/Archives/edgar/data/64040/000006404014000017/0000064040-14-000017-index.htm",
        "finalLink": "https://www.sec.gov/Archives/edgar/data/64040/000006404014000017/mhfi-2014630xq2.htm"
    },
    {
        "date": "2014-03-31",
        "symbol": "SPGI",
        "reportedCurrency": "USD",
        "cik": "0000064040",
        "fillingDate": "2014-04-29",
        "acceptedDate": "2014-04-29 09:58:07",
        "calendarYear": "2014",
        "period": "Q1",
        "revenue": 1236000000,
        "costOfRevenue": 396000000,
        "grossProfit": 800000000,
        "grossProfitRatio": 0.6472491909,
        "researchAndDevelopmentExpenses": 0,
        "generalAndAdministrativeExpenses": 0,
        "sellingAndMarketingExpenses": 0,
        "sellingGeneralAndAdministrativeExpenses": 347000000,
        "otherExpenses": 33000000,
        "operatingExpenses": 380000000,
        "costAndExpenses": 776000000,
        "interestIncome": 0,
        "interestExpense": 14000000,
        "depreciationAndAmortization": 33000000,
        "ebitda": 453000000,
        "ebitdaratio": 0.3665048544,
        "operatingIncome": 420000000,
        "operatingIncomeRatio": 0.3398058252,
        "totalOtherIncomeExpensesNet": -14000000,
        "incomeBeforeTax": 416000000,
        "incomeBeforeTaxRatio": 0.3365695793,
        "incomeTaxExpense": 138000000,
        "netIncome": 248000000,
        "netIncomeRatio": 0.2006472492,
        "eps": 0.91,
        "epsdiluted": 0.89,
        "weightedAverageShsOut": 271800000,
        "weightedAverageShsOutDil": 277200000,
        "link": "https://www.sec.gov/Archives/edgar/data/64040/000006404014000013/0000064040-14-000013-index.htm",
        "finalLink": "https://www.sec.gov/Archives/edgar/data/64040/000006404014000013/mhfi-2014331xq1.htm"
    },
    {
        "date": "2013-12-31",
        "symbol": "SPGI",
        "reportedCurrency": "USD",
        "cik": "0000064040",
        "fillingDate": "2014-02-07",
        "acceptedDate": "2014-02-07 09:09:28",
        "calendarYear": "2013",
        "period": "Q4",
        "revenue": 1250000000,
        "costOfRevenue": 420000000,
        "grossProfit": 830000000,
        "grossProfitRatio": 0.664,
        "researchAndDevelopmentExpenses": 0,
        "generalAndAdministrativeExpenses": 0,
        "sellingAndMarketingExpenses": 0,
        "sellingGeneralAndAdministrativeExpenses": 476000000,
        "otherExpenses": 70000000,
        "operatingExpenses": 546000000,
        "costAndExpenses": 966000000,
        "interestIncome": 0,
        "interestExpense": 14000000,
        "depreciationAndAmortization": 34000000,
        "ebitda": 318000000,
        "ebitdaratio": 0.2544,
        "operatingIncome": 284000000,
        "operatingIncomeRatio": 0.2272,
        "totalOtherIncomeExpensesNet": -14000000,
        "incomeBeforeTax": 270000000,
        "incomeBeforeTaxRatio": 0.216,
        "incomeTaxExpense": 79000000,
        "netIncome": 171000000,
        "netIncomeRatio": 0.1368,
        "eps": 0.63,
        "epsdiluted": 0.62,
        "weightedAverageShsOut": 270400000,
        "weightedAverageShsOutDil": 278000000,
        "link": "https://www.sec.gov/Archives/edgar/data/64040/000006404014000007/0000064040-14-000007-index.htm",
        "finalLink": "https://www.sec.gov/Archives/edgar/data/64040/000006404014000007/mhfi-20131231x10k.htm"
    },
    {
        "date": "2013-09-30",
        "symbol": "SPGI",
        "reportedCurrency": "USD",
        "cik": "0000064040",
        "fillingDate": "2013-10-22",
        "acceptedDate": "2013-10-22 09:55:29",
        "calendarYear": "2013",
        "period": "Q3",
        "revenue": 1194000000,
        "costOfRevenue": 371000000,
        "grossProfit": 781000000,
        "grossProfitRatio": 0.6541038526,
        "researchAndDevelopmentExpenses": 0,
        "generalAndAdministrativeExpenses": 0,
        "sellingAndMarketingExpenses": 0,
        "sellingGeneralAndAdministrativeExpenses": 377000000,
        "otherExpenses": 9000000,
        "operatingExpenses": 386000000,
        "costAndExpenses": 757000000,
        "interestIncome": 0,
        "interestExpense": 14000000,
        "depreciationAndAmortization": 33000000,
        "ebitda": 428000000,
        "ebitdaratio": 0.3584589615,
        "operatingIncome": 395000000,
        "operatingIncomeRatio": 0.3308207705,
        "totalOtherIncomeExpensesNet": -14000000,
        "incomeBeforeTax": 393000000,
        "incomeBeforeTaxRatio": 0.3291457286,
        "incomeTaxExpense": 123000000,
        "netIncome": 215000000,
        "netIncomeRatio": 0.1800670017,
        "eps": 0.79,
        "epsdiluted": 0.77,
        "weightedAverageShsOut": 272800000,
        "weightedAverageShsOutDil": 278800000,
        "link": "https://www.sec.gov/Archives/edgar/data/64040/000006404013000018/0000064040-13-000018-index.htm",
        "finalLink": "https://www.sec.gov/Archives/edgar/data/64040/000006404013000018/mhp-2013930xq3.htm"
    },
    {
        "date": "2013-06-30",
        "symbol": "SPGI",
        "reportedCurrency": "USD",
        "cik": "0000064040",
        "fillingDate": "2013-07-25",
        "acceptedDate": "2013-07-25 09:56:39",
        "calendarYear": "2013",
        "period": "Q2",
        "revenue": 1250000000,
        "costOfRevenue": 395000000,
        "grossProfit": 855000000,
        "grossProfitRatio": 0.684,
        "researchAndDevelopmentExpenses": 0,
        "generalAndAdministrativeExpenses": 0,
        "sellingAndMarketingExpenses": 0,
        "sellingGeneralAndAdministrativeExpenses": 384000000,
        "otherExpenses": 35000000,
        "operatingExpenses": 419000000,
        "costAndExpenses": 814000000,
        "interestIncome": 0,
        "interestExpense": 16000000,
        "depreciationAndAmortization": 35000000,
        "ebitda": 471000000,
        "ebitdaratio": 0.3768,
        "operatingIncome": 436000000,
        "operatingIncomeRatio": 0.3488,
        "totalOtherIncomeExpensesNet": -16000000,
        "incomeBeforeTax": 420000000,
        "incomeBeforeTaxRatio": 0.336,
        "incomeTaxExpense": 147000000,
        "netIncome": 254000000,
        "netIncomeRatio": 0.2032,
        "eps": 0.93,
        "epsdiluted": 0.91,
        "weightedAverageShsOut": 274300000,
        "weightedAverageShsOutDil": 278300000,
        "link": "https://www.sec.gov/Archives/edgar/data/64040/000006404013000015/0000064040-13-000015-index.htm",
        "finalLink": "https://www.sec.gov/Archives/edgar/data/64040/000006404013000015/mhp-2013630xq2.htm"
    },
    {
        "date": "2013-03-31",
        "symbol": "SPGI",
        "reportedCurrency": "USD",
        "cik": "0000064040",
        "fillingDate": "2013-04-30",
        "acceptedDate": "2013-04-30 09:48:29",
        "calendarYear": "2013",
        "period": "Q1",
        "revenue": 1181000000,
        "costOfRevenue": 374000000,
        "grossProfit": 807000000,
        "grossProfitRatio": 0.683319221,
        "researchAndDevelopmentExpenses": 0,
        "generalAndAdministrativeExpenses": 0,
        "sellingAndMarketingExpenses": 0,
        "sellingGeneralAndAdministrativeExpenses": 494000000,
        "otherExpenses": 35000000,
        "operatingExpenses": 529000000,
        "costAndExpenses": 903000000,
        "interestIncome": 0,
        "interestExpense": 15000000,
        "depreciationAndAmortization": 35000000,
        "ebitda": 313000000,
        "ebitdaratio": 0.2650296359,
        "operatingIncome": 278000000,
        "operatingIncomeRatio": 0.2353937341,
        "totalOtherIncomeExpensesNet": -15000000,
        "incomeBeforeTax": 263000000,
        "incomeBeforeTaxRatio": 0.2226926334,
        "incomeTaxExpense": 89000000,
        "netIncome": 735000000,
        "netIncomeRatio": 0.6223539373,
        "eps": 2.62,
        "epsdiluted": 2.59,
        "weightedAverageShsOut": 280500000,
        "weightedAverageShsOutDil": 284300000,
        "link": "https://www.sec.gov/Archives/edgar/data/64040/000144530513000976/0001445305-13-000976-index.htm",
        "finalLink": "https://www.sec.gov/Archives/edgar/data/64040/000144530513000976/mhp-2013331x10q.htm"
    },
    {
        "date": "2012-12-31",
        "symbol": "SPGI",
        "reportedCurrency": "USD",
        "cik": "0000064040",
        "fillingDate": "2013-03-20",
        "acceptedDate": "2013-03-20 15:59:44",
        "calendarYear": "2012",
        "period": "Q4",
        "revenue": 1226000000,
        "costOfRevenue": -323000000,
        "grossProfit": -57000000,
        "grossProfitRatio": -0.0464926591,
        "researchAndDevelopmentExpenses": 0,
        "generalAndAdministrativeExpenses": 0,
        "sellingAndMarketingExpenses": 0,
        "sellingGeneralAndAdministrativeExpenses": -102000000,
        "otherExpenses": -52000000,
        "operatingExpenses": -154000000,
        "costAndExpenses": -477000000,
        "interestIncome": 0,
        "interestExpense": 18000000,
        "depreciationAndAmortization": -3000000,
        "ebitda": 97000000,
        "ebitdaratio": 0.0791190865,
        "operatingIncome": 97000000,
        "operatingIncomeRatio": 0.0791190865,
        "totalOtherIncomeExpensesNet": -20000000,
        "incomeBeforeTax": 329000000,
        "incomeBeforeTaxRatio": 0.2683523654,
        "incomeTaxExpense": 35000000,
        "netIncome": -216000000,
        "netIncomeRatio": -0.176182708,
        "eps": -0.78,
        "epsdiluted": -0.76,
        "weightedAverageShsOut": 277900000,
        "weightedAverageShsOutDil": 284700000,
        "link": "https://www.sec.gov/Archives/edgar/data/64040/000006404013000008/0000064040-13-000008-index.htm",
        "finalLink": "https://www.sec.gov/Archives/edgar/data/64040/000006404013000008/mhp-20121231x10ka.htm"
    },
    {
        "date": "2012-09-30",
        "symbol": "SPGI",
        "reportedCurrency": "USD",
        "cik": "0000064040",
        "fillingDate": "2012-11-02",
        "acceptedDate": "2012-11-02 09:59:33",
        "calendarYear": "2012",
        "period": "Q3",
        "revenue": 1953000000,
        "costOfRevenue": 367000000,
        "grossProfit": 749000000,
        "grossProfitRatio": 0.3835125448,
        "researchAndDevelopmentExpenses": 0,
        "generalAndAdministrativeExpenses": 0,
        "sellingAndMarketingExpenses": 0,
        "sellingGeneralAndAdministrativeExpenses": 435000000,
        "otherExpenses": 39000000,
        "operatingExpenses": 474000000,
        "costAndExpenses": 841000000,
        "interestIncome": 0,
        "interestExpense": 20000000,
        "depreciationAndAmortization": 39000000,
        "ebitda": 314000000,
        "ebitdaratio": 0.1607782898,
        "operatingIncome": 275000000,
        "operatingIncomeRatio": 0.1408090118,
        "totalOtherIncomeExpensesNet": -20000000,
        "incomeBeforeTax": 508000000,
        "incomeBeforeTaxRatio": 0.2601126472,
        "incomeTaxExpense": 82000000,
        "netIncome": 314000000,
        "netIncomeRatio": 0.1607782898,
        "eps": 1.13,
        "epsdiluted": 1.1,
        "weightedAverageShsOut": 278700000,
        "weightedAverageShsOutDil": 284600000,
        "link": "https://www.sec.gov/Archives/edgar/data/64040/000006404012000010/0000064040-12-000010-index.htm",
        "finalLink": "https://www.sec.gov/Archives/edgar/data/64040/000006404012000010/mhp-2012930x10q.htm"
    },
    {
        "date": "2012-06-30",
        "symbol": "SPGI",
        "reportedCurrency": "USD",
        "cik": "0000064040",
        "fillingDate": "2012-07-26",
        "acceptedDate": "2012-07-26 09:56:04",
        "calendarYear": "2012",
        "period": "Q2",
        "revenue": 1547000000,
        "costOfRevenue": 351000000,
        "grossProfit": 721000000,
        "grossProfitRatio": 0.4660633484,
        "researchAndDevelopmentExpenses": 0,
        "generalAndAdministrativeExpenses": 0,
        "sellingAndMarketingExpenses": 0,
        "sellingGeneralAndAdministrativeExpenses": 379000000,
        "otherExpenses": 34000000,
        "operatingExpenses": 413000000,
        "costAndExpenses": 764000000,
        "interestIncome": 0,
        "interestExpense": 20000000,
        "depreciationAndAmortization": 34000000,
        "ebitda": 342000000,
        "ebitdaratio": 0.2210730446,
        "operatingIncome": 308000000,
        "operatingIncomeRatio": 0.1990950226,
        "totalOtherIncomeExpensesNet": -20000000,
        "incomeBeforeTax": 345000000,
        "incomeBeforeTaxRatio": 0.2230122818,
        "incomeTaxExpense": 107000000,
        "netIncome": 216000000,
        "netIncomeRatio": 0.1396250808,
        "eps": 0.77,
        "epsdiluted": 0.76,
        "weightedAverageShsOut": 279700000,
        "weightedAverageShsOutDil": 285300000,
        "link": "https://www.sec.gov/Archives/edgar/data/64040/000006404012000006/0000064040-12-000006-index.htm",
        "finalLink": "https://www.sec.gov/Archives/edgar/data/64040/000006404012000006/mhp-2012630x10q.htm"
    },
    {
        "date": "2012-03-31",
        "symbol": "SPGI",
        "reportedCurrency": "USD",
        "cik": "0000064040",
        "fillingDate": "2012-04-25",
        "acceptedDate": "2012-04-25 12:12:34",
        "calendarYear": "2012",
        "period": "Q1",
        "revenue": 1331000000,
        "costOfRevenue": 361000000,
        "grossProfit": 674000000,
        "grossProfitRatio": 0.5063861758,
        "researchAndDevelopmentExpenses": 0,
        "generalAndAdministrativeExpenses": 0,
        "sellingAndMarketingExpenses": 0,
        "sellingGeneralAndAdministrativeExpenses": 361000000,
        "otherExpenses": 31000000,
        "operatingExpenses": 392000000,
        "costAndExpenses": 753000000,
        "interestIncome": 0,
        "interestExpense": 21000000,
        "depreciationAndAmortization": 31000000,
        "ebitda": 313000000,
        "ebitdaratio": 0.2351615327,
        "operatingIncome": 282000000,
        "operatingIncomeRatio": 0.2118707739,
        "totalOtherIncomeExpensesNet": -21000000,
        "incomeBeforeTax": 200000000,
        "incomeBeforeTaxRatio": 0.1502629602,
        "incomeTaxExpense": 98000000,
        "netIncome": 123000000,
        "netIncomeRatio": 0.0924117205,
        "eps": 0.44,
        "epsdiluted": 0.43,
        "weightedAverageShsOut": 278000000,
        "weightedAverageShsOutDil": 283800000,
        "link": "https://www.sec.gov/Archives/edgar/data/64040/000119312512181173/0001193125-12-181173-index.htm",
        "finalLink": "https://www.sec.gov/Archives/edgar/data/64040/000119312512181173/d321608d10q.htm"
    },
    {
        "date": "2011-12-31",
        "symbol": "SPGI",
        "reportedCurrency": "USD",
        "cik": "0000064040",
        "fillingDate": "2012-02-07",
        "acceptedDate": "2012-02-07 12:35:19",
        "calendarYear": "2011",
        "period": "Q4",
        "revenue": 1519600000,
        "costOfRevenue": 592500000,
        "grossProfit": 927100000,
        "grossProfitRatio": 0.6100947618,
        "researchAndDevelopmentExpenses": 0,
        "generalAndAdministrativeExpenses": 0,
        "sellingAndMarketingExpenses": 0,
        "sellingGeneralAndAdministrativeExpenses": 645900000,
        "otherExpenses": 39300000,
        "operatingExpenses": 685200000,
        "costAndExpenses": 1277700000,
        "interestIncome": -4600000,
        "interestExpense": 13600000,
        "depreciationAndAmortization": 46900000,
        "ebitda": 289000000,
        "ebitdaratio": 0.1901816267,
        "operatingIncome": 241900000,
        "operatingIncomeRatio": 0.1591866281,
        "totalOtherIncomeExpensesNet": -18300000,
        "incomeBeforeTax": 223700000,
        "incomeBeforeTaxRatio": 0.1472097921,
        "incomeTaxExpense": 81200000,
        "netIncome": 214400000,
        "netIncomeRatio": 0.1410897605,
        "eps": 0.51,
        "epsdiluted": 0.51,
        "weightedAverageShsOut": 278000000,
        "weightedAverageShsOutDil": 278000000,
        "link": "https://www.sec.gov/Archives/edgar/data/64040/000119312512043165/0001193125-12-043165-index.htm",
        "finalLink": "https://www.sec.gov/Archives/edgar/data/64040/000119312512043165/d272748d10k.htm"
    },
    {
        "date": "2011-09-30",
        "symbol": "SPGI",
        "reportedCurrency": "USD",
        "cik": "0000064040",
        "fillingDate": "2011-10-21",
        "acceptedDate": "2011-10-21 06:03:32",
        "calendarYear": "2011",
        "period": "Q3",
        "revenue": 1908000000,
        "costOfRevenue": 711000000,
        "grossProfit": 1197000000,
        "grossProfitRatio": 0.6273584906,
        "researchAndDevelopmentExpenses": 0,
        "generalAndAdministrativeExpenses": 0,
        "sellingAndMarketingExpenses": 0,
        "sellingGeneralAndAdministrativeExpenses": 552000000,
        "otherExpenses": 38000000,
        "operatingExpenses": 590000000,
        "costAndExpenses": 1301000000,
        "interestIncome": 0,
        "interestExpense": 18100000,
        "depreciationAndAmortization": 46000000,
        "ebitda": 653000000,
        "ebitdaratio": 0.3422431866,
        "operatingIncome": 607000000,
        "operatingIncomeRatio": 0.3181341719,
        "totalOtherIncomeExpensesNet": -18100000,
        "incomeBeforeTax": 588700000,
        "incomeBeforeTaxRatio": 0.3085429769,
        "incomeTaxExpense": 214000000,
        "netIncome": 365600000,
        "netIncomeRatio": 0.1916142558,
        "eps": 1.23,
        "epsdiluted": 1.21,
        "weightedAverageShsOut": 297800000,
        "weightedAverageShsOutDil": 303600000,
        "link": "https://www.sec.gov/Archives/edgar/data/64040/000095012311091082/0000950123-11-091082-index.htm",
        "finalLink": "https://www.sec.gov/Archives/edgar/data/64040/000095012311091082/y92503e10vq.htm"
    },
    {
        "date": "2011-06-30",
        "symbol": "SPGI",
        "reportedCurrency": "USD",
        "cik": "0000064040",
        "fillingDate": "2011-07-28",
        "acceptedDate": "2011-07-28 10:31:42",
        "calendarYear": "2011",
        "period": "Q2",
        "revenue": 1580800000,
        "costOfRevenue": 593000000,
        "grossProfit": 964000000,
        "grossProfitRatio": 0.6098178138,
        "researchAndDevelopmentExpenses": 0,
        "generalAndAdministrativeExpenses": 0,
        "sellingAndMarketingExpenses": 0,
        "sellingGeneralAndAdministrativeExpenses": 580000000,
        "otherExpenses": 26000000,
        "operatingExpenses": 606000000,
        "costAndExpenses": 1199000000,
        "interestIncome": -500000,
        "interestExpense": 24200000,
        "depreciationAndAmortization": 47000000,
        "ebitda": 392000000,
        "ebitdaratio": 0.2479757085,
        "operatingIncome": 358000000,
        "operatingIncomeRatio": 0.2264676113,
        "totalOtherIncomeExpensesNet": -19500000,
        "incomeBeforeTax": 339300000,
        "incomeBeforeTaxRatio": 0.2146381579,
        "incomeTaxExpense": 122000000,
        "netIncome": 211100000,
        "netIncomeRatio": 0.1335399798,
        "eps": 0.7,
        "epsdiluted": 0.68,
        "weightedAverageShsOut": 303600000,
        "weightedAverageShsOutDil": 309200000,
        "link": "https://www.sec.gov/Archives/edgar/data/64040/000095012311069322/0000950123-11-069322-index.htm",
        "finalLink": "https://www.sec.gov/Archives/edgar/data/64040/000095012311069322/y91249e10vq.htm"
    },
    {
        "date": "2011-03-31",
        "symbol": "SPGI",
        "reportedCurrency": "USD",
        "cik": "0000064040",
        "fillingDate": "2011-04-27",
        "acceptedDate": "2011-04-27 08:00:29",
        "calendarYear": "2011",
        "period": "Q1",
        "revenue": 1281900000,
        "costOfRevenue": 503000000,
        "grossProfit": 758000000,
        "grossProfitRatio": 0.5913097746,
        "researchAndDevelopmentExpenses": 0,
        "generalAndAdministrativeExpenses": 0,
        "sellingAndMarketingExpenses": 0,
        "sellingGeneralAndAdministrativeExpenses": 503000000,
        "otherExpenses": 39000000,
        "operatingExpenses": 542000000,
        "costAndExpenses": 1045000000,
        "interestIncome": 100000,
        "interestExpense": 19100000,
        "depreciationAndAmortization": 47000000,
        "ebitda": 263000000,
        "ebitdaratio": 0.2051642094,
        "operatingIncome": 216000000,
        "operatingIncomeRatio": 0.168499883,
        "totalOtherIncomeExpensesNet": -19100000,
        "incomeBeforeTax": 195300000,
        "incomeBeforeTaxRatio": 0.1523519775,
        "incomeTaxExpense": 72000000,
        "netIncome": 120000000,
        "netIncomeRatio": 0.0936110461,
        "eps": 0.39,
        "epsdiluted": 0.39,
        "weightedAverageShsOut": 305200000,
        "weightedAverageShsOutDil": 309600000,
        "link": "https://www.sec.gov/Archives/edgar/data/64040/000095012311039726/0000950123-11-039726-index.htm",
        "finalLink": "https://www.sec.gov/Archives/edgar/data/64040/000095012311039726/y90652e10vq.htm"
    },
    {
        "date": "2010-12-31",
        "symbol": "SPGI",
        "reportedCurrency": "USD",
        "cik": "0000064040",
        "fillingDate": "2011-02-23",
        "acceptedDate": "2011-02-23 15:16:44",
        "calendarYear": "2010",
        "period": "Q4",
        "revenue": 1524079000,
        "costOfRevenue": 588216000,
        "grossProfit": 935863000,
        "grossProfitRatio": 0.6140515026,
        "researchAndDevelopmentExpenses": 0,
        "generalAndAdministrativeExpenses": 0,
        "sellingAndMarketingExpenses": 0,
        "sellingGeneralAndAdministrativeExpenses": 622231000,
        "otherExpenses": 30083000,
        "operatingExpenses": 652314000,
        "costAndExpenses": 1240530000,
        "interestIncome": 0,
        "interestExpense": 19445000,
        "depreciationAndAmortization": 101237000,
        "ebitda": 373728000,
        "ebitdaratio": 0.2452156351,
        "operatingIncome": 283549000,
        "operatingIncomeRatio": 0.1860461302,
        "totalOtherIncomeExpensesNet": -30503000,
        "incomeBeforeTax": 253046000,
        "incomeBeforeTaxRatio": 0.1660320758,
        "incomeTaxExpense": 92108000,
        "netIncome": 153843000,
        "netIncomeRatio": 0.1009416179,
        "eps": 0.5,
        "epsdiluted": 0.5,
        "weightedAverageShsOut": 305200000,
        "weightedAverageShsOutDil": 305200000,
        "link": "https://www.sec.gov/Archives/edgar/data/64040/000095012311017079/0000950123-11-017079-index.htm",
        "finalLink": "https://www.sec.gov/Archives/edgar/data/64040/000095012311017079/y88684e10vk.htm"
    },
    {
        "date": "2010-09-30",
        "symbol": "SPGI",
        "reportedCurrency": "USD",
        "cik": "0000064040",
        "fillingDate": "2010-10-29",
        "acceptedDate": "2010-10-29 07:36:20",
        "calendarYear": "2010",
        "period": "Q3",
        "revenue": 1979806000,
        "costOfRevenue": 708000000,
        "grossProfit": 1248200000,
        "grossProfitRatio": 0.6304658133,
        "researchAndDevelopmentExpenses": 0,
        "generalAndAdministrativeExpenses": 0,
        "sellingAndMarketingExpenses": 0,
        "sellingGeneralAndAdministrativeExpenses": 597600000,
        "otherExpenses": 20600000,
        "operatingExpenses": 618200000,
        "costAndExpenses": 1326200000,
        "interestIncome": 19000,
        "interestExpense": 19319000,
        "depreciationAndAmortization": 39000000,
        "ebitda": 657900000,
        "ebitdaratio": 0.3323052865,
        "operatingIncome": 630000000,
        "operatingIncomeRatio": 0.3182129966,
        "totalOtherIncomeExpensesNet": -10288000,
        "incomeBeforeTax": 612727000,
        "incomeBeforeTaxRatio": 0.3094884044,
        "incomeTaxExpense": 221700000,
        "netIncome": 379850000,
        "netIncomeRatio": 0.191862233,
        "eps": 1.24,
        "epsdiluted": 1.23,
        "weightedAverageShsOut": 307200000,
        "weightedAverageShsOutDil": 309300000,
        "link": "https://www.sec.gov/Archives/edgar/data/64040/000095012310097799/0000950123-10-097799-index.htm",
        "finalLink": "https://www.sec.gov/Archives/edgar/data/64040/000095012310097799/y86417e10vq.htm"
    },
    {
        "date": "2010-06-30",
        "symbol": "SPGI",
        "reportedCurrency": "USD",
        "cik": "0000064040",
        "fillingDate": "2010-07-23",
        "acceptedDate": "2010-07-23 10:44:37",
        "calendarYear": "2010",
        "period": "Q2",
        "revenue": 1474056000,
        "costOfRevenue": 560900000,
        "grossProfit": 913200000,
        "grossProfitRatio": 0.6195151338,
        "researchAndDevelopmentExpenses": 0,
        "generalAndAdministrativeExpenses": 0,
        "sellingAndMarketingExpenses": 0,
        "sellingGeneralAndAdministrativeExpenses": 547700000,
        "otherExpenses": 39200000,
        "operatingExpenses": 586900000,
        "costAndExpenses": 1147800000,
        "interestIncome": -60000,
        "interestExpense": 20840000,
        "depreciationAndAmortization": 43900000,
        "ebitda": 370200000,
        "ebitdaratio": 0.2511437829,
        "operatingIncome": 326300000,
        "operatingIncomeRatio": 0.2213620107,
        "totalOtherIncomeExpensesNet": -20900000,
        "incomeBeforeTax": 305418000,
        "incomeBeforeTaxRatio": 0.2071956561,
        "incomeTaxExpense": 111200000,
        "netIncome": 191084000,
        "netIncomeRatio": 0.1296314387,
        "eps": 0.61,
        "epsdiluted": 0.61,
        "weightedAverageShsOut": 311200000,
        "weightedAverageShsOutDil": 313200000,
        "link": "https://www.sec.gov/Archives/edgar/data/64040/000095012310067554/0000950123-10-067554-index.htm",
        "finalLink": "https://www.sec.gov/Archives/edgar/data/64040/000095012310067554/y83500e10vq.htm"
    },
    {
        "date": "2010-03-31",
        "symbol": "SPGI",
        "reportedCurrency": "USD",
        "cik": "0000064040",
        "fillingDate": "2010-04-28",
        "acceptedDate": "2010-04-28 09:47:01",
        "calendarYear": "2010",
        "period": "Q1",
        "revenue": 1190390000,
        "costOfRevenue": 476200000,
        "grossProfit": 714200000,
        "grossProfitRatio": 0.5999714379,
        "researchAndDevelopmentExpenses": 0,
        "generalAndAdministrativeExpenses": 0,
        "sellingAndMarketingExpenses": 0,
        "sellingGeneralAndAdministrativeExpenses": 488000000,
        "otherExpenses": 35900000,
        "operatingExpenses": 523900000,
        "costAndExpenses": 1000100000,
        "interestIncome": 0,
        "interestExpense": 22039000,
        "depreciationAndAmortization": 40400000,
        "ebitda": 230700000,
        "ebitdaratio": 0.1938020313,
        "operatingIncome": 190300000,
        "operatingIncomeRatio": 0.1598635741,
        "totalOtherIncomeExpensesNet": -22100000,
        "incomeBeforeTax": 168225000,
        "incomeBeforeTaxRatio": 0.1413192315,
        "incomeTaxExpense": 61200000,
        "netIncome": 103286000,
        "netIncomeRatio": 0.0867665219,
        "eps": 0.33,
        "epsdiluted": 0.33,
        "weightedAverageShsOut": 313400000,
        "weightedAverageShsOutDil": 316300000,
        "link": "https://www.sec.gov/Archives/edgar/data/64040/000095012310039279/0000950123-10-039279-index.htm",
        "finalLink": "https://www.sec.gov/Archives/edgar/data/64040/000095012310039279/y83967e10vq.htm"
    },
    {
        "date": "2009-12-31",
        "symbol": "SPGI",
        "reportedCurrency": "USD",
        "cik": "0000064040",
        "fillingDate": "2010-02-24",
        "acceptedDate": "2010-02-24 15:46:19",
        "calendarYear": "2009",
        "period": "Q4",
        "revenue": 1462492000,
        "costOfRevenue": 578683000,
        "grossProfit": 883809000,
        "grossProfitRatio": 0.6043171518,
        "researchAndDevelopmentExpenses": 0,
        "generalAndAdministrativeExpenses": 0,
        "sellingAndMarketingExpenses": 0,
        "sellingGeneralAndAdministrativeExpenses": 556853000,
        "otherExpenses": 47853000,
        "operatingExpenses": 604706000,
        "costAndExpenses": 1183389000,
        "interestIncome": 0,
        "interestExpense": 19950000,
        "depreciationAndAmortization": 89416000,
        "ebitda": 382368000,
        "ebitdaratio": 0.2614496353,
        "operatingIncome": 279103000,
        "operatingIncomeRatio": 0.190840702,
        "totalOtherIncomeExpensesNet": -6101000,
        "incomeBeforeTax": 273002000,
        "incomeBeforeTaxRatio": 0.1866690553,
        "incomeTaxExpense": 99373000,
        "netIncome": 167294000,
        "netIncomeRatio": 0.1143896856,
        "eps": 0.53,
        "epsdiluted": 0.53,
        "weightedAverageShsOut": 312691000,
        "weightedAverageShsOutDil": 313372000,
        "link": "https://www.sec.gov/Archives/edgar/data/64040/000095012310016328/0000950123-10-016328-index.htm",
        "finalLink": "https://www.sec.gov/Archives/edgar/data/64040/000095012310016328/y80741e10vk.htm"
    },
    {
        "date": "2009-09-30",
        "symbol": "SPGI",
        "reportedCurrency": "USD",
        "cik": "0000064040",
        "fillingDate": "2009-10-28",
        "acceptedDate": "2009-10-27 21:28:38",
        "calendarYear": "2009",
        "period": "Q3",
        "revenue": 1875903000,
        "costOfRevenue": 735880000,
        "grossProfit": 1140023000,
        "grossProfitRatio": 0.6077195889,
        "researchAndDevelopmentExpenses": 0,
        "generalAndAdministrativeExpenses": 0,
        "sellingAndMarketingExpenses": 0,
        "sellingGeneralAndAdministrativeExpenses": 546961000,
        "otherExpenses": 37097000,
        "operatingExpenses": 584058000,
        "costAndExpenses": 1319938000,
        "interestIncome": 0,
        "interestExpense": 17827000,
        "depreciationAndAmortization": 164270000,
        "ebitda": 720235000,
        "ebitdaratio": 0.3839404276,
        "operatingIncome": 555965000,
        "operatingIncomeRatio": 0.2963719339,
        "totalOtherIncomeExpensesNet": -17827000,
        "incomeBeforeTax": 538138000,
        "incomeBeforeTaxRatio": 0.2868687773,
        "incomeTaxExpense": 195882000,
        "netIncome": 336111000,
        "netIncomeRatio": 0.1791729103,
        "eps": 1.08,
        "epsdiluted": 1.07,
        "weightedAverageShsOut": 312471000,
        "weightedAverageShsOutDil": 313642000,
        "link": "https://www.sec.gov/Archives/edgar/data/64040/000095012309053840/0000950123-09-053840-index.htm",
        "finalLink": "https://www.sec.gov/Archives/edgar/data/64040/000095012309053840/y79656e10vq.htm"
    },
    {
        "date": "2009-06-30",
        "symbol": "SPGI",
        "reportedCurrency": "USD",
        "cik": "0000064040",
        "fillingDate": "2009-07-29",
        "acceptedDate": "2009-07-29 14:20:20",
        "calendarYear": "2009",
        "period": "Q2",
        "revenue": 1465180000,
        "costOfRevenue": 582505000,
        "grossProfit": 882675000,
        "grossProfitRatio": 0.6024345132,
        "researchAndDevelopmentExpenses": 0,
        "generalAndAdministrativeExpenses": 0,
        "sellingAndMarketingExpenses": 0,
        "sellingGeneralAndAdministrativeExpenses": 546126000,
        "otherExpenses": 40222000,
        "operatingExpenses": 586348000,
        "costAndExpenses": 1168853000,
        "interestIncome": 0,
        "interestExpense": 18499000,
        "depreciationAndAmortization": 111360000,
        "ebitda": 393838000,
        "ebitdaratio": 0.2687983729,
        "operatingIncome": 296327000,
        "operatingIncomeRatio": 0.2022461404,
        "totalOtherIncomeExpensesNet": -32348000,
        "incomeBeforeTax": 263979000,
        "incomeBeforeTaxRatio": 0.180168307,
        "incomeTaxExpense": 96088000,
        "netIncome": 164093000,
        "netIncomeRatio": 0.1119951132,
        "eps": 0.53,
        "epsdiluted": 0.52,
        "weightedAverageShsOut": 312226000,
        "weightedAverageShsOutDil": 313033000,
        "link": "https://www.sec.gov/Archives/edgar/data/64040/000095012309026861/0000950123-09-026861-index.htm",
        "finalLink": "https://www.sec.gov/Archives/edgar/data/64040/000095012309026861/y78375e10vq.htm"
    },
    {
        "date": "2009-03-31",
        "symbol": "SPGI",
        "reportedCurrency": "USD",
        "cik": "0000064040",
        "fillingDate": "2009-04-29",
        "acceptedDate": "2009-04-29 16:42:09",
        "calendarYear": "2009",
        "period": "Q1",
        "revenue": 1148207000,
        "costOfRevenue": 488939000,
        "grossProfit": 659268000,
        "grossProfitRatio": 0.5741717304,
        "researchAndDevelopmentExpenses": 0,
        "generalAndAdministrativeExpenses": 0,
        "sellingAndMarketingExpenses": 0,
        "sellingGeneralAndAdministrativeExpenses": 491311000,
        "otherExpenses": 43616000,
        "operatingExpenses": 534927000,
        "costAndExpenses": 1023866000,
        "interestIncome": 0,
        "interestExpense": 20591000,
        "depreciationAndAmortization": 70907000,
        "ebitda": 195248000,
        "ebitdaratio": 0.1700459934,
        "operatingIncome": 124341000,
        "operatingIncomeRatio": 0.1082914492,
        "totalOtherIncomeExpensesNet": -20591000,
        "incomeBeforeTax": 103750000,
        "incomeBeforeTaxRatio": 0.0903582716,
        "incomeTaxExpense": 37765000,
        "netIncome": 63004000,
        "netIncomeRatio": 0.054871639,
        "eps": 0.2,
        "epsdiluted": 0.2,
        "weightedAverageShsOut": 312017000,
        "weightedAverageShsOutDil": 312017000,
        "link": "https://www.sec.gov/Archives/edgar/data/64040/000095012309007488/0000950123-09-007488-index.htm",
        "finalLink": "https://www.sec.gov/Archives/edgar/data/64040/000095012309007488/y76652e10vq.htm"
    },
    {
        "date": "2008-12-31",
        "symbol": "SPGI",
        "reportedCurrency": "USD",
        "cik": "0000064040",
        "fillingDate": "2009-02-27",
        "acceptedDate": "2009-02-27 10:50:08",
        "calendarYear": "2008",
        "period": "Q4",
        "revenue": 1415418000,
        "costOfRevenue": 624572000,
        "grossProfit": 790846000,
        "grossProfitRatio": 0.5587367124,
        "researchAndDevelopmentExpenses": 0,
        "generalAndAdministrativeExpenses": 0,
        "sellingAndMarketingExpenses": 0,
        "sellingGeneralAndAdministrativeExpenses": 540460000,
        "otherExpenses": 49475000,
        "operatingExpenses": 589935000,
        "costAndExpenses": 1214507000,
        "interestIncome": 0,
        "interestExpense": 15438000,
        "depreciationAndAmortization": 101129000,
        "ebitda": 302040000,
        "ebitdaratio": 0.2133927928,
        "operatingIncome": 200911000,
        "operatingIncomeRatio": 0.1419446411,
        "totalOtherIncomeExpensesNet": -15438000,
        "incomeBeforeTax": 185473000,
        "incomeBeforeTaxRatio": 0.1310376157,
        "incomeTaxExpense": 69552000,
        "netIncome": 115921000,
        "netIncomeRatio": 0.0818987748,
        "eps": 0.37,
        "epsdiluted": 0.37,
        "weightedAverageShsOut": 311329000,
        "weightedAverageShsOutDil": 312017000,
        "link": "https://www.sec.gov/Archives/edgar/data/64040/000095012309003645/0000950123-09-003645-index.htm",
        "finalLink": "https://www.sec.gov/Archives/edgar/data/64040/000095012309003645/y74743e10vk.htm"
    },
    {
        "date": "2008-09-30",
        "symbol": "SPGI",
        "reportedCurrency": "USD",
        "cik": "0000064040",
        "fillingDate": "2008-10-28",
        "acceptedDate": "2008-10-28 12:17:44",
        "calendarYear": "2008",
        "period": "Q3",
        "revenue": 2048541000,
        "costOfRevenue": 747786000,
        "grossProfit": 1300755000,
        "grossProfitRatio": 0.6349665445,
        "researchAndDevelopmentExpenses": 0,
        "generalAndAdministrativeExpenses": 0,
        "sellingAndMarketingExpenses": 0,
        "sellingGeneralAndAdministrativeExpenses": 610899000,
        "otherExpenses": 43589000,
        "operatingExpenses": 654488000,
        "costAndExpenses": 1402274000,
        "interestIncome": 0,
        "interestExpense": 22002000,
        "depreciationAndAmortization": 168148000,
        "ebitda": 814415000,
        "ebitdaratio": 0.3975585551,
        "operatingIncome": 646267000,
        "operatingIncomeRatio": 0.3154767222,
        "totalOtherIncomeExpensesNet": -22002000,
        "incomeBeforeTax": 624265000,
        "incomeBeforeTaxRatio": 0.3047363953,
        "incomeTaxExpense": 234099000,
        "netIncome": 390166000,
        "netIncomeRatio": 0.1904604301,
        "eps": 1.25,
        "epsdiluted": 1.23,
        "weightedAverageShsOut": 313105000,
        "weightedAverageShsOutDil": 317203000,
        "link": "https://www.sec.gov/Archives/edgar/data/64040/000095012308013590/0000950123-08-013590-index.htm",
        "finalLink": "https://www.sec.gov/Archives/edgar/data/64040/000095012308013590/y71983e10vq.htm"
    },
    {
        "date": "2008-06-30",
        "symbol": "SPGI",
        "reportedCurrency": "USD",
        "cik": "0000064040",
        "fillingDate": "2008-07-30",
        "acceptedDate": "2008-07-30 13:06:52",
        "calendarYear": "2008",
        "period": "Q2",
        "revenue": 1673225000,
        "costOfRevenue": 639270000,
        "grossProfit": 1033955000,
        "grossProfitRatio": 0.6179414006,
        "researchAndDevelopmentExpenses": 0,
        "generalAndAdministrativeExpenses": 0,
        "sellingAndMarketingExpenses": 0,
        "sellingGeneralAndAdministrativeExpenses": 630375000,
        "otherExpenses": 43555000,
        "operatingExpenses": 673930000,
        "costAndExpenses": 1313200000,
        "interestIncome": 0,
        "interestExpense": 20354000,
        "depreciationAndAmortization": 109602000,
        "ebitda": 469627000,
        "ebitdaratio": 0.2806717566,
        "operatingIncome": 360025000,
        "operatingIncomeRatio": 0.2151683127,
        "totalOtherIncomeExpensesNet": -20354000,
        "incomeBeforeTax": 339671000,
        "incomeBeforeTaxRatio": 0.2030037801,
        "incomeTaxExpense": 127377000,
        "netIncome": 212294000,
        "netIncomeRatio": 0.1268771385,
        "eps": 0.67,
        "epsdiluted": 0.66,
        "weightedAverageShsOut": 317746000,
        "weightedAverageShsOutDil": 321087000,
        "link": "https://www.sec.gov/Archives/edgar/data/64040/000095012308008528/0000950123-08-008528-index.htm",
        "finalLink": "https://www.sec.gov/Archives/edgar/data/64040/000095012308008528/y63841e10vq.htm"
    },
    {
        "date": "2008-03-31",
        "symbol": "SPGI",
        "reportedCurrency": "USD",
        "cik": "0000064040",
        "fillingDate": "2008-04-30",
        "acceptedDate": "2008-04-30 16:40:00",
        "calendarYear": "2008",
        "period": "Q1",
        "revenue": 1217871000,
        "costOfRevenue": 508311000,
        "grossProfit": 709560000,
        "grossProfitRatio": 0.5826232828,
        "researchAndDevelopmentExpenses": 0,
        "generalAndAdministrativeExpenses": 0,
        "sellingAndMarketingExpenses": 0,
        "sellingGeneralAndAdministrativeExpenses": 516773000,
        "otherExpenses": 41727000,
        "operatingExpenses": 558500000,
        "costAndExpenses": 1066811000,
        "interestIncome": 0,
        "interestExpense": 17830000,
        "depreciationAndAmortization": 69909000,
        "ebitda": 220969000,
        "ebitdaratio": 0.1814387566,
        "operatingIncome": 151060000,
        "operatingIncomeRatio": 0.1240361253,
        "totalOtherIncomeExpensesNet": -17830000,
        "incomeBeforeTax": 129777000,
        "incomeBeforeTaxRatio": 0.1065605471,
        "incomeTaxExpense": 48667000,
        "netIncome": 81110000,
        "netIncomeRatio": 0.0665998287,
        "eps": 0.25,
        "epsdiluted": 0.25,
        "weightedAverageShsOut": 319945000,
        "weightedAverageShsOutDil": 323400000,
        "link": "https://www.sec.gov/Archives/edgar/data/64040/000095012308004917/0000950123-08-004917-index.htm",
        "finalLink": "https://www.sec.gov/Archives/edgar/data/64040/000095012308004917/y55546e10vq.htm"
    },
    {
        "date": "2007-12-31",
        "symbol": "SPGI",
        "reportedCurrency": "USD",
        "cik": "0000064040",
        "fillingDate": "2008-02-29",
        "acceptedDate": "2008-02-29 06:09:37",
        "calendarYear": "2007",
        "period": "Q4",
        "revenue": 1569688000,
        "costOfRevenue": 621526000,
        "grossProfit": 948162000,
        "grossProfitRatio": 0.6040448803,
        "researchAndDevelopmentExpenses": 0,
        "generalAndAdministrativeExpenses": 0,
        "sellingAndMarketingExpenses": 0,
        "sellingGeneralAndAdministrativeExpenses": 669009000,
        "otherExpenses": 42298000,
        "operatingExpenses": 711307000,
        "costAndExpenses": 1332833000,
        "interestIncome": 0,
        "interestExpense": 11855000,
        "depreciationAndAmortization": 87063000,
        "ebitda": 323918000,
        "ebitdaratio": 0.2063582062,
        "operatingIncome": 236855000,
        "operatingIncomeRatio": 0.1508930437,
        "totalOtherIncomeExpensesNet": -11855000,
        "incomeBeforeTax": 225000000,
        "incomeBeforeTaxRatio": 0.1433405874,
        "incomeTaxExpense": 84375000,
        "netIncome": 140625000,
        "netIncomeRatio": 0.0895878671,
        "eps": 0.44,
        "epsdiluted": 0.44,
        "weightedAverageShsOut": 319945000,
        "weightedAverageShsOutDil": 319945000,
        "link": "https://www.sec.gov/Archives/edgar/data/64040/000095012308002305/0000950123-08-002305-index.htm",
        "finalLink": "https://www.sec.gov/Archives/edgar/data/64040/000095012308002305/y50265e10vk.htm"
    },
    {
        "date": "2007-09-30",
        "symbol": "SPGI",
        "reportedCurrency": "USD",
        "cik": "0000064040",
        "fillingDate": "2007-10-26",
        "acceptedDate": "2007-10-26 09:00:46",
        "calendarYear": "2007",
        "period": "Q3",
        "revenue": 2187996000,
        "costOfRevenue": 766891000,
        "grossProfit": 1421105000,
        "grossProfitRatio": 0.6495007303,
        "researchAndDevelopmentExpenses": 0,
        "generalAndAdministrativeExpenses": 0,
        "sellingAndMarketingExpenses": 0,
        "sellingGeneralAndAdministrativeExpenses": 644545000,
        "otherExpenses": 37908000,
        "operatingExpenses": 682453000,
        "costAndExpenses": 1449344000,
        "interestIncome": 0,
        "interestExpense": 15423000,
        "depreciationAndAmortization": 148386000,
        "ebitda": 887038000,
        "ebitdaratio": 0.4054111616,
        "operatingIncome": 738652000,
        "operatingIncomeRatio": 0.3375929389,
        "totalOtherIncomeExpensesNet": -15423000,
        "incomeBeforeTax": 723229000,
        "incomeBeforeTaxRatio": 0.3305440229,
        "incomeTaxExpense": 271211000,
        "netIncome": 452018000,
        "netIncomeRatio": 0.2065899572,
        "eps": 1.37,
        "epsdiluted": 1.34,
        "weightedAverageShsOut": 330249000,
        "weightedAverageShsOutDil": 337733000,
        "link": "https://www.sec.gov/Archives/edgar/data/64040/000095012307014307/0000950123-07-014307-index.htm",
        "finalLink": "https://www.sec.gov/Archives/edgar/data/64040/000095012307014307/y41302e10vq.htm"
    },
    {
        "date": "2007-06-30",
        "symbol": "SPGI",
        "reportedCurrency": "USD",
        "cik": "0000064040",
        "fillingDate": "2007-07-27",
        "acceptedDate": "2007-07-27 09:43:13",
        "calendarYear": "2007",
        "period": "Q2",
        "revenue": 1718179000,
        "costOfRevenue": 634801000,
        "grossProfit": 1083378000,
        "grossProfitRatio": 0.6305384945,
        "researchAndDevelopmentExpenses": 0,
        "generalAndAdministrativeExpenses": 0,
        "sellingAndMarketingExpenses": 0,
        "sellingGeneralAndAdministrativeExpenses": 587687000,
        "otherExpenses": 40266000,
        "operatingExpenses": 627953000,
        "costAndExpenses": 1262754000,
        "interestIncome": 0,
        "interestExpense": 12099000,
        "depreciationAndAmortization": 97108000,
        "ebitda": 552533000,
        "ebitdaratio": 0.3215805804,
        "operatingIncome": 455425000,
        "operatingIncomeRatio": 0.2650626041,
        "totalOtherIncomeExpensesNet": -12099000,
        "incomeBeforeTax": 443326000,
        "incomeBeforeTaxRatio": 0.2580208465,
        "incomeTaxExpense": 166248000,
        "netIncome": 277078000,
        "netIncomeRatio": 0.1612625925,
        "eps": 0.81,
        "epsdiluted": 0.79,
        "weightedAverageShsOut": 340183000,
        "weightedAverageShsOutDil": 350298000,
        "link": "https://www.sec.gov/Archives/edgar/data/64040/000095012307010383/0000950123-07-010383-index.htm",
        "finalLink": "https://www.sec.gov/Archives/edgar/data/64040/000095012307010383/y37543e10vq.htm"
    },
    {
        "date": "2007-03-31",
        "symbol": "SPGI",
        "reportedCurrency": "USD",
        "cik": "0000064040",
        "fillingDate": "2007-04-27",
        "acceptedDate": "2007-04-27 09:01:09",
        "calendarYear": "2007",
        "period": "Q1",
        "revenue": 1296418000,
        "costOfRevenue": 504382000,
        "grossProfit": 792036000,
        "grossProfitRatio": 0.6109418413,
        "researchAndDevelopmentExpenses": 0,
        "generalAndAdministrativeExpenses": 0,
        "sellingAndMarketingExpenses": 0,
        "sellingGeneralAndAdministrativeExpenses": 536643000,
        "otherExpenses": 23212000,
        "operatingExpenses": 559855000,
        "costAndExpenses": 1064237000,
        "interestIncome": 0,
        "interestExpense": 0,
        "depreciationAndAmortization": 68614000,
        "ebitda": 300795000,
        "ebitdaratio": 0.2320200738,
        "operatingIncome": 232181000,
        "operatingIncomeRatio": 0.1790942428,
        "totalOtherIncomeExpensesNet": -1204000,
        "incomeBeforeTax": 230977000,
        "incomeBeforeTaxRatio": 0.1781655299,
        "incomeTaxExpense": 87139000,
        "netIncome": 143838000,
        "netIncomeRatio": 0.1109503262,
        "eps": 0.41,
        "epsdiluted": 0.4,
        "weightedAverageShsOut": 351215000,
        "weightedAverageShsOutDil": 361497000,
        "link": "https://www.sec.gov/Archives/edgar/data/64040/000095012307006115/0000950123-07-006115-index.htm",
        "finalLink": "https://www.sec.gov/Archives/edgar/data/64040/000095012307006115/y33890e10vq.htm"
    },
    {
        "date": "2006-12-31",
        "symbol": "SPGI",
        "reportedCurrency": "USD",
        "cik": "0000064040",
        "fillingDate": "2007-02-28",
        "acceptedDate": "2007-02-28 14:02:03",
        "calendarYear": "2006",
        "period": "Q4",
        "revenue": 1594346000,
        "costOfRevenue": 607029000,
        "grossProfit": 987317000,
        "grossProfitRatio": 0.6192614401,
        "researchAndDevelopmentExpenses": 0,
        "generalAndAdministrativeExpenses": 0,
        "sellingAndMarketingExpenses": 0,
        "sellingGeneralAndAdministrativeExpenses": 618500000,
        "otherExpenses": 42669000,
        "operatingExpenses": 661169000,
        "costAndExpenses": 1268198000,
        "interestIncome": 0,
        "interestExpense": 70000,
        "depreciationAndAmortization": 92196000,
        "ebitda": 418344000,
        "ebitdaratio": 0.2623922285,
        "operatingIncome": 326148000,
        "operatingIncomeRatio": 0.2045653829,
        "totalOtherIncomeExpensesNet": -70000,
        "incomeBeforeTax": 326078000,
        "incomeBeforeTaxRatio": 0.2045214778,
        "incomeTaxExpense": 121301000,
        "netIncome": 204777000,
        "netIncomeRatio": 0.1284394981,
        "eps": 0.58,
        "epsdiluted": 0.58,
        "weightedAverageShsOut": 351215000,
        "weightedAverageShsOutDil": 351215000,
        "link": "https://www.sec.gov/Archives/edgar/data/64040/000095012307002897/0000950123-07-002897-index.htm",
        "finalLink": "https://www.sec.gov/Archives/edgar/data/64040/000095012307002897/y30806e10vk.htm"
    },
    {
        "date": "2006-09-30",
        "symbol": "SPGI",
        "reportedCurrency": "USD",
        "cik": "0000064040",
        "fillingDate": "2006-10-27",
        "acceptedDate": "2006-10-27 09:28:57",
        "calendarYear": "2006",
        "period": "Q3",
        "revenue": 1992570000,
        "costOfRevenue": 712257000,
        "grossProfit": 1280313000,
        "grossProfitRatio": 0.6425435493,
        "researchAndDevelopmentExpenses": 0,
        "generalAndAdministrativeExpenses": 0,
        "sellingAndMarketingExpenses": 0,
        "sellingGeneralAndAdministrativeExpenses": 625079000,
        "otherExpenses": 39005000,
        "operatingExpenses": 664084000,
        "costAndExpenses": 1376341000,
        "interestIncome": 0,
        "interestExpense": 7515000,
        "depreciationAndAmortization": 142324000,
        "ebitda": 758553000,
        "ebitdaratio": 0.3806907662,
        "operatingIncome": 616229000,
        "operatingIncomeRatio": 0.3092634136,
        "totalOtherIncomeExpensesNet": -7515000,
        "incomeBeforeTax": 608714000,
        "incomeBeforeTaxRatio": 0.3054919024,
        "incomeTaxExpense": 226441000,
        "netIncome": 382273000,
        "netIncomeRatio": 0.1918492199,
        "eps": 1.09,
        "epsdiluted": 1.06,
        "weightedAverageShsOut": 351139000,
        "weightedAverageShsOutDil": 360935000,
        "link": "https://www.sec.gov/Archives/edgar/data/64040/000095012306013086/0000950123-06-013086-index.htm",
        "finalLink": "https://www.sec.gov/Archives/edgar/data/64040/000095012306013086/y26115e10vq.htm"
    },
    {
        "date": "2006-06-30",
        "symbol": "SPGI",
        "reportedCurrency": "USD",
        "cik": "0000064040",
        "fillingDate": "2006-07-28",
        "acceptedDate": "2006-07-28 06:02:12",
        "calendarYear": "2006",
        "period": "Q2",
        "revenue": 1527543000,
        "costOfRevenue": 586476000,
        "grossProfit": 941067000,
        "grossProfitRatio": 0.6160657998,
        "researchAndDevelopmentExpenses": 0,
        "generalAndAdministrativeExpenses": 0,
        "sellingAndMarketingExpenses": 0,
        "sellingGeneralAndAdministrativeExpenses": 540241000,
        "otherExpenses": 40423000,
        "operatingExpenses": 580664000,
        "costAndExpenses": 1167140000,
        "interestIncome": 0,
        "interestExpense": 8555000,
        "depreciationAndAmortization": 93462000,
        "ebitda": 453865000,
        "ebitdaratio": 0.2971209321,
        "operatingIncome": 360403000,
        "operatingIncomeRatio": 0.2359364024,
        "totalOtherIncomeExpensesNet": -8555000,
        "incomeBeforeTax": 351848000,
        "incomeBeforeTaxRatio": 0.2303359054,
        "incomeTaxExpense": 130887000,
        "netIncome": 220961000,
        "netIncomeRatio": 0.1446512471,
        "eps": 0.62,
        "epsdiluted": 0.6,
        "weightedAverageShsOut": 355783000,
        "weightedAverageShsOutDil": 365507000,
        "link": "https://www.sec.gov/Archives/edgar/data/64040/000119312506155188/0001193125-06-155188-index.htm",
        "finalLink": "https://www.sec.gov/Archives/edgar/data/64040/000119312506155188/d10q.htm"
    },
    {
        "date": "2006-03-31",
        "symbol": "SPGI",
        "reportedCurrency": "USD",
        "cik": "0000064040",
        "fillingDate": "2006-04-28",
        "acceptedDate": "2006-04-28 08:31:03",
        "calendarYear": "2006",
        "period": "Q1",
        "revenue": 1140679000,
        "costOfRevenue": 481485000,
        "grossProfit": 659194000,
        "grossProfitRatio": 0.5778961478,
        "researchAndDevelopmentExpenses": 0,
        "generalAndAdministrativeExpenses": 0,
        "sellingAndMarketingExpenses": 0,
        "sellingGeneralAndAdministrativeExpenses": 504030000,
        "otherExpenses": 39490000,
        "operatingExpenses": 543520000,
        "costAndExpenses": 1025005000,
        "interestIncome": 0,
        "interestExpense": 0,
        "depreciationAndAmortization": 62010000,
        "ebitda": 177684000,
        "ebitdaratio": 0.1557703789,
        "operatingIncome": 115674000,
        "operatingIncomeRatio": 0.101408021,
        "totalOtherIncomeExpensesNet": 2509000,
        "incomeBeforeTax": 118183000,
        "incomeBeforeTaxRatio": 0.1036075881,
        "incomeTaxExpense": 43963000,
        "netIncome": 74220000,
        "netIncomeRatio": 0.0650665086,
        "eps": 0.2,
        "epsdiluted": 0.2,
        "weightedAverageShsOut": 367456000,
        "weightedAverageShsOutDil": 377333000,
        "link": "https://www.sec.gov/Archives/edgar/data/64040/000095012306005379/0000950123-06-005379-index.htm",
        "finalLink": "https://www.sec.gov/Archives/edgar/data/64040/000095012306005379/y20232e10vq.htm"
    },
    {
        "date": "2005-12-31",
        "symbol": "SPGI",
        "reportedCurrency": "USD",
        "cik": "0000064040",
        "fillingDate": "2006-02-24",
        "acceptedDate": "2006-02-24 14:56:01",
        "calendarYear": "2005",
        "period": "Q4",
        "revenue": 1541318000,
        "costOfRevenue": 589163000,
        "grossProfit": 952155000,
        "grossProfitRatio": 0.6177537666,
        "researchAndDevelopmentExpenses": 0,
        "generalAndAdministrativeExpenses": 0,
        "sellingAndMarketingExpenses": 0,
        "sellingGeneralAndAdministrativeExpenses": 590099000,
        "otherExpenses": 46494000,
        "operatingExpenses": 636593000,
        "costAndExpenses": 1225756000,
        "interestIncome": 0,
        "interestExpense": 3706000,
        "depreciationAndAmortization": 95606000,
        "ebitda": 411168000,
        "ebitdaratio": 0.2667638995,
        "operatingIncome": 315562000,
        "operatingIncomeRatio": 0.2047351682,
        "totalOtherIncomeExpensesNet": 1816000,
        "incomeBeforeTax": 317378000,
        "incomeBeforeTaxRatio": 0.2059133806,
        "incomeTaxExpense": 128066000,
        "netIncome": 189312000,
        "netIncomeRatio": 0.1228247513,
        "eps": 0.52,
        "epsdiluted": 0.52,
        "weightedAverageShsOut": 367456000,
        "weightedAverageShsOutDil": 367456000,
        "link": "https://www.sec.gov/Archives/edgar/data/64040/000095012306002219/0000950123-06-002219-index.htm",
        "finalLink": "https://www.sec.gov/Archives/edgar/data/64040/000095012306002219/y17693e10vk.htm"
    },
    {
        "date": "2005-09-30",
        "symbol": "SPGI",
        "reportedCurrency": "USD",
        "cik": "0000064040",
        "fillingDate": "2005-10-28",
        "acceptedDate": "2005-10-28 08:30:33",
        "calendarYear": "2005",
        "period": "Q3",
        "revenue": 1977041000,
        "costOfRevenue": 721968000,
        "grossProfit": 1255073000,
        "grossProfitRatio": 0.6348239617,
        "researchAndDevelopmentExpenses": 0,
        "generalAndAdministrativeExpenses": 0,
        "sellingAndMarketingExpenses": 0,
        "sellingGeneralAndAdministrativeExpenses": 613139000,
        "otherExpenses": 31979000,
        "operatingExpenses": 645118000,
        "costAndExpenses": 1367086000,
        "interestIncome": 0,
        "interestExpense": 0,
        "depreciationAndAmortization": 137999000,
        "ebitda": 747954000,
        "ebitdaratio": 0.3783199236,
        "operatingIncome": 609955000,
        "operatingIncomeRatio": 0.3085191455,
        "totalOtherIncomeExpensesNet": -2808000,
        "incomeBeforeTax": 607147000,
        "incomeBeforeTaxRatio": 0.3070988411,
        "incomeTaxExpense": 225858000,
        "netIncome": 381289000,
        "netIncomeRatio": 0.1928584182,
        "eps": 1.02,
        "epsdiluted": 1,
        "weightedAverageShsOut": 373552000,
        "weightedAverageShsOutDil": 381163000,
        "link": "https://www.sec.gov/Archives/edgar/data/64040/000095012305012732/0000950123-05-012732-index.htm",
        "finalLink": "https://www.sec.gov/Archives/edgar/data/64040/000095012305012732/y13806e10vq.htm"
    },
    {
        "date": "2005-06-30",
        "symbol": "SPGI",
        "reportedCurrency": "USD",
        "cik": "0000064040",
        "fillingDate": "2005-07-29",
        "acceptedDate": "2005-07-29 08:40:43",
        "calendarYear": "2005",
        "period": "Q2",
        "revenue": 1456277000,
        "costOfRevenue": 574441000,
        "grossProfit": 881836000,
        "grossProfitRatio": 0.6055413908,
        "researchAndDevelopmentExpenses": 0,
        "generalAndAdministrativeExpenses": 0,
        "sellingAndMarketingExpenses": 0,
        "sellingGeneralAndAdministrativeExpenses": 529719000,
        "otherExpenses": 38144000,
        "operatingExpenses": 567863000,
        "costAndExpenses": 1142304000,
        "interestIncome": 0,
        "interestExpense": 3512000,
        "depreciationAndAmortization": 93320000,
        "ebitda": 407293000,
        "ebitdaratio": 0.2796809948,
        "operatingIncome": 313973000,
        "operatingIncomeRatio": 0.2155997794,
        "totalOtherIncomeExpensesNet": -3512000,
        "incomeBeforeTax": 310461000,
        "incomeBeforeTaxRatio": 0.2131881503,
        "incomeTaxExpense": 115491000,
        "netIncome": 194970000,
        "netIncomeRatio": 0.1338824963,
        "eps": 0.52,
        "epsdiluted": 0.51,
        "weightedAverageShsOut": 373534000,
        "weightedAverageShsOutDil": 380047000,
        "link": "https://www.sec.gov/Archives/edgar/data/64040/000095012305009102/0000950123-05-009102-index.htm",
        "finalLink": "https://www.sec.gov/Archives/edgar/data/64040/000095012305009102/y11009e10vq.htm"
    },
    {
        "date": "2005-03-31",
        "symbol": "SPGI",
        "reportedCurrency": "USD",
        "cik": "0000064040",
        "fillingDate": "2005-04-29",
        "acceptedDate": "2005-04-29 08:30:27",
        "calendarYear": "2005",
        "period": "Q1",
        "revenue": 1029006000,
        "costOfRevenue": 430727000,
        "grossProfit": 598279000,
        "grossProfitRatio": 0.5814144913,
        "researchAndDevelopmentExpenses": 0,
        "generalAndAdministrativeExpenses": 0,
        "sellingAndMarketingExpenses": 0,
        "sellingGeneralAndAdministrativeExpenses": 439473000,
        "otherExpenses": 33132000,
        "operatingExpenses": 472605000,
        "costAndExpenses": 903332000,
        "interestIncome": 0,
        "interestExpense": 698000,
        "depreciationAndAmortization": 58336000,
        "ebitda": 184010000,
        "ebitdaratio": 0.1788230584,
        "operatingIncome": 125674000,
        "operatingIncomeRatio": 0.122131455,
        "totalOtherIncomeExpensesNet": -698000,
        "incomeBeforeTax": 124976000,
        "incomeBeforeTaxRatio": 0.1214531305,
        "incomeTaxExpense": 46241000,
        "netIncome": 78735000,
        "netIncomeRatio": 0.0765155888,
        "eps": 0.21,
        "epsdiluted": 0.21,
        "weightedAverageShsOut": 378830000,
        "weightedAverageShsOutDil": 386600000,
        "link": "https://www.sec.gov/Archives/edgar/data/64040/000095012305005238/0000950123-05-005238-index.htm",
        "finalLink": "https://www.sec.gov/Archives/edgar/data/64040/000095012305005238/y08261e10vq.htm"
    },
    {
        "date": "2004-12-31",
        "symbol": "SPGI",
        "reportedCurrency": "USD",
        "cik": "0000064040",
        "fillingDate": "2005-02-25",
        "acceptedDate": "2005-02-25 10:30:28",
        "calendarYear": "2004",
        "period": "Q4",
        "revenue": 1412755000,
        "costOfRevenue": 567605000,
        "grossProfit": 845150000,
        "grossProfitRatio": 0.5982282845,
        "researchAndDevelopmentExpenses": 0,
        "generalAndAdministrativeExpenses": 0,
        "sellingAndMarketingExpenses": 0,
        "sellingGeneralAndAdministrativeExpenses": 509025000,
        "otherExpenses": 34459000,
        "operatingExpenses": 543484000,
        "costAndExpenses": 1111089000,
        "interestIncome": 0,
        "interestExpense": 20000,
        "depreciationAndAmortization": 84271000,
        "ebitda": 385937000,
        "ebitdaratio": 0.273180417,
        "operatingIncome": 301666000,
        "operatingIncomeRatio": 0.2135303007,
        "totalOtherIncomeExpensesNet": -20000,
        "incomeBeforeTax": 301646000,
        "incomeBeforeTaxRatio": 0.213516144,
        "incomeTaxExpense": 111609000,
        "netIncome": 190037000,
        "netIncomeRatio": 0.1345151849,
        "eps": 0.5,
        "epsdiluted": 0.5,
        "weightedAverageShsOut": 378830000,
        "weightedAverageShsOutDil": 378830000,
        "link": "https://www.sec.gov/Archives/edgar/data/64040/000095012305002243/0000950123-05-002243-index.htm",
        "finalLink": "https://www.sec.gov/Archives/edgar/data/64040/000095012305002243/y05956e10vk.htm"
    },
    {
        "date": "2004-09-30",
        "symbol": "SPGI",
        "reportedCurrency": "USD",
        "cik": "0000064040",
        "fillingDate": "2004-10-29",
        "acceptedDate": "2004-10-29 08:01:20",
        "calendarYear": "2004",
        "period": "Q3",
        "revenue": 1695911000,
        "costOfRevenue": 649163000,
        "grossProfit": 1073713000,
        "grossProfitRatio": 0.6331187191,
        "researchAndDevelopmentExpenses": 0,
        "generalAndAdministrativeExpenses": 0,
        "sellingAndMarketingExpenses": 0,
        "sellingGeneralAndAdministrativeExpenses": 525436000,
        "otherExpenses": 31361000,
        "operatingExpenses": 556797000,
        "costAndExpenses": 1205960000,
        "interestIncome": 0,
        "interestExpense": 1867000,
        "depreciationAndAmortization": 144375000,
        "ebitda": 661291000,
        "ebitdaratio": 0.3899326085,
        "operatingIncome": 516916000,
        "operatingIncomeRatio": 0.3048013722,
        "totalOtherIncomeExpensesNet": -1867000,
        "incomeBeforeTax": 515049000,
        "incomeBeforeTaxRatio": 0.303700489,
        "incomeTaxExpense": 190568000,
        "netIncome": 324481000,
        "netIncomeRatio": 0.1913313847,
        "eps": 0.86,
        "epsdiluted": 0.85,
        "weightedAverageShsOut": 378760000,
        "weightedAverageShsOutDil": 384112000,
        "link": "https://www.sec.gov/Archives/edgar/data/64040/000095012304012682/0000950123-04-012682-index.htm",
        "finalLink": "https://www.sec.gov/Archives/edgar/data/64040/000095012304012682/y67901e10vq.htm"
    },
    {
        "date": "2004-06-30",
        "symbol": "SPGI",
        "reportedCurrency": "USD",
        "cik": "0000064040",
        "fillingDate": "2004-07-30",
        "acceptedDate": "2004-07-30 08:01:58",
        "calendarYear": "2004",
        "period": "Q2",
        "revenue": 1230297000,
        "costOfRevenue": 494439000,
        "grossProfit": 751523000,
        "grossProfitRatio": 0.6108468118,
        "researchAndDevelopmentExpenses": 0,
        "generalAndAdministrativeExpenses": 0,
        "sellingAndMarketingExpenses": 0,
        "sellingGeneralAndAdministrativeExpenses": 456697000,
        "otherExpenses": 29766000,
        "operatingExpenses": 486463000,
        "costAndExpenses": 980902000,
        "interestIncome": 0,
        "interestExpense": 2161000,
        "depreciationAndAmortization": 102191000,
        "ebitda": 367251000,
        "ebitdaratio": 0.2985059705,
        "operatingIncome": 265060000,
        "operatingIncomeRatio": 0.2154439131,
        "totalOtherIncomeExpensesNet": -2161000,
        "incomeBeforeTax": 262899000,
        "incomeBeforeTaxRatio": 0.2136874267,
        "incomeTaxExpense": 97273000,
        "netIncome": 165626000,
        "netIncomeRatio": 0.1346227781,
        "eps": 0.44,
        "epsdiluted": 0.43,
        "weightedAverageShsOut": 379180000,
        "weightedAverageShsOutDil": 385214000,
        "link": "https://www.sec.gov/Archives/edgar/data/64040/000095012304009010/0000950123-04-009010-index.htm",
        "finalLink": "https://www.sec.gov/Archives/edgar/data/64040/000095012304009010/y99472e10vq.htm"
    },
    {
        "date": "2004-03-31",
        "symbol": "SPGI",
        "reportedCurrency": "USD",
        "cik": "0000064040",
        "fillingDate": "2004-04-30",
        "acceptedDate": "2004-04-30 09:08:34",
        "calendarYear": "2004",
        "period": "Q1",
        "revenue": 911575000,
        "costOfRevenue": 386360000,
        "grossProfit": 533507000,
        "grossProfitRatio": 0.5852584812,
        "researchAndDevelopmentExpenses": 0,
        "generalAndAdministrativeExpenses": 0,
        "sellingAndMarketingExpenses": 0,
        "sellingGeneralAndAdministrativeExpenses": 413398000,
        "otherExpenses": 29061000,
        "operatingExpenses": 442459000,
        "costAndExpenses": 828819000,
        "interestIncome": 0,
        "interestExpense": 2324000,
        "depreciationAndAmortization": 61876000,
        "ebitda": 152924000,
        "ebitdaratio": 0.1677580013,
        "operatingIncome": 91048000,
        "operatingIncomeRatio": 0.0998798782,
        "totalOtherIncomeExpensesNet": -1737000,
        "incomeBeforeTax": 89311000,
        "incomeBeforeTaxRatio": 0.097974385,
        "incomeTaxExpense": 13045000,
        "netIncome": 75679000,
        "netIncomeRatio": 0.0830200477,
        "eps": 0.2,
        "epsdiluted": 0.2,
        "weightedAverageShsOut": 381162000,
        "weightedAverageShsOutDil": 386980000,
        "link": "https://www.sec.gov/Archives/edgar/data/64040/000095012304005454/0000950123-04-005454-index.htm",
        "finalLink": "https://www.sec.gov/Archives/edgar/data/64040/000095012304005454/y96710e10vq.htm"
    },
    {
        "date": "2003-12-31",
        "symbol": "SPGI",
        "reportedCurrency": "USD",
        "cik": "0000064040",
        "fillingDate": "2004-02-27",
        "acceptedDate": "2004-02-27 10:58:29",
        "calendarYear": "2003",
        "period": "Q4",
        "revenue": 1168230000,
        "costOfRevenue": 476393000,
        "grossProfit": 691837000,
        "grossProfitRatio": 0.592209582,
        "researchAndDevelopmentExpenses": 0,
        "generalAndAdministrativeExpenses": 0,
        "sellingAndMarketingExpenses": 0,
        "sellingGeneralAndAdministrativeExpenses": 419113000,
        "otherExpenses": -110384000,
        "operatingExpenses": 308729000,
        "costAndExpenses": 785122000,
        "interestIncome": 0,
        "interestExpense": 0,
        "depreciationAndAmortization": 84826000,
        "ebitda": 467934000,
        "ebitdaratio": 0.4005495493,
        "operatingIncome": 383108000,
        "operatingIncomeRatio": 0.3279388477,
        "totalOtherIncomeExpensesNet": 281000,
        "incomeBeforeTax": 383389000,
        "incomeBeforeTaxRatio": 0.3281793825,
        "incomeTaxExpense": 166118000,
        "netIncome": 159924000,
        "netIncomeRatio": 0.136894276,
        "eps": 0.57,
        "epsdiluted": 0.57,
        "weightedAverageShsOut": 376986508,
        "weightedAverageShsOutDil": 381162000,
        "link": "https://www.sec.gov/Archives/edgar/data/64040/000095012304002457/0000950123-04-002457-index.htm",
        "finalLink": "https://www.sec.gov/Archives/edgar/data/64040/000095012304002457/y94410e10vk.htm"
    },
    {
        "date": "2003-09-30",
        "symbol": "SPGI",
        "reportedCurrency": "USD",
        "cik": "0000064040",
        "fillingDate": "2003-10-31",
        "acceptedDate": "2003-10-31 10:55:42",
        "calendarYear": "2003",
        "period": "Q3",
        "revenue": 1622606000,
        "costOfRevenue": 630790000,
        "grossProfit": 971877000,
        "grossProfitRatio": 0.598960561,
        "researchAndDevelopmentExpenses": 0,
        "generalAndAdministrativeExpenses": 0,
        "sellingAndMarketingExpenses": 0,
        "sellingGeneralAndAdministrativeExpenses": 486795000,
        "otherExpenses": 23850000,
        "operatingExpenses": 510645000,
        "costAndExpenses": 1141435000,
        "interestIncome": 0,
        "interestExpense": 0,
        "depreciationAndAmortization": 158010000,
        "ebitda": 619242000,
        "ebitdaratio": 0.3816342353,
        "operatingIncome": 461232000,
        "operatingIncomeRatio": 0.2842538484,
        "totalOtherIncomeExpensesNet": -2026000,
        "incomeBeforeTax": 460788000,
        "incomeBeforeTaxRatio": 0.2839802145,
        "incomeTaxExpense": 169907000,
        "netIncome": 290296000,
        "netIncomeRatio": 0.178907264,
        "eps": 0.76,
        "epsdiluted": 0.76,
        "weightedAverageShsOut": 381048000,
        "weightedAverageShsOutDil": 384110000,
        "link": "https://www.sec.gov/Archives/edgar/data/64040/000006404003000015/0000064040-03-000015-index.htm",
        "finalLink": "https://www.sec.gov/Archives/edgar/data/64040/000006404003000015/thirdquarter10q.txt"
    },
    {
        "date": "2003-06-30",
        "symbol": "SPGI",
        "reportedCurrency": "USD",
        "cik": "0000064040",
        "fillingDate": "2003-07-31",
        "acceptedDate": "2003-07-31 09:22:12",
        "calendarYear": "2003",
        "period": "Q2",
        "revenue": 1190478000,
        "costOfRevenue": 477180000,
        "grossProfit": 694839000,
        "grossProfitRatio": 0.5836638728,
        "researchAndDevelopmentExpenses": 0,
        "generalAndAdministrativeExpenses": 0,
        "sellingAndMarketingExpenses": 0,
        "sellingGeneralAndAdministrativeExpenses": 440518000,
        "otherExpenses": 26196000,
        "operatingExpenses": 466714000,
        "costAndExpenses": 943894000,
        "interestIncome": 0,
        "interestExpense": 0,
        "depreciationAndAmortization": 98861000,
        "ebitda": 326986000,
        "ebitdaratio": 0.2746678225,
        "operatingIncome": 228125000,
        "operatingIncomeRatio": 0.1916247087,
        "totalOtherIncomeExpensesNet": -2673000,
        "incomeBeforeTax": 225452000,
        "incomeBeforeTaxRatio": 0.1893793921,
        "incomeTaxExpense": 83863000,
        "netIncome": 142035000,
        "netIncomeRatio": 0.1193092186,
        "eps": 0.38,
        "epsdiluted": 0.37,
        "weightedAverageShsOut": 379660000,
        "weightedAverageShsOutDil": 382548000,
        "link": "https://www.sec.gov/Archives/edgar/data/64040/000006404003000012/0000064040-03-000012-index.htm",
        "finalLink": "https://www.sec.gov/Archives/edgar/data/64040/000006404003000012/secondqtr10q.txt"
    },
    {
        "date": "2003-03-31",
        "symbol": "SPGI",
        "reportedCurrency": "USD",
        "cik": "0000064040",
        "fillingDate": "2003-05-02",
        "acceptedDate": "2003-05-02 11:07:07",
        "calendarYear": "2003",
        "period": "Q1",
        "revenue": 846543000,
        "costOfRevenue": 354589000,
        "grossProfit": 476225000,
        "grossProfitRatio": 0.5625526406,
        "researchAndDevelopmentExpenses": 0,
        "generalAndAdministrativeExpenses": 0,
        "sellingAndMarketingExpenses": 0,
        "sellingGeneralAndAdministrativeExpenses": 385211000,
        "otherExpenses": 25062000,
        "operatingExpenses": 410273000,
        "costAndExpenses": 764862000,
        "interestIncome": 0,
        "interestExpense": 0,
        "depreciationAndAmortization": 61482000,
        "ebitda": 127434000,
        "ebitdaratio": 0.150534586,
        "operatingIncome": 65952000,
        "operatingIncomeRatio": 0.0779074424,
        "totalOtherIncomeExpensesNet": -2679000,
        "incomeBeforeTax": 60648000,
        "incomeBeforeTaxRatio": 0.0716419603,
        "incomeTaxExpense": 23410000,
        "netIncome": 95395000,
        "netIncomeRatio": 0.1126877193,
        "eps": 0.25,
        "epsdiluted": 0.25,
        "weightedAverageShsOut": 381866000,
        "weightedAverageShsOutDil": 383964000,
        "link": "https://www.sec.gov/Archives/edgar/data/64040/000006404003000004/0000064040-03-000004-index.htm",
        "finalLink": "https://www.sec.gov/Archives/edgar/data/64040/000006404003000004/firstquarter10q.txt"
    },
    {
        "date": "2002-12-31",
        "symbol": "SPGI",
        "reportedCurrency": "USD",
        "cik": "0000064040",
        "fillingDate": "2003-03-13",
        "acceptedDate": "2003-03-13 10:09:37",
        "calendarYear": "2002",
        "period": "Q4",
        "revenue": 1172281000,
        "costOfRevenue": 492931000,
        "grossProfit": 679350000,
        "grossProfitRatio": 0.5795112264,
        "researchAndDevelopmentExpenses": 0,
        "generalAndAdministrativeExpenses": 0,
        "sellingAndMarketingExpenses": 0,
        "sellingGeneralAndAdministrativeExpenses": 431511000,
        "otherExpenses": 29070000,
        "operatingExpenses": 460581000,
        "costAndExpenses": 953512000,
        "interestIncome": 0,
        "interestExpense": 0,
        "depreciationAndAmortization": 79035000,
        "ebitda": 297804000,
        "ebitdaratio": 0.2540380677,
        "operatingIncome": 218769000,
        "operatingIncomeRatio": 0.1866182255,
        "totalOtherIncomeExpensesNet": -2979000,
        "incomeBeforeTax": 215790000,
        "incomeBeforeTaxRatio": 0.1840770259,
        "incomeTaxExpense": 80921000,
        "netIncome": 134869000,
        "netIncomeRatio": 0.1150483544,
        "eps": 0.35,
        "epsdiluted": 0.35,
        "weightedAverageShsOut": 381866000,
        "weightedAverageShsOutDil": 381866000,
        "link": "https://www.sec.gov/Archives/edgar/data/64040/000095012303002781/0000950123-03-002781-index.htm",
        "finalLink": "https://www.sec.gov/Archives/edgar/data/64040/000095012303002781/y84275e10vk.txt"
    },
    {
        "date": "2002-09-30",
        "symbol": "SPGI",
        "reportedCurrency": "USD",
        "cik": "0000064040",
        "fillingDate": "2002-11-01",
        "acceptedDate": "2002-11-01 10:48:03",
        "calendarYear": "2002",
        "period": "Q3",
        "revenue": 1577334000,
        "costOfRevenue": 656729000,
        "grossProfit": 920605000,
        "grossProfitRatio": 0.583646203,
        "researchAndDevelopmentExpenses": 0,
        "generalAndAdministrativeExpenses": 460674000,
        "sellingAndMarketingExpenses": 0,
        "sellingGeneralAndAdministrativeExpenses": 460674000,
        "otherExpenses": 29766000,
        "operatingExpenses": 490440000,
        "costAndExpenses": 1147169000,
        "interestIncome": 0,
        "interestExpense": 6313000,
        "depreciationAndAmortization": 158159000,
        "ebitda": 588324000,
        "ebitdaratio": 0.3729863174,
        "operatingIncome": 430165000,
        "operatingIncomeRatio": 0.272716495,
        "totalOtherIncomeExpensesNet": -5965000,
        "incomeBeforeTax": 424200000,
        "incomeBeforeTaxRatio": 0.2689347976,
        "incomeTaxExpense": 147981000,
        "netIncome": 276219000,
        "netIncomeRatio": 0.1751176352,
        "eps": 0.72,
        "epsdiluted": 0.71,
        "weightedAverageShsOut": 386060000,
        "weightedAverageShsOutDil": 388922000,
        "link": "https://www.sec.gov/Archives/edgar/data/64040/000006404002000013/0000064040-02-000013-index.htm",
        "finalLink": "https://www.sec.gov/Archives/edgar/data/64040/000006404002000013/thirdquarter10q.txt"
    },
    {
        "date": "2002-06-30",
        "symbol": "SPGI",
        "reportedCurrency": "USD",
        "cik": "0000064040",
        "fillingDate": "2002-08-02",
        "acceptedDate": "2002-08-02 09:30:53",
        "calendarYear": "2002",
        "period": "Q2",
        "revenue": 1191401000,
        "costOfRevenue": 498952000,
        "grossProfit": 676320000,
        "grossProfitRatio": 0.5676678129,
        "researchAndDevelopmentExpenses": 0,
        "generalAndAdministrativeExpenses": 379741000,
        "sellingAndMarketingExpenses": 0,
        "sellingGeneralAndAdministrativeExpenses": 429270000,
        "otherExpenses": 23278000,
        "operatingExpenses": 452548000,
        "costAndExpenses": 951500000,
        "interestIncome": 0,
        "interestExpense": 0,
        "depreciationAndAmortization": 104891000,
        "ebitda": 328663000,
        "ebitdaratio": 0.2758626189,
        "operatingIncome": 223772000,
        "operatingIncomeRatio": 0.1878225719,
        "totalOtherIncomeExpensesNet": -7151000,
        "incomeBeforeTax": 218352000,
        "incomeBeforeTaxRatio": 0.183273306,
        "incomeTaxExpense": 81233000,
        "netIncome": 136470000,
        "netIncomeRatio": 0.1145458162,
        "eps": 0.36,
        "epsdiluted": 0.35,
        "weightedAverageShsOut": 386534000,
        "weightedAverageShsOutDil": 390100000,
        "link": "https://www.sec.gov/Archives/edgar/data/64040/000006404002000007/0000064040-02-000007-index.htm",
        "finalLink": "https://www.sec.gov/Archives/edgar/data/64040/000006404002000007/secondquarter10q.txt"
    },
    {
        "date": "2002-03-31",
        "symbol": "SPGI",
        "reportedCurrency": "USD",
        "cik": "0000064040",
        "fillingDate": "2002-04-25",
        "acceptedDate": "2002-04-25 00:00:00",
        "calendarYear": "2002",
        "period": "Q1",
        "revenue": 846652000,
        "costOfRevenue": 392201000,
        "grossProfit": 438342000,
        "grossProfitRatio": 0.5177357403,
        "researchAndDevelopmentExpenses": 0,
        "generalAndAdministrativeExpenses": 330444000,
        "sellingAndMarketingExpenses": 0,
        "sellingGeneralAndAdministrativeExpenses": 360185000,
        "otherExpenses": 25954000,
        "operatingExpenses": 386139000,
        "costAndExpenses": 778340000,
        "interestIncome": 0,
        "interestExpense": 0,
        "depreciationAndAmortization": 66686000,
        "ebitda": 118889000,
        "ebitdaratio": 0.1404225113,
        "operatingIncome": 52203000,
        "operatingIncomeRatio": 0.0616581547,
        "totalOtherIncomeExpensesNet": -6422000,
        "incomeBeforeTax": 46723000,
        "incomeBeforeTaxRatio": 0.0551856016,
        "incomeTaxExpense": 17168000,
        "netIncome": 29202000,
        "netIncomeRatio": 0.0344911487,
        "eps": 0.075,
        "epsdiluted": 0.075,
        "weightedAverageShsOut": 385778000,
        "weightedAverageShsOutDil": 389934000,
        "link": "https://www.sec.gov/Archives/edgar/data/64040/000006404002000002/0000064040-02-000002-index.htm",
        "finalLink": "https://www.sec.gov/Archives/edgar/data/64040/000006404002000002/q1st10q.txt"
    },
    {
        "date": "2001-12-31",
        "symbol": "SPGI",
        "reportedCurrency": "USD",
        "cik": "0000064040",
        "fillingDate": "2002-03-12",
        "acceptedDate": "2002-03-12 00:00:00",
        "calendarYear": "2001",
        "period": "Q4",
        "revenue": 1114568000,
        "costOfRevenue": 626011000,
        "grossProfit": 488557000,
        "grossProfitRatio": 0.4383375442,
        "researchAndDevelopmentExpenses": 0,
        "generalAndAdministrativeExpenses": 379450000,
        "sellingAndMarketingExpenses": 0,
        "sellingGeneralAndAdministrativeExpenses": 379450000,
        "otherExpenses": 82035000,
        "operatingExpenses": 461485000,
        "costAndExpenses": 1087496000,
        "interestIncome": 0,
        "interestExpense": 280000,
        "depreciationAndAmortization": 90366000,
        "ebitda": 117438000,
        "ebitdaratio": 0.1053663841,
        "operatingIncome": 27072000,
        "operatingIncomeRatio": 0.0242892313,
        "totalOtherIncomeExpensesNet": -8611000,
        "incomeBeforeTax": 18461000,
        "incomeBeforeTaxRatio": 0.016563368,
        "incomeTaxExpense": 21306000,
        "netIncome": -2845000,
        "netIncomeRatio": -0.0025525585,
        "eps": -0.0075,
        "epsdiluted": -0.0074,
        "weightedAverageShsOut": 381107846,
        "weightedAverageShsOutDil": 385778000,
        "link": "https://www.sec.gov/Archives/edgar/data/64040/000095012302002409/0000950123-02-002409-index.htm",
        "finalLink": "https://www.sec.gov/Archives/edgar/data/64040/000095012302002409/y58045e10-k405.txt"
    },
    {
        "date": "2001-09-30",
        "symbol": "SPGI",
        "reportedCurrency": "USD",
        "cik": "0000064040",
        "fillingDate": "2001-11-01",
        "acceptedDate": "2001-11-01 00:00:00",
        "calendarYear": "2001",
        "period": "Q3",
        "revenue": 1535100000,
        "costOfRevenue": 558124000,
        "grossProfit": 976976000,
        "grossProfitRatio": 0.6364249886,
        "researchAndDevelopmentExpenses": 0,
        "generalAndAdministrativeExpenses": 439479000,
        "sellingAndMarketingExpenses": 0,
        "sellingGeneralAndAdministrativeExpenses": 439479000,
        "otherExpenses": 134527000,
        "operatingExpenses": 574006000,
        "costAndExpenses": 1132130000,
        "interestIncome": 0,
        "interestExpense": 0,
        "depreciationAndAmortization": 150486000,
        "ebitda": 553456000,
        "ebitdaratio": 0.3605341672,
        "operatingIncome": 402970000,
        "operatingIncomeRatio": 0.2625040714,
        "totalOtherIncomeExpensesNet": -13558000,
        "incomeBeforeTax": 389412000,
        "incomeBeforeTaxRatio": 0.2536720735,
        "incomeTaxExpense": 149924000,
        "netIncome": 239488000,
        "netIncomeRatio": 0.1560080776,
        "eps": 0.62,
        "epsdiluted": 0.61,
        "weightedAverageShsOut": 387784000,
        "weightedAverageShsOutDil": 391360000,
        "link": "https://www.sec.gov/Archives/edgar/data/64040/000006404001500017/0000064040-01-500017-index.htm",
        "finalLink": "https://www.sec.gov/Archives/edgar/data/64040/000006404001500017/e10q3rd.txt"
    },
    {
        "date": "2001-06-30",
        "symbol": "SPGI",
        "reportedCurrency": "USD",
        "cik": "0000064040",
        "fillingDate": "2001-07-26",
        "acceptedDate": "2001-07-26 00:00:00",
        "calendarYear": "2001",
        "period": "Q2",
        "revenue": 1149470000,
        "costOfRevenue": 481819000,
        "grossProfit": 667651000,
        "grossProfitRatio": 0.5808337756,
        "researchAndDevelopmentExpenses": 0,
        "generalAndAdministrativeExpenses": 382132000,
        "sellingAndMarketingExpenses": 0,
        "sellingGeneralAndAdministrativeExpenses": 382132000,
        "otherExpenses": 95469000,
        "operatingExpenses": 477601000,
        "costAndExpenses": 959420000,
        "interestIncome": 0,
        "interestExpense": 6097000,
        "depreciationAndAmortization": 105393000,
        "ebitda": 295443000,
        "ebitdaratio": 0.2570254117,
        "operatingIncome": 190050000,
        "operatingIncomeRatio": 0.1653370684,
        "totalOtherIncomeExpensesNet": -16021000,
        "incomeBeforeTax": 174029000,
        "incomeBeforeTaxRatio": 0.1513993406,
        "incomeTaxExpense": 54032000,
        "netIncome": 119997000,
        "netIncomeRatio": 0.1043933291,
        "eps": 0.31,
        "epsdiluted": 0.31,
        "weightedAverageShsOut": 389142000,
        "weightedAverageShsOutDil": 393924000,
        "link": "https://www.sec.gov/Archives/edgar/data/64040/000006404001500012/0000064040-01-500012-index.htm",
        "finalLink": "https://www.sec.gov/Archives/edgar/data/64040/000006404001500012/e10-q2stqtr.txt"
    },
    {
        "date": "2001-03-31",
        "symbol": "SPGI",
        "reportedCurrency": "USD",
        "cik": "0000064040",
        "fillingDate": "2001-04-27",
        "acceptedDate": "2001-04-27 00:00:00",
        "calendarYear": "2001",
        "period": "Q1",
        "revenue": 846397000,
        "costOfRevenue": 412462000,
        "grossProfit": 433935000,
        "grossProfitRatio": 0.5126849457,
        "researchAndDevelopmentExpenses": 0,
        "generalAndAdministrativeExpenses": 321570000,
        "sellingAndMarketingExpenses": 0,
        "sellingGeneralAndAdministrativeExpenses": 321570000,
        "otherExpenses": 74353000,
        "operatingExpenses": 395923000,
        "costAndExpenses": 808385000,
        "interestIncome": 0,
        "interestExpense": 0,
        "depreciationAndAmortization": 74353000,
        "ebitda": 112365000,
        "ebitdaratio": 0.1327568505,
        "operatingIncome": 38012000,
        "operatingIncomeRatio": 0.0449103671,
        "totalOtherIncomeExpensesNet": -4856000,
        "incomeBeforeTax": 33156000,
        "incomeBeforeTaxRatio": 0.0391731067,
        "incomeTaxExpense": 12765000,
        "netIncome": 20391000,
        "netIncomeRatio": 0.0240915315,
        "eps": 0.055,
        "epsdiluted": 0.05,
        "weightedAverageShsOut": 387914000,
        "weightedAverageShsOutDil": 391926000,
        "link": "https://www.sec.gov/Archives/edgar/data/64040/000006404001500008/0000064040-01-500008-index.htm",
        "finalLink": "https://www.sec.gov/Archives/edgar/data/64040/000006404001500008/e10-q1stqtr.txt"
    },
    {
        "date": "2000-12-31",
        "symbol": "SPGI",
        "reportedCurrency": "USD",
        "cik": "0000064040",
        "fillingDate": "2001-03-12",
        "acceptedDate": "2001-03-12 00:00:00",
        "calendarYear": "2000",
        "period": "Q4",
        "revenue": 1067561000,
        "costOfRevenue": 445032000,
        "grossProfit": 622529000,
        "grossProfitRatio": 0.5831320177,
        "researchAndDevelopmentExpenses": 0,
        "generalAndAdministrativeExpenses": 384967000,
        "sellingAndMarketingExpenses": 0,
        "sellingGeneralAndAdministrativeExpenses": 384967000,
        "otherExpenses": 81756000,
        "operatingExpenses": 466723000,
        "costAndExpenses": 911755000,
        "interestIncome": 0,
        "interestExpense": 74071000,
        "depreciationAndAmortization": 81756000,
        "ebitda": 237562000,
        "ebitdaratio": 0.2225277993,
        "operatingIncome": 155806000,
        "operatingIncomeRatio": 0.1459457586,
        "totalOtherIncomeExpensesNet": -11586000,
        "incomeBeforeTax": 144220000,
        "incomeBeforeTaxRatio": 0.135092983,
        "incomeTaxExpense": 55524000,
        "netIncome": 20574000,
        "netIncomeRatio": 0.0192719667,
        "eps": 0.23,
        "epsdiluted": 0.23,
        "weightedAverageShsOut": 387889846,
        "weightedAverageShsOutDil": 387914000,
        "link": "https://www.sec.gov/Archives/edgar/data/64040/000095012301002226/0000950123-01-002226-index.htm",
        "finalLink": "https://www.sec.gov/Archives/edgar/data/64040/000095012301002226/y46387e10-k405.txt"
    },
    {
        "date": "2000-09-30",
        "symbol": "SPGI",
        "reportedCurrency": "USD",
        "cik": "0000064040",
        "fillingDate": "2000-10-31",
        "acceptedDate": "2000-10-31 00:00:00",
        "calendarYear": "2000",
        "period": "Q3",
        "revenue": 1391650000,
        "costOfRevenue": 524844000,
        "grossProfit": 869626000,
        "grossProfitRatio": 0.6248884418,
        "researchAndDevelopmentExpenses": 0,
        "generalAndAdministrativeExpenses": 384400000,
        "sellingAndMarketingExpenses": 0,
        "sellingGeneralAndAdministrativeExpenses": 384400000,
        "otherExpenses": 119603000,
        "operatingExpenses": 504003000,
        "costAndExpenses": 1028847000,
        "interestIncome": 0,
        "interestExpense": 0,
        "depreciationAndAmortization": 135237000,
        "ebitda": 500960000,
        "ebitdaratio": 0.3599755686,
        "operatingIncome": 365623000,
        "operatingIncomeRatio": 0.2627262602,
        "totalOtherIncomeExpensesNet": -15035000,
        "incomeBeforeTax": 354017000,
        "incomeBeforeTaxRatio": 0.2543865196,
        "incomeTaxExpense": 134977000,
        "netIncome": 217720000,
        "netIncomeRatio": 0.1564473826,
        "eps": 0.56,
        "epsdiluted": 0.55,
        "weightedAverageShsOut": 388976000,
        "weightedAverageShsOutDil": 393700000,
        "link": "https://www.sec.gov/Archives/edgar/data/64040/000006404000000006/0000064040-00-000006-index.htm",
        "finalLink": "https://www.sec.gov/Archives/edgar/data/64040/000006404000000006/0000064040-00-000006-0001.txt"
    },
    {
        "date": "2000-06-30",
        "symbol": "SPGI",
        "reportedCurrency": "USD",
        "cik": "0000064040",
        "fillingDate": "2000-07-28",
        "acceptedDate": "2000-07-28 00:00:00",
        "calendarYear": "2000",
        "period": "Q2",
        "revenue": 1019223000,
        "costOfRevenue": 423667000,
        "grossProfit": 592257000,
        "grossProfitRatio": 0.581086769,
        "researchAndDevelopmentExpenses": 0,
        "generalAndAdministrativeExpenses": 329387000,
        "sellingAndMarketingExpenses": 0,
        "sellingGeneralAndAdministrativeExpenses": 329387000,
        "otherExpenses": 86035000,
        "operatingExpenses": 415422000,
        "costAndExpenses": 839089000,
        "interestIncome": 0,
        "interestExpense": 0,
        "depreciationAndAmortization": 86135000,
        "ebitda": 262970000,
        "ebitdaratio": 0.2580102686,
        "operatingIncome": 176835000,
        "operatingIncomeRatio": 0.1734998131,
        "totalOtherIncomeExpensesNet": -3125000,
        "incomeBeforeTax": 175427000,
        "incomeBeforeTaxRatio": 0.1721183686,
        "incomeTaxExpense": 66878000,
        "netIncome": 107888000,
        "netIncomeRatio": 0.1058531842,
        "eps": 0.28,
        "epsdiluted": 0.28,
        "weightedAverageShsOut": 387410000,
        "weightedAverageShsOutDil": 390880000,
        "link": "https://www.sec.gov/Archives/edgar/data/64040/000006404000000004/0000064040-00-000004-index.htm",
        "finalLink": "https://www.sec.gov/Archives/edgar/data/64040/000006404000000004/0000064040-00-000004-0001.txt"
    },
    {
        "date": "2000-03-31",
        "symbol": "SPGI",
        "reportedCurrency": "USD",
        "cik": "0000064040",
        "fillingDate": "2000-05-05",
        "acceptedDate": "2000-05-05 00:00:00",
        "calendarYear": "2000",
        "period": "Q1",
        "revenue": 802534000,
        "costOfRevenue": 378642000,
        "grossProfit": 405572000,
        "grossProfitRatio": 0.5053642587,
        "researchAndDevelopmentExpenses": 0,
        "generalAndAdministrativeExpenses": 291508000,
        "sellingAndMarketingExpenses": 0,
        "sellingGeneralAndAdministrativeExpenses": 291508000,
        "otherExpenses": 59197000,
        "operatingExpenses": 350705000,
        "costAndExpenses": 729347000,
        "interestIncome": 0,
        "interestExpense": 0,
        "depreciationAndAmortization": 59197000,
        "ebitda": 114064000,
        "ebitdaratio": 0.1421298038,
        "operatingIncome": 54867000,
        "operatingIncomeRatio": 0.0683671969,
        "totalOtherIncomeExpensesNet": 15694000,
        "incomeBeforeTax": 93678000,
        "incomeBeforeTaxRatio": 0.1167277648,
        "incomeTaxExpense": 27166000,
        "netIncome": 57612000,
        "netIncomeRatio": 0.0717876127,
        "eps": 0.045,
        "epsdiluted": 0.045,
        "weightedAverageShsOut": 388782000,
        "weightedAverageShsOutDil": 392208000,
        "link": "https://www.sec.gov/Archives/edgar/data/64040/000006404000000002/0000064040-00-000002-index.html",
        "finalLink": "https://www.sec.gov/Archives/edgar/data/64040/000006404000000002/"
    },
    {
        "date": "1999-12-31",
        "symbol": "SPGI",
        "reportedCurrency": "USD",
        "cik": "0000064040",
        "fillingDate": "2000-03-22",
        "acceptedDate": "2000-03-22 00:00:00",
        "calendarYear": "1999",
        "period": "Q4",
        "revenue": 1034300000,
        "costOfRevenue": 468200000,
        "grossProfit": 566100000,
        "grossProfitRatio": 0.5473266944,
        "researchAndDevelopmentExpenses": 0,
        "generalAndAdministrativeExpenses": 333300000,
        "sellingAndMarketingExpenses": 0,
        "sellingGeneralAndAdministrativeExpenses": 333300000,
        "otherExpenses": 72800000,
        "operatingExpenses": 406100000,
        "costAndExpenses": 874300000,
        "interestIncome": 0,
        "interestExpense": 0,
        "depreciationAndAmortization": 72800000,
        "ebitda": 232800000,
        "ebitdaratio": 0.2250797641,
        "operatingIncome": 160000000,
        "operatingIncomeRatio": 0.1546939959,
        "totalOtherIncomeExpensesNet": 38000000,
        "incomeBeforeTax": 198000000,
        "incomeBeforeTaxRatio": 0.19143382,
        "incomeTaxExpense": 77200000,
        "netIncome": 120800000,
        "netIncomeRatio": 0.1167939669,
        "eps": 0.31,
        "epsdiluted": 0.31,
        "weightedAverageShsOut": 388782000,
        "weightedAverageShsOutDil": 388782000,
        "link": "https://www.sec.gov/Archives/edgar/data/64040/000095012300002550/0000950123-00-002550-index.html",
        "finalLink": "https://www.sec.gov/Archives/edgar/data/64040/000095012300002550/"
    },
    {
        "date": "1999-09-30",
        "symbol": "SPGI",
        "reportedCurrency": "USD",
        "cik": "0000064040",
        "fillingDate": "1999-11-08",
        "acceptedDate": "1999-11-08 00:00:00",
        "calendarYear": "1999",
        "period": "Q3",
        "revenue": 1318500000,
        "costOfRevenue": 508700000,
        "grossProfit": 809800000,
        "grossProfitRatio": 0.6141827835,
        "researchAndDevelopmentExpenses": 0,
        "generalAndAdministrativeExpenses": 378200000,
        "sellingAndMarketingExpenses": 0,
        "sellingGeneralAndAdministrativeExpenses": 378200000,
        "otherExpenses": 113500000,
        "operatingExpenses": 491700000,
        "costAndExpenses": 1000400000,
        "interestIncome": 0,
        "interestExpense": 0,
        "depreciationAndAmortization": 113500000,
        "ebitda": 431600000,
        "ebitdaratio": 0.3273416761,
        "operatingIncome": 318100000,
        "operatingIncomeRatio": 0.2412590064,
        "totalOtherIncomeExpensesNet": -5800000,
        "incomeBeforeTax": 312300000,
        "incomeBeforeTaxRatio": 0.2368600683,
        "incomeTaxExpense": 121800000,
        "netIncome": 190500000,
        "netIncomeRatio": 0.1444823663,
        "eps": 0.49,
        "epsdiluted": 0.48,
        "weightedAverageShsOut": 393346000,
        "weightedAverageShsOutDil": 397840000,
        "link": "https://www.sec.gov/Archives/edgar/data/64040/000006404099000011/0000064040-99-000011-index.html",
        "finalLink": "https://www.sec.gov/Archives/edgar/data/64040/000006404099000011/"
    },
    {
        "date": "1999-06-30",
        "symbol": "SPGI",
        "reportedCurrency": "USD",
        "cik": "0000064040",
        "fillingDate": "1999-08-11",
        "acceptedDate": "1999-08-11 00:00:00",
        "calendarYear": "1999",
        "period": "Q2",
        "revenue": 922700000,
        "costOfRevenue": 410000000,
        "grossProfit": 512700000,
        "grossProfitRatio": 0.5556518912,
        "researchAndDevelopmentExpenses": 0,
        "generalAndAdministrativeExpenses": 290400000,
        "sellingAndMarketingExpenses": 0,
        "sellingGeneralAndAdministrativeExpenses": 290400000,
        "otherExpenses": 69200000,
        "operatingExpenses": 359600000,
        "costAndExpenses": 769600000,
        "interestIncome": 0,
        "interestExpense": 700000,
        "depreciationAndAmortization": 69200000,
        "ebitda": 222300000,
        "ebitdaratio": 0.240923377,
        "operatingIncome": 153100000,
        "operatingIncomeRatio": 0.1659260865,
        "totalOtherIncomeExpensesNet": -5500000,
        "incomeBeforeTax": 147600000,
        "incomeBeforeTaxRatio": 0.1599653192,
        "incomeTaxExpense": 57600000,
        "netIncome": 90000000,
        "netIncomeRatio": 0.0975398288,
        "eps": 0.23,
        "epsdiluted": 0.23,
        "weightedAverageShsOut": 391304348,
        "weightedAverageShsOutDil": 400000000,
        "link": "https://www.sec.gov/Archives/edgar/data/64040/000006404099000005/0000064040-99-000005-index.html",
        "finalLink": "https://www.sec.gov/Archives/edgar/data/64040/000006404099000005/"
    },
    {
        "date": "1999-03-31",
        "symbol": "SPGI",
        "reportedCurrency": "USD",
        "cik": "0000064040",
        "fillingDate": "1999-05-12",
        "acceptedDate": "1999-05-12 00:00:00",
        "calendarYear": "1999",
        "period": "Q1",
        "revenue": 716500000,
        "costOfRevenue": 351100000,
        "grossProfit": 365400000,
        "grossProfitRatio": 0.5099790649,
        "researchAndDevelopmentExpenses": 0,
        "generalAndAdministrativeExpenses": 267600000,
        "sellingAndMarketingExpenses": 0,
        "sellingGeneralAndAdministrativeExpenses": 267600000,
        "otherExpenses": 52900000,
        "operatingExpenses": 320500000,
        "costAndExpenses": 671600000,
        "interestIncome": 0,
        "interestExpense": 300000,
        "depreciationAndAmortization": 52900000,
        "ebitda": 97800000,
        "ebitdaratio": 0.1364968597,
        "operatingIncome": 44900000,
        "operatingIncomeRatio": 0.0626657362,
        "totalOtherIncomeExpensesNet": -4900000,
        "incomeBeforeTax": 40000000,
        "incomeBeforeTaxRatio": 0.0558269365,
        "incomeTaxExpense": 15600000,
        "netIncome": 24400000,
        "netIncomeRatio": 0.0340544313,
        "eps": 0.06,
        "epsdiluted": 0.06,
        "weightedAverageShsOut": 406666667,
        "weightedAverageShsOutDil": 406666667,
        "link": "https://www.sec.gov/Archives/edgar/data/64040/000006404099000003/0000064040-99-000003-index.html",
        "finalLink": "https://www.sec.gov/Archives/edgar/data/64040/"
    },
    {
        "date": "1998-12-31",
        "symbol": "SPGI",
        "reportedCurrency": "USD",
        "cik": "0000064040",
        "fillingDate": "1999-03-26",
        "acceptedDate": "1999-03-26 00:00:00",
        "calendarYear": "1998",
        "period": "Q4",
        "revenue": 938100000,
        "costOfRevenue": 384400000,
        "grossProfit": 553700000,
        "grossProfitRatio": 0.5902355826,
        "researchAndDevelopmentExpenses": 0,
        "generalAndAdministrativeExpenses": 365900000,
        "sellingAndMarketingExpenses": 0,
        "sellingGeneralAndAdministrativeExpenses": 365900000,
        "otherExpenses": 64400000,
        "operatingExpenses": 430300000,
        "costAndExpenses": 814700000,
        "interestIncome": 0,
        "interestExpense": 0,
        "depreciationAndAmortization": 64400000,
        "ebitda": 187800000,
        "ebitdaratio": 0.2001918772,
        "operatingIncome": 123400000,
        "operatingIncomeRatio": 0.1315424795,
        "totalOtherIncomeExpensesNet": -1300000,
        "incomeBeforeTax": 122100000,
        "incomeBeforeTaxRatio": 0.1301566997,
        "incomeTaxExpense": 47600000,
        "netIncome": 74500000,
        "netIncomeRatio": 0.0794158405,
        "eps": 0.18,
        "epsdiluted": 0.18,
        "weightedAverageShsOut": 389400218,
        "weightedAverageShsOutDil": 406666667,
        "link": "https://www.sec.gov/Archives/edgar/data/64040/000095012399002585/0000950123-99-002585-index.html",
        "finalLink": "https://www.sec.gov/Archives/edgar/data/64040/"
    },
    {
        "date": "1998-09-30",
        "symbol": "SPGI",
        "reportedCurrency": "USD",
        "cik": "0000064040",
        "fillingDate": "1998-11-12",
        "acceptedDate": "1998-11-12 00:00:00",
        "calendarYear": "1998",
        "period": "Q3",
        "revenue": 1206400000,
        "costOfRevenue": 497100000,
        "grossProfit": 709300000,
        "grossProfitRatio": 0.5879476127,
        "researchAndDevelopmentExpenses": 0,
        "generalAndAdministrativeExpenses": 308800000,
        "sellingAndMarketingExpenses": 0,
        "sellingGeneralAndAdministrativeExpenses": 340100000,
        "otherExpenses": 115400000,
        "operatingExpenses": 455500000,
        "costAndExpenses": 952600000,
        "interestIncome": 0,
        "interestExpense": 0,
        "depreciationAndAmortization": 115400000,
        "ebitda": 369200000,
        "ebitdaratio": 0.3060344828,
        "operatingIncome": 253800000,
        "operatingIncomeRatio": 0.2103779841,
        "totalOtherIncomeExpensesNet": 23900000,
        "incomeBeforeTax": 277700000,
        "incomeBeforeTaxRatio": 0.230188992,
        "incomeTaxExpense": 108300000,
        "netIncome": 160700000,
        "netIncomeRatio": 0.1332062334,
        "eps": 0.41,
        "epsdiluted": 0.41,
        "weightedAverageShsOut": 391951220,
        "weightedAverageShsOutDil": 396790123,
        "link": "https://www.sec.gov/Archives/edgar/data/64040/000006404098000011/0000064040-98-000011-index.html",
        "finalLink": "https://www.sec.gov/Archives/edgar/data/64040/"
    },
    {
        "date": "1998-06-30",
        "symbol": "SPGI",
        "reportedCurrency": "USD",
        "cik": "0000064040",
        "fillingDate": "1998-08-13",
        "acceptedDate": "1998-08-13 00:00:00",
        "calendarYear": "1998",
        "period": "Q2",
        "revenue": 881100000,
        "costOfRevenue": 390200000,
        "grossProfit": 490900000,
        "grossProfitRatio": 0.5571444785,
        "researchAndDevelopmentExpenses": 0,
        "generalAndAdministrativeExpenses": 289000000,
        "sellingAndMarketingExpenses": 0,
        "sellingGeneralAndAdministrativeExpenses": 289000000,
        "otherExpenses": 67800000,
        "operatingExpenses": 356800000,
        "costAndExpenses": 747000000,
        "interestIncome": 0,
        "interestExpense": 0,
        "depreciationAndAmortization": 67800000,
        "ebitda": 201900000,
        "ebitdaratio": 0.2291453864,
        "operatingIncome": 134100000,
        "operatingIncomeRatio": 0.1521961185,
        "totalOtherIncomeExpensesNet": -6500000,
        "incomeBeforeTax": 127600000,
        "incomeBeforeTaxRatio": 0.1448189763,
        "incomeTaxExpense": 49800000,
        "netIncome": 77800000,
        "netIncomeRatio": 0.0882987175,
        "eps": 0.2,
        "epsdiluted": 0.2,
        "weightedAverageShsOut": 389000000,
        "weightedAverageShsOutDil": 398974359,
        "link": "https://www.sec.gov/Archives/edgar/data/64040/000006404098000005/0000064040-98-000005-index.html",
        "finalLink": "https://www.sec.gov/Archives/edgar/data/64040/"
    },
    {
        "date": "1998-03-31",
        "symbol": "SPGI",
        "reportedCurrency": "USD",
        "cik": "0000064040",
        "fillingDate": "1998-05-13",
        "acceptedDate": "1998-05-13 00:00:00",
        "calendarYear": "1998",
        "period": "Q1",
        "revenue": 703400000,
        "costOfRevenue": 358600000,
        "grossProfit": 344800000,
        "grossProfitRatio": 0.4901905033,
        "researchAndDevelopmentExpenses": 0,
        "generalAndAdministrativeExpenses": 253000000,
        "sellingAndMarketingExpenses": 0,
        "sellingGeneralAndAdministrativeExpenses": 253000000,
        "otherExpenses": 51600000,
        "operatingExpenses": 304600000,
        "costAndExpenses": 663200000,
        "interestIncome": 0,
        "interestExpense": 2400000,
        "depreciationAndAmortization": 51600000,
        "ebitda": 91800000,
        "ebitdaratio": 0.1305089565,
        "operatingIncome": 40200000,
        "operatingIncomeRatio": 0.0571509809,
        "totalOtherIncomeExpensesNet": -7200000,
        "incomeBeforeTax": 33000000,
        "incomeBeforeTaxRatio": 0.0469149844,
        "incomeTaxExpense": 12900000,
        "netIncome": 20100000,
        "netIncomeRatio": 0.0285754905,
        "eps": 0.05,
        "epsdiluted": 0.05,
        "weightedAverageShsOut": 402000000,
        "weightedAverageShsOutDil": 402000000,
        "link": "https://www.sec.gov/Archives/edgar/data/64040/000006404098000001/0000064040-98-000001-index.html",
        "finalLink": "https://www.sec.gov/Archives/edgar/data/64040/"
    },
    {
        "date": "1997-12-31",
        "symbol": "SPGI",
        "reportedCurrency": "USD",
        "cik": "0000064040",
        "fillingDate": "1998-03-26",
        "acceptedDate": "1998-03-26 00:00:00",
        "calendarYear": "1997",
        "period": "Q4",
        "revenue": 900800000,
        "costOfRevenue": 432000000,
        "grossProfit": 468800000,
        "grossProfitRatio": 0.5204262877,
        "researchAndDevelopmentExpenses": 0,
        "generalAndAdministrativeExpenses": 285800000,
        "sellingAndMarketingExpenses": 0,
        "sellingGeneralAndAdministrativeExpenses": 285800000,
        "otherExpenses": 66700000,
        "operatingExpenses": 352500000,
        "costAndExpenses": 784500000,
        "interestIncome": 0,
        "interestExpense": 0,
        "depreciationAndAmortization": 66700000,
        "ebitda": 183000000,
        "ebitdaratio": 0.2031527531,
        "operatingIncome": 116300000,
        "operatingIncomeRatio": 0.12910746,
        "totalOtherIncomeExpensesNet": -4500000,
        "incomeBeforeTax": 111800000,
        "incomeBeforeTaxRatio": 0.1241119005,
        "incomeTaxExpense": 44700000,
        "netIncome": 67100000,
        "netIncomeRatio": 0.0744893428,
        "eps": 0.17,
        "epsdiluted": 0.17,
        "weightedAverageShsOut": 394784179,
        "weightedAverageShsOutDil": 402000000,
        "link": "https://www.sec.gov/Archives/edgar/data/64040/000095012398002945/0000950123-98-002945-index.html",
        "finalLink": "https://www.sec.gov/Archives/edgar/data/64040/"
    },
    {
        "date": "1997-09-30",
        "symbol": "SPGI",
        "reportedCurrency": "USD",
        "cik": "0000064040",
        "fillingDate": "1997-11-13",
        "acceptedDate": "1997-11-13 00:00:00",
        "calendarYear": "1997",
        "period": "Q3",
        "revenue": 1143700000,
        "costOfRevenue": 510300000,
        "grossProfit": 633400000,
        "grossProfitRatio": 0.5538165603,
        "researchAndDevelopmentExpenses": 0,
        "generalAndAdministrativeExpenses": 310700000,
        "sellingAndMarketingExpenses": 0,
        "sellingGeneralAndAdministrativeExpenses": 310700000,
        "otherExpenses": 104400000,
        "operatingExpenses": 415100000,
        "costAndExpenses": 925400000,
        "interestIncome": 0,
        "interestExpense": 0,
        "depreciationAndAmortization": 104500000,
        "ebitda": 322800000,
        "ebitdaratio": 0.2822418466,
        "operatingIncome": 218300000,
        "operatingIncomeRatio": 0.1908717321,
        "totalOtherIncomeExpensesNet": 7700000,
        "incomeBeforeTax": 226000000,
        "incomeBeforeTaxRatio": 0.1976042669,
        "incomeTaxExpense": 82500000,
        "netIncome": 143500000,
        "netIncomeRatio": 0.1254699659,
        "eps": 0.37,
        "epsdiluted": 0.36,
        "weightedAverageShsOut": 393150685,
        "weightedAverageShsOutDil": 398611111,
        "link": "https://www.sec.gov/Archives/edgar/data/64040/000006404097000006/0000064040-97-000006-index.html",
        "finalLink": "https://www.sec.gov/Archives/edgar/data/64040/"
    },
    {
        "date": "1997-06-30",
        "symbol": "SPGI",
        "reportedCurrency": "USD",
        "cik": "0000064040",
        "fillingDate": "1997-08-13",
        "acceptedDate": "1997-08-13 00:00:00",
        "calendarYear": "1997",
        "period": "Q2",
        "revenue": 836700000,
        "costOfRevenue": 371500000,
        "grossProfit": 465200000,
        "grossProfitRatio": 0.5559937851,
        "researchAndDevelopmentExpenses": 0,
        "generalAndAdministrativeExpenses": 273200000,
        "sellingAndMarketingExpenses": 0,
        "sellingGeneralAndAdministrativeExpenses": 273200000,
        "otherExpenses": 74200000,
        "operatingExpenses": 347400000,
        "costAndExpenses": 718900000,
        "interestIncome": 0,
        "interestExpense": 4200000,
        "depreciationAndAmortization": 74100000,
        "ebitda": 192000000,
        "ebitdaratio": 0.2294729294,
        "operatingIncome": 117800000,
        "operatingIncomeRatio": 0.1407912035,
        "totalOtherIncomeExpensesNet": -9200000,
        "incomeBeforeTax": 108600000,
        "incomeBeforeTaxRatio": 0.1297956257,
        "incomeTaxExpense": 43400000,
        "netIncome": 65200000,
        "netIncomeRatio": 0.0779251823,
        "eps": 0.17,
        "epsdiluted": 0.17,
        "weightedAverageShsOut": 395151515,
        "weightedAverageShsOutDil": 395151515,
        "link": "https://www.sec.gov/Archives/edgar/data/64040/000006404097000004/0000064040-97-000004-index.html",
        "finalLink": "https://www.sec.gov/Archives/edgar/data/64040/"
    },
    {
        "date": "1997-03-31",
        "symbol": "SPGI",
        "reportedCurrency": "USD",
        "cik": "0000064040",
        "fillingDate": "1997-05-12",
        "acceptedDate": "1997-05-12 00:00:00",
        "calendarYear": "1997",
        "period": "Q1",
        "revenue": 652900000,
        "costOfRevenue": 325600000,
        "grossProfit": 327300000,
        "grossProfitRatio": 0.5013018839,
        "researchAndDevelopmentExpenses": 0,
        "generalAndAdministrativeExpenses": 246400000,
        "sellingAndMarketingExpenses": 0,
        "sellingGeneralAndAdministrativeExpenses": 246400000,
        "otherExpenses": 48200000,
        "operatingExpenses": 294600000,
        "costAndExpenses": 620200000,
        "interestIncome": 0,
        "interestExpense": 4100000,
        "depreciationAndAmortization": 48200000,
        "ebitda": 80900000,
        "ebitdaratio": 0.123908715,
        "operatingIncome": 32700000,
        "operatingIncomeRatio": 0.0500842395,
        "totalOtherIncomeExpensesNet": -7700000,
        "incomeBeforeTax": 25000000,
        "incomeBeforeTaxRatio": 0.038290703,
        "incomeTaxExpense": 10000000,
        "netIncome": 15000000,
        "netIncomeRatio": 0.0229744218,
        "eps": 0.04,
        "epsdiluted": 0.04,
        "weightedAverageShsOut": 375000000,
        "weightedAverageShsOutDil": 375000000,
        "link": "https://www.sec.gov/Archives/edgar/data/64040/000006404097000002/0000064040-97-000002-index.html",
        "finalLink": "https://www.sec.gov/Archives/edgar/data/64040/"
    },
    {
        "date": "1996-12-31",
        "symbol": "SPGI",
        "reportedCurrency": "USD",
        "cik": "0000064040",
        "fillingDate": "1997-03-26",
        "acceptedDate": "1997-03-26 00:00:00",
        "calendarYear": "1996",
        "period": "Q4",
        "revenue": 830900000,
        "costOfRevenue": 427000000,
        "grossProfit": 403900000,
        "grossProfitRatio": 0.4860994103,
        "researchAndDevelopmentExpenses": 0,
        "generalAndAdministrativeExpenses": 259700000,
        "sellingAndMarketingExpenses": 0,
        "sellingGeneralAndAdministrativeExpenses": 259700000,
        "otherExpenses": 59600000,
        "operatingExpenses": 319300000,
        "costAndExpenses": 746300000,
        "interestIncome": 0,
        "interestExpense": 0,
        "depreciationAndAmortization": 59600000,
        "ebitda": 144200000,
        "ebitdaratio": 0.1735467565,
        "operatingIncome": 84600000,
        "operatingIncomeRatio": 0.1018173065,
        "totalOtherIncomeExpensesNet": 413900000,
        "incomeBeforeTax": 498500000,
        "incomeBeforeTaxRatio": 0.5999518594,
        "incomeTaxExpense": 190700000,
        "netIncome": 307800000,
        "netIncomeRatio": 0.3704416897,
        "eps": 0.82,
        "epsdiluted": 0.82,
        "weightedAverageShsOut": 375000000,
        "weightedAverageShsOutDil": 375000000,
        "link": "https://www.sec.gov/Archives/edgar/data/64040/000095012397002496/0000950123-97-002496-index.html",
        "finalLink": "https://www.sec.gov/Archives/edgar/data/64040/"
    },
    {
        "date": "1996-09-30",
        "symbol": "SPGI",
        "reportedCurrency": "USD",
        "cik": "0000064040",
        "fillingDate": "1996-11-12",
        "acceptedDate": "1996-11-12 00:00:00",
        "calendarYear": "1996",
        "period": "Q3",
        "revenue": 949000000,
        "costOfRevenue": 397800000,
        "grossProfit": 551200000,
        "grossProfitRatio": 0.5808219178,
        "researchAndDevelopmentExpenses": 0,
        "generalAndAdministrativeExpenses": 265500000,
        "sellingAndMarketingExpenses": 0,
        "sellingGeneralAndAdministrativeExpenses": 265500000,
        "otherExpenses": 84700000,
        "operatingExpenses": 350200000,
        "costAndExpenses": 748000000,
        "interestIncome": 0,
        "interestExpense": 3400000,
        "depreciationAndAmortization": 84700000,
        "ebitda": 285700000,
        "ebitdaratio": 0.3010537408,
        "operatingIncome": 201000000,
        "operatingIncomeRatio": 0.2118018967,
        "totalOtherIncomeExpensesNet": -8200000,
        "incomeBeforeTax": 192800000,
        "incomeBeforeTaxRatio": 0.2031612223,
        "incomeTaxExpense": 78300000,
        "netIncome": 114500000,
        "netIncomeRatio": 0.1206533193,
        "eps": 0.29,
        "epsdiluted": 0.29,
        "weightedAverageShsOut": 394827586,
        "weightedAverageShsOutDil": 394827586,
        "link": "https://www.sec.gov/Archives/edgar/data/64040/000006404096000008/0000064040-96-000008-index.html",
        "finalLink": "https://www.sec.gov/Archives/edgar/data/64040/"
    },
    {
        "date": "1996-06-30",
        "symbol": "SPGI",
        "reportedCurrency": "USD",
        "cik": "0000064040",
        "fillingDate": "1996-08-13",
        "acceptedDate": "1996-08-13 00:00:00",
        "calendarYear": "1996",
        "period": "Q2",
        "revenue": 710900000,
        "costOfRevenue": 327100000,
        "grossProfit": 383800000,
        "grossProfitRatio": 0.5398790266,
        "researchAndDevelopmentExpenses": 0,
        "generalAndAdministrativeExpenses": 226300000,
        "sellingAndMarketingExpenses": 0,
        "sellingGeneralAndAdministrativeExpenses": 226300000,
        "otherExpenses": 53600000,
        "operatingExpenses": 279900000,
        "costAndExpenses": 607000000,
        "interestIncome": 0,
        "interestExpense": 2900000,
        "depreciationAndAmortization": 53700000,
        "ebitda": 157600000,
        "ebitdaratio": 0.2216908145,
        "operatingIncome": 103900000,
        "operatingIncomeRatio": 0.1461527641,
        "totalOtherIncomeExpensesNet": -7600000,
        "incomeBeforeTax": 96300000,
        "incomeBeforeTaxRatio": 0.1354620903,
        "incomeTaxExpense": 39100000,
        "netIncome": 57200000,
        "netIncomeRatio": 0.080461387,
        "eps": 0.14,
        "epsdiluted": 0.14,
        "weightedAverageShsOut": 394482759,
        "weightedAverageShsOutDil": 394482759,
        "link": "https://www.sec.gov/Archives/edgar/data/64040/000006404096000005/0000064040-96-000005-index.html",
        "finalLink": "https://www.sec.gov/Archives/edgar/data/64040/"
    },
    {
        "date": "1996-03-31",
        "symbol": "SPGI",
        "reportedCurrency": "USD",
        "cik": "0000064040",
        "fillingDate": "1996-05-13",
        "acceptedDate": "1996-05-13 00:00:00",
        "calendarYear": "1996",
        "period": "Q1",
        "revenue": 583900000,
        "costOfRevenue": 293200000,
        "grossProfit": 290700000,
        "grossProfitRatio": 0.4978592225,
        "researchAndDevelopmentExpenses": 0,
        "generalAndAdministrativeExpenses": 216600000,
        "sellingAndMarketingExpenses": 0,
        "sellingGeneralAndAdministrativeExpenses": 216600000,
        "otherExpenses": 40600000,
        "operatingExpenses": 257200000,
        "costAndExpenses": 550400000,
        "interestIncome": 0,
        "interestExpense": 1000000,
        "depreciationAndAmortization": 40600000,
        "ebitda": 74100000,
        "ebitdaratio": 0.126905292,
        "operatingIncome": 33500000,
        "operatingIncomeRatio": 0.0573728378,
        "totalOtherIncomeExpensesNet": -6200000,
        "incomeBeforeTax": 27300000,
        "incomeBeforeTaxRatio": 0.0467545813,
        "incomeTaxExpense": 11100000,
        "netIncome": 16200000,
        "netIncomeRatio": 0.0277444768,
        "eps": 0.04,
        "epsdiluted": 0.04,
        "weightedAverageShsOut": 405000000,
        "weightedAverageShsOutDil": 405000000,
        "link": "https://www.sec.gov/Archives/edgar/data/64040/000006404096000002/0000064040-96-000002-index.html",
        "finalLink": "https://www.sec.gov/Archives/edgar/data/64040/"
    },
    {
        "date": "1995-12-31",
        "symbol": "SPGI",
        "reportedCurrency": "USD",
        "cik": "0000064040",
        "fillingDate": "1996-03-26",
        "acceptedDate": "1996-03-26 00:00:00",
        "calendarYear": "1995",
        "period": "Q4",
        "revenue": 749600000,
        "costOfRevenue": 369100000,
        "grossProfit": 380500000,
        "grossProfitRatio": 0.5076040555,
        "researchAndDevelopmentExpenses": 0,
        "generalAndAdministrativeExpenses": 251200000,
        "sellingAndMarketingExpenses": 0,
        "sellingGeneralAndAdministrativeExpenses": 251200000,
        "otherExpenses": 51300000,
        "operatingExpenses": 302500000,
        "costAndExpenses": 671600000,
        "interestIncome": 0,
        "interestExpense": 0,
        "depreciationAndAmortization": 51300000,
        "ebitda": 129300000,
        "ebitdaratio": 0.1724919957,
        "operatingIncome": 78000000,
        "operatingIncomeRatio": 0.1040554963,
        "totalOtherIncomeExpensesNet": 14700000,
        "incomeBeforeTax": 92700000,
        "incomeBeforeTaxRatio": 0.1236659552,
        "incomeTaxExpense": 38200000,
        "netIncome": 54500000,
        "netIncomeRatio": 0.0727054429,
        "eps": 0.13,
        "epsdiluted": 0.13,
        "weightedAverageShsOut": 405000000,
        "weightedAverageShsOutDil": 405000000,
        "link": "https://www.sec.gov/Archives/edgar/data/64040/000095012396001306/0000950123-96-001306-index.html",
        "finalLink": "https://www.sec.gov/Archives/edgar/data/64040/"
    },
    {
        "date": "1995-09-30",
        "symbol": "SPGI",
        "reportedCurrency": "USD",
        "cik": "0000064040",
        "fillingDate": "1995-11-14",
        "acceptedDate": "1995-11-14 00:00:00",
        "calendarYear": "1995",
        "period": "Q3",
        "revenue": 904400000,
        "costOfRevenue": 365500000,
        "grossProfit": 538900000,
        "grossProfitRatio": 0.5958646617,
        "researchAndDevelopmentExpenses": 0,
        "generalAndAdministrativeExpenses": 264600000,
        "sellingAndMarketingExpenses": 0,
        "sellingGeneralAndAdministrativeExpenses": 264600000,
        "otherExpenses": 81400000,
        "operatingExpenses": 346000000,
        "costAndExpenses": 711500000,
        "interestIncome": 0,
        "interestExpense": 9500000,
        "depreciationAndAmortization": 81400000,
        "ebitda": 274300000,
        "ebitdaratio": 0.3032950022,
        "operatingIncome": 192900000,
        "operatingIncomeRatio": 0.2132905794,
        "totalOtherIncomeExpensesNet": -13000000,
        "incomeBeforeTax": 179900000,
        "incomeBeforeTaxRatio": 0.1989164087,
        "incomeTaxExpense": 74100000,
        "netIncome": 105800000,
        "netIncomeRatio": 0.1169836356,
        "eps": 0.27,
        "epsdiluted": 0.27,
        "weightedAverageShsOut": 399245283,
        "weightedAverageShsOutDil": 399245283,
        "link": "https://www.sec.gov/Archives/edgar/data/64040/000006404095000004/0000064040-95-000004-index.html",
        "finalLink": "https://www.sec.gov/Archives/edgar/data/64040/"
    },
    {
        "date": "1995-06-30",
        "symbol": "SPGI",
        "reportedCurrency": "USD",
        "cik": "0000064040",
        "fillingDate": "1995-08-11",
        "acceptedDate": "1995-08-11 00:00:00",
        "calendarYear": "1995",
        "period": "Q2",
        "revenue": 712800000,
        "costOfRevenue": 324300000,
        "grossProfit": 388500000,
        "grossProfitRatio": 0.54503367,
        "researchAndDevelopmentExpenses": 0,
        "generalAndAdministrativeExpenses": 230000000,
        "sellingAndMarketingExpenses": 0,
        "sellingGeneralAndAdministrativeExpenses": 230000000,
        "otherExpenses": 57700000,
        "operatingExpenses": 287700000,
        "costAndExpenses": 612000000,
        "interestIncome": 0,
        "interestExpense": 5600000,
        "depreciationAndAmortization": 57700000,
        "ebitda": 158500000,
        "ebitdaratio": 0.222362514,
        "operatingIncome": 100800000,
        "operatingIncomeRatio": 0.1414141414,
        "totalOtherIncomeExpensesNet": -11000000,
        "incomeBeforeTax": 89800000,
        "incomeBeforeTaxRatio": 0.1259820426,
        "incomeTaxExpense": 37000000,
        "netIncome": 52800000,
        "netIncomeRatio": 0.0740740741,
        "eps": 0.14,
        "epsdiluted": 0.14,
        "weightedAverageShsOut": 391111111,
        "weightedAverageShsOutDil": 391111111,
        "link": "https://www.sec.gov/Archives/edgar/data/64040/000006404095000002/0000064040-95-000002-index.html",
        "finalLink": "https://www.sec.gov/Archives/edgar/data/64040/"
    },
    {
        "date": "1995-03-31",
        "symbol": "SPGI",
        "reportedCurrency": "USD",
        "cik": "0000064040",
        "fillingDate": "1995-05-11",
        "acceptedDate": "1995-05-11 00:00:00",
        "calendarYear": "1995",
        "period": "Q1",
        "revenue": 568500000,
        "costOfRevenue": 281300000,
        "grossProfit": 287200000,
        "grossProfitRatio": 0.5051890941,
        "researchAndDevelopmentExpenses": 0,
        "generalAndAdministrativeExpenses": 215100000,
        "sellingAndMarketingExpenses": 0,
        "sellingGeneralAndAdministrativeExpenses": 215100000,
        "otherExpenses": 41000000,
        "operatingExpenses": 256100000,
        "costAndExpenses": 537400000,
        "interestIncome": 0,
        "interestExpense": 1900000,
        "depreciationAndAmortization": 41000000,
        "ebitda": 72100000,
        "ebitdaratio": 0.126824978,
        "operatingIncome": 31100000,
        "operatingIncomeRatio": 0.054705365,
        "totalOtherIncomeExpensesNet": -7300000,
        "incomeBeforeTax": 23800000,
        "incomeBeforeTaxRatio": 0.0418645558,
        "incomeTaxExpense": 9800000,
        "netIncome": 14000000,
        "netIncomeRatio": 0.0246262093,
        "eps": 0.035,
        "epsdiluted": 0.035,
        "weightedAverageShsOut": 400000000,
        "weightedAverageShsOutDil": 400000000,
        "link": "https://www.sec.gov/Archives/edgar/data/64040/000006404095000001/0000064040-95-000001-index.html",
        "finalLink": "https://www.sec.gov/Archives/edgar/data/64040/"
    },
    {
        "date": "1994-12-31",
        "symbol": "SPGI",
        "reportedCurrency": "USD",
        "cik": "0000064040",
        "fillingDate": "1995-03-28",
        "acceptedDate": "1995-03-28 00:00:00",
        "calendarYear": "1994",
        "period": "Q4",
        "revenue": 697300000,
        "costOfRevenue": 416600000,
        "grossProfit": 280700000,
        "grossProfitRatio": 0.4025527033,
        "researchAndDevelopmentExpenses": 0,
        "generalAndAdministrativeExpenses": 137400000,
        "sellingAndMarketingExpenses": 0,
        "sellingGeneralAndAdministrativeExpenses": 137400000,
        "otherExpenses": 51800000,
        "operatingExpenses": 189200000,
        "costAndExpenses": 605800000,
        "interestIncome": 0,
        "interestExpense": 0,
        "depreciationAndAmortization": 51800000,
        "ebitda": 143300000,
        "ebitdaratio": 0.2055069554,
        "operatingIncome": 91500000,
        "operatingIncomeRatio": 0.1312204216,
        "totalOtherIncomeExpensesNet": -6600000,
        "incomeBeforeTax": 84900000,
        "incomeBeforeTaxRatio": 0.121755342,
        "incomeTaxExpense": 35000000,
        "netIncome": 49900000,
        "netIncomeRatio": 0.0715617381,
        "eps": 0.12,
        "epsdiluted": 0.12,
        "weightedAverageShsOut": 400000000,
        "weightedAverageShsOutDil": 400000000,
        "link": "https://www.sec.gov/Archives/edgar/data/64040/000095012395000731/0000950123-95-000731-index.html",
        "finalLink": "https://www.sec.gov/Archives/edgar/data/64040/"
    },
    {
        "date": "1994-09-30",
        "symbol": "SPGI",
        "reportedCurrency": "USD",
        "cik": "0000064040",
        "fillingDate": "1994-11-10",
        "acceptedDate": "1994-11-10 00:00:00",
        "calendarYear": "1994",
        "period": "Q3",
        "revenue": 855500000,
        "costOfRevenue": 345000000,
        "grossProfit": 510500000,
        "grossProfitRatio": 0.5967270602,
        "researchAndDevelopmentExpenses": 0,
        "generalAndAdministrativeExpenses": 263500000,
        "sellingAndMarketingExpenses": 0,
        "sellingGeneralAndAdministrativeExpenses": 263500000,
        "otherExpenses": 85400000,
        "operatingExpenses": 348900000,
        "costAndExpenses": 693900000,
        "interestIncome": 0,
        "interestExpense": 2200000,
        "depreciationAndAmortization": 85400000,
        "ebitda": 247000000,
        "ebitdaratio": 0.2887200468,
        "operatingIncome": 161600000,
        "operatingIncomeRatio": 0.1888953828,
        "totalOtherIncomeExpensesNet": -8200000,
        "incomeBeforeTax": 153400000,
        "incomeBeforeTaxRatio": 0.1793103448,
        "incomeTaxExpense": 63200000,
        "netIncome": 90200000,
        "netIncomeRatio": 0.1054354179,
        "eps": 0.23,
        "epsdiluted": 0.23,
        "weightedAverageShsOut": 392173913,
        "weightedAverageShsOutDil": 392173913,
        "link": "https://www.sec.gov/Archives/edgar/data/64040/000006404094000013/0000064040-94-000013-index.html",
        "finalLink": "https://www.sec.gov/Archives/edgar/data/64040/"
    },
    {
        "date": "1994-06-30",
        "symbol": "SPGI",
        "reportedCurrency": "USD",
        "cik": "0000064040",
        "fillingDate": "1994-08-10",
        "acceptedDate": "1994-08-10 00:00:00",
        "calendarYear": "1994",
        "period": "Q2",
        "revenue": 648300000,
        "costOfRevenue": 269300000,
        "grossProfit": 379000000,
        "grossProfitRatio": 0.5846058923,
        "researchAndDevelopmentExpenses": 0,
        "generalAndAdministrativeExpenses": 237600000,
        "sellingAndMarketingExpenses": 0,
        "sellingGeneralAndAdministrativeExpenses": 237600000,
        "otherExpenses": 52300000,
        "operatingExpenses": 289900000,
        "costAndExpenses": 559200000,
        "interestIncome": 0,
        "interestExpense": 2000000,
        "depreciationAndAmortization": 52300000,
        "ebitda": 141400000,
        "ebitdaratio": 0.2181089002,
        "operatingIncome": 89100000,
        "operatingIncomeRatio": 0.137436372,
        "totalOtherIncomeExpensesNet": -7400000,
        "incomeBeforeTax": 81700000,
        "incomeBeforeTaxRatio": 0.1260219034,
        "incomeTaxExpense": 33700000,
        "netIncome": 48000000,
        "netIncomeRatio": 0.0740397964,
        "eps": 0.13,
        "epsdiluted": 0.13,
        "weightedAverageShsOut": 384000000,
        "weightedAverageShsOutDil": 384000000,
        "link": "https://www.sec.gov/Archives/edgar/data/64040/000006404094000012/0000064040-94-000012-index.html",
        "finalLink": "https://www.sec.gov/Archives/edgar/data/64040/"
    },
    {
        "date": "1994-03-31",
        "symbol": "SPGI",
        "reportedCurrency": "USD",
        "cik": "0000064040",
        "fillingDate": "1994-05-09",
        "acceptedDate": "1994-05-09 00:00:00",
        "calendarYear": "1994",
        "period": "Q1",
        "revenue": 559800000,
        "costOfRevenue": 255400000,
        "grossProfit": 304400000,
        "grossProfitRatio": 0.5437656306,
        "researchAndDevelopmentExpenses": 0,
        "generalAndAdministrativeExpenses": 230300000,
        "sellingAndMarketingExpenses": 0,
        "sellingGeneralAndAdministrativeExpenses": 230300000,
        "otherExpenses": 40500000,
        "operatingExpenses": 270800000,
        "costAndExpenses": 526200000,
        "interestIncome": 0,
        "interestExpense": 4900000,
        "depreciationAndAmortization": 40500000,
        "ebitda": 74100000,
        "ebitdaratio": 0.1323687031,
        "operatingIncome": 33600000,
        "operatingIncomeRatio": 0.0600214362,
        "totalOtherIncomeExpensesNet": -8100000,
        "incomeBeforeTax": 25500000,
        "incomeBeforeTaxRatio": 0.0455519829,
        "incomeTaxExpense": 10500000,
        "netIncome": 15000000,
        "netIncomeRatio": 0.026795284,
        "eps": 0.04,
        "epsdiluted": 0.04,
        "weightedAverageShsOut": 375000000,
        "weightedAverageShsOutDil": 375000000,
        "link": "https://www.sec.gov/Archives/edgar/data/64040/000006404094000001/0000064040-94-000001-index.html",
        "finalLink": "https://www.sec.gov/Archives/edgar/data/64040/"
    },
    {
        "date": "1993-12-31",
        "symbol": "SPGI",
        "reportedCurrency": "USD",
        "cik": "0000064040",
        "fillingDate": "1994-03-30",
        "acceptedDate": "1994-03-30 00:00:00",
        "calendarYear": "1993",
        "period": "Q4",
        "revenue": 682700000,
        "costOfRevenue": 266100000,
        "grossProfit": 416600000,
        "grossProfitRatio": 0.6102241102,
        "researchAndDevelopmentExpenses": 0,
        "generalAndAdministrativeExpenses": 0,
        "sellingAndMarketingExpenses": 0,
        "sellingGeneralAndAdministrativeExpenses": 247000000,
        "otherExpenses": 83600000,
        "operatingExpenses": 330600000,
        "costAndExpenses": 596700000,
        "interestIncome": 0,
        "interestExpense": 6300000,
        "depreciationAndAmortization": 83600000,
        "ebitda": 169600000,
        "ebitdaratio": 0.2484253699,
        "operatingIncome": 86000000,
        "operatingIncomeRatio": 0.1259704116,
        "totalOtherIncomeExpensesNet": -9400000,
        "incomeBeforeTax": 76600000,
        "incomeBeforeTaxRatio": 0.1122015527,
        "incomeTaxExpense": 31800000,
        "netIncome": 44800000,
        "netIncomeRatio": 0.0656217958,
        "eps": 0.11,
        "epsdiluted": 0.11,
        "weightedAverageShsOut": 391063830,
        "weightedAverageShsOutDil": 391063830,
        "link": "https://www.sec.gov/Archives/edgar/data/64040/000095012394000648/0000950123-94-000648-index.html",
        "finalLink": "https://www.sec.gov/Archives/edgar/data/64040/"
    },
    {
        "date": "1993-09-30",
        "symbol": "SPGI",
        "reportedCurrency": "USD",
        "cik": "0000064040",
        "fillingDate": "1993-09-30",
        "acceptedDate": "1993-09-30 00:00:00",
        "calendarYear": "1993",
        "period": "Q3",
        "revenue": 555000000,
        "costOfRevenue": 265700000,
        "grossProfit": 289300000,
        "grossProfitRatio": 0.5212612613,
        "researchAndDevelopmentExpenses": 0,
        "generalAndAdministrativeExpenses": 0,
        "sellingAndMarketingExpenses": 0,
        "sellingGeneralAndAdministrativeExpenses": 180400000,
        "otherExpenses": 19100000,
        "operatingExpenses": 199500000,
        "costAndExpenses": 465200000,
        "interestIncome": 0,
        "interestExpense": 389200000,
        "depreciationAndAmortization": 19100000,
        "ebitda": 108900000,
        "ebitdaratio": 0.1962162162,
        "operatingIncome": 89800000,
        "operatingIncomeRatio": 0.1618018018,
        "totalOtherIncomeExpensesNet": -198600000,
        "incomeBeforeTax": -108800000,
        "incomeBeforeTaxRatio": -0.196036036,
        "incomeTaxExpense": -16900000,
        "netIncome": -91900000,
        "netIncomeRatio": -0.1655855856,
        "eps": -0.23,
        "epsdiluted": -0.23,
        "weightedAverageShsOut": 391063830,
        "weightedAverageShsOutDil": 391063830,
        "link": null,
        "finalLink": null
    },
    {
        "date": "1993-06-30",
        "symbol": "SPGI",
        "reportedCurrency": "USD",
        "cik": "0000064040",
        "fillingDate": "1993-06-30",
        "acceptedDate": "1993-06-30 00:00:00",
        "calendarYear": "1993",
        "period": "Q2",
        "revenue": 490900000,
        "costOfRevenue": 230000000,
        "grossProfit": 260900000,
        "grossProfitRatio": 0.5314728051,
        "researchAndDevelopmentExpenses": 0,
        "generalAndAdministrativeExpenses": 0,
        "sellingAndMarketingExpenses": 0,
        "sellingGeneralAndAdministrativeExpenses": 177500000,
        "otherExpenses": 18600000,
        "operatingExpenses": 196100000,
        "costAndExpenses": 426100000,
        "interestIncome": 0,
        "interestExpense": 0,
        "depreciationAndAmortization": 18600000,
        "ebitda": 83400000,
        "ebitdaratio": 0.169892035,
        "operatingIncome": 64800000,
        "operatingIncomeRatio": 0.1320024445,
        "totalOtherIncomeExpensesNet": 7000000,
        "incomeBeforeTax": 71800000,
        "incomeBeforeTaxRatio": 0.1462619678,
        "incomeTaxExpense": 28600000,
        "netIncome": 43200000,
        "netIncomeRatio": 0.0880016297,
        "eps": 0.11,
        "epsdiluted": 0.11,
        "weightedAverageShsOut": 392727273,
        "weightedAverageShsOutDil": 392727273,
        "link": null,
        "finalLink": null
    },
    {
        "date": "1993-03-31",
        "symbol": "SPGI",
        "reportedCurrency": "USD",
        "cik": "0000064040",
        "fillingDate": "1993-03-31",
        "acceptedDate": "1993-03-31 00:00:00",
        "calendarYear": "1993",
        "period": "Q1",
        "revenue": 466900000,
        "costOfRevenue": 227200000,
        "grossProfit": 239700000,
        "grossProfitRatio": 0.5133861641,
        "researchAndDevelopmentExpenses": 0,
        "generalAndAdministrativeExpenses": 0,
        "sellingAndMarketingExpenses": 0,
        "sellingGeneralAndAdministrativeExpenses": 169300000,
        "otherExpenses": 18300000,
        "operatingExpenses": 187600000,
        "costAndExpenses": 414800000,
        "interestIncome": 0,
        "interestExpense": 42700000,
        "depreciationAndAmortization": 18300000,
        "ebitda": 70400000,
        "ebitdaratio": 0.150781752,
        "operatingIncome": 52100000,
        "operatingIncomeRatio": 0.1115870636,
        "totalOtherIncomeExpensesNet": -25400000,
        "incomeBeforeTax": 26700000,
        "incomeBeforeTaxRatio": 0.0571856929,
        "incomeTaxExpense": 11400000,
        "netIncome": 15300000,
        "netIncomeRatio": 0.0327693296,
        "eps": 0.04,
        "epsdiluted": 0.04,
        "weightedAverageShsOut": 382500000,
        "weightedAverageShsOutDil": 382500000,
        "link": null,
        "finalLink": null
    },
    {
        "date": "1992-12-31",
        "symbol": "SPGI",
        "reportedCurrency": "USD",
        "cik": "0000064040",
        "fillingDate": "1992-12-31",
        "acceptedDate": "1992-12-31 00:00:00",
        "calendarYear": "1992",
        "period": "Q4",
        "revenue": 578700000,
        "costOfRevenue": 250800000,
        "grossProfit": 327900000,
        "grossProfitRatio": 0.5666148263,
        "researchAndDevelopmentExpenses": 0,
        "generalAndAdministrativeExpenses": 0,
        "sellingAndMarketingExpenses": 0,
        "sellingGeneralAndAdministrativeExpenses": 203300000,
        "otherExpenses": 36700000,
        "operatingExpenses": 240000000,
        "costAndExpenses": 490800000,
        "interestIncome": 0,
        "interestExpense": 154700000,
        "depreciationAndAmortization": 36700000,
        "ebitda": 124600000,
        "ebitdaratio": 0.215310178,
        "operatingIncome": 87900000,
        "operatingIncomeRatio": 0.1518921721,
        "totalOtherIncomeExpensesNet": -19400000,
        "incomeBeforeTax": 68500000,
        "incomeBeforeTaxRatio": 0.1183687576,
        "incomeTaxExpense": 29200000,
        "netIncome": -85300000,
        "netIncomeRatio": -0.1473993434,
        "eps": -0.23,
        "epsdiluted": -0.22,
        "weightedAverageShsOut": 367028249,
        "weightedAverageShsOutDil": 381875000,
        "link": null,
        "finalLink": null
    },
    {
        "date": "1992-09-30",
        "symbol": "SPGI",
        "reportedCurrency": "USD",
        "cik": "0000064040",
        "fillingDate": "1992-09-30",
        "acceptedDate": "1992-09-30 00:00:00",
        "calendarYear": "1992",
        "period": "Q3",
        "revenue": 532700000,
        "costOfRevenue": 258000000,
        "grossProfit": 274700000,
        "grossProfitRatio": 0.5156748639,
        "researchAndDevelopmentExpenses": 0,
        "generalAndAdministrativeExpenses": 0,
        "sellingAndMarketingExpenses": 0,
        "sellingGeneralAndAdministrativeExpenses": 182200000,
        "otherExpenses": 12700000,
        "operatingExpenses": 194900000,
        "costAndExpenses": 452900000,
        "interestIncome": 0,
        "interestExpense": 0,
        "depreciationAndAmortization": 12700000,
        "ebitda": 92500000,
        "ebitdaratio": 0.1736437019,
        "operatingIncome": 79800000,
        "operatingIncomeRatio": 0.1498028909,
        "totalOtherIncomeExpensesNet": 26900000,
        "incomeBeforeTax": 106700000,
        "incomeBeforeTaxRatio": 0.2003003567,
        "incomeTaxExpense": 45600000,
        "netIncome": 61100000,
        "netIncomeRatio": 0.1146987047,
        "eps": 0.16,
        "epsdiluted": 0.16,
        "weightedAverageShsOut": 381875000,
        "weightedAverageShsOutDil": 381875000,
        "link": null,
        "finalLink": null
    },
    {
        "date": "1992-06-30",
        "symbol": "SPGI",
        "reportedCurrency": "USD",
        "cik": "0000064040",
        "fillingDate": "1992-06-30",
        "acceptedDate": "1992-06-30 00:00:00",
        "calendarYear": "1992",
        "period": "Q2",
        "revenue": 484300000,
        "costOfRevenue": 231800000,
        "grossProfit": 252500000,
        "grossProfitRatio": 0.521371051,
        "researchAndDevelopmentExpenses": 0,
        "generalAndAdministrativeExpenses": 0,
        "sellingAndMarketingExpenses": 0,
        "sellingGeneralAndAdministrativeExpenses": 172400000,
        "otherExpenses": 12500000,
        "operatingExpenses": 184900000,
        "costAndExpenses": 416700000,
        "interestIncome": 0,
        "interestExpense": 0,
        "depreciationAndAmortization": 12500000,
        "ebitda": 80100000,
        "ebitdaratio": 0.1653933512,
        "operatingIncome": 67600000,
        "operatingIncomeRatio": 0.1395829032,
        "totalOtherIncomeExpensesNet": -200000,
        "incomeBeforeTax": 67400000,
        "incomeBeforeTaxRatio": 0.139169936,
        "incomeTaxExpense": 28800000,
        "netIncome": 38600000,
        "netIncomeRatio": 0.0797026636,
        "eps": 0.1,
        "epsdiluted": 0.1,
        "weightedAverageShsOut": 386000000,
        "weightedAverageShsOutDil": 386000000,
        "link": null,
        "finalLink": null
    },
    {
        "date": "1992-03-31",
        "symbol": "SPGI",
        "reportedCurrency": "USD",
        "cik": "0000064040",
        "fillingDate": "1992-03-31",
        "acceptedDate": "1992-03-31 00:00:00",
        "calendarYear": "1992",
        "period": "Q1",
        "revenue": 454800000,
        "costOfRevenue": 224200000,
        "grossProfit": 230600000,
        "grossProfitRatio": 0.5070360598,
        "researchAndDevelopmentExpenses": 0,
        "generalAndAdministrativeExpenses": 0,
        "sellingAndMarketingExpenses": 0,
        "sellingGeneralAndAdministrativeExpenses": 169400000,
        "otherExpenses": 12400000,
        "operatingExpenses": 181800000,
        "costAndExpenses": 406000000,
        "interestIncome": 0,
        "interestExpense": 37900000,
        "depreciationAndAmortization": 12400000,
        "ebitda": 61200000,
        "ebitdaratio": 0.1345646438,
        "operatingIncome": 48800000,
        "operatingIncomeRatio": 0.107299912,
        "totalOtherIncomeExpensesNet": -24000000,
        "incomeBeforeTax": 24800000,
        "incomeBeforeTaxRatio": 0.0545294635,
        "incomeTaxExpense": 10600000,
        "netIncome": 14200000,
        "netIncomeRatio": 0.0312225154,
        "eps": 0.04,
        "epsdiluted": 0.04,
        "weightedAverageShsOut": 355000000,
        "weightedAverageShsOutDil": 355000000,
        "link": null,
        "finalLink": null
    },
    {
        "date": "1991-12-31",
        "symbol": "SPGI",
        "reportedCurrency": "USD",
        "cik": "0000064040",
        "fillingDate": "1991-12-31",
        "acceptedDate": "1991-12-31 00:00:00",
        "calendarYear": "1991",
        "period": "Q4",
        "revenue": 568100000,
        "costOfRevenue": 252100000,
        "grossProfit": 316000000,
        "grossProfitRatio": 0.5562400986,
        "researchAndDevelopmentExpenses": 0,
        "generalAndAdministrativeExpenses": 0,
        "sellingAndMarketingExpenses": 0,
        "sellingGeneralAndAdministrativeExpenses": 202200000,
        "otherExpenses": 18900000,
        "operatingExpenses": 221100000,
        "costAndExpenses": 473200000,
        "interestIncome": 0,
        "interestExpense": 21000000,
        "depreciationAndAmortization": 18900000,
        "ebitda": 113800000,
        "ebitdaratio": 0.2003168456,
        "operatingIncome": 94900000,
        "operatingIncomeRatio": 0.1670480549,
        "totalOtherIncomeExpensesNet": -15800000,
        "incomeBeforeTax": 79100000,
        "incomeBeforeTaxRatio": 0.13923605,
        "incomeTaxExpense": 33800000,
        "netIncome": 45300000,
        "netIncomeRatio": 0.0797394825,
        "eps": 0.12,
        "epsdiluted": 0.12,
        "weightedAverageShsOut": 380000000,
        "weightedAverageShsOutDil": 380000000,
        "link": null,
        "finalLink": null
    },
    {
        "date": "1991-09-30",
        "symbol": "SPGI",
        "reportedCurrency": "USD",
        "cik": "0000064040",
        "fillingDate": "1991-09-30",
        "acceptedDate": "1991-09-30 00:00:00",
        "calendarYear": "1991",
        "period": "Q3",
        "revenue": 489500000,
        "costOfRevenue": 237800000,
        "grossProfit": 251700000,
        "grossProfitRatio": 0.5141981614,
        "researchAndDevelopmentExpenses": 0,
        "generalAndAdministrativeExpenses": 0,
        "sellingAndMarketingExpenses": 0,
        "sellingGeneralAndAdministrativeExpenses": 165600000,
        "otherExpenses": 18000000,
        "operatingExpenses": 183600000,
        "costAndExpenses": 421400000,
        "interestIncome": 0,
        "interestExpense": 0,
        "depreciationAndAmortization": 18000000,
        "ebitda": 86100000,
        "ebitdaratio": 0.1758937692,
        "operatingIncome": 68100000,
        "operatingIncomeRatio": 0.1391215526,
        "totalOtherIncomeExpensesNet": 28000000,
        "incomeBeforeTax": 96100000,
        "incomeBeforeTaxRatio": 0.1963227783,
        "incomeTaxExpense": 41000000,
        "netIncome": 55100000,
        "netIncomeRatio": 0.1125638407,
        "eps": 0.14,
        "epsdiluted": 0.14,
        "weightedAverageShsOut": 380000000,
        "weightedAverageShsOutDil": 380000000,
        "link": null,
        "finalLink": null
    },
    {
        "date": "1991-06-30",
        "symbol": "SPGI",
        "reportedCurrency": "USD",
        "cik": "0000064040",
        "fillingDate": "1991-06-30",
        "acceptedDate": "1991-06-30 00:00:00",
        "calendarYear": "1991",
        "period": "Q2",
        "revenue": 456900000,
        "costOfRevenue": 213500000,
        "grossProfit": 243400000,
        "grossProfitRatio": 0.5327205078,
        "researchAndDevelopmentExpenses": 0,
        "generalAndAdministrativeExpenses": 0,
        "sellingAndMarketingExpenses": 0,
        "sellingGeneralAndAdministrativeExpenses": 167300000,
        "otherExpenses": 17900000,
        "operatingExpenses": 185200000,
        "costAndExpenses": 398700000,
        "interestIncome": 0,
        "interestExpense": 0,
        "depreciationAndAmortization": 17900000,
        "ebitda": 76100000,
        "ebitdaratio": 0.1665572335,
        "operatingIncome": 58200000,
        "operatingIncomeRatio": 0.1273801707,
        "totalOtherIncomeExpensesNet": 2700000,
        "incomeBeforeTax": 60900000,
        "incomeBeforeTaxRatio": 0.1332895601,
        "incomeTaxExpense": 26000000,
        "netIncome": 34900000,
        "netIncomeRatio": 0.0763843292,
        "eps": 0.09,
        "epsdiluted": 0.09,
        "weightedAverageShsOut": 387777778,
        "weightedAverageShsOutDil": 387777778,
        "link": null,
        "finalLink": null
    },
    {
        "date": "1991-03-31",
        "symbol": "SPGI",
        "reportedCurrency": "USD",
        "cik": "0000064040",
        "fillingDate": "1991-03-31",
        "acceptedDate": "1991-03-31 00:00:00",
        "calendarYear": "1991",
        "period": "Q1",
        "revenue": 428500000,
        "costOfRevenue": 202900000,
        "grossProfit": 225600000,
        "grossProfitRatio": 0.526487748,
        "researchAndDevelopmentExpenses": 0,
        "generalAndAdministrativeExpenses": 0,
        "sellingAndMarketingExpenses": 0,
        "sellingGeneralAndAdministrativeExpenses": 159900000,
        "otherExpenses": 17300000,
        "operatingExpenses": 177200000,
        "costAndExpenses": 380100000,
        "interestIncome": 0,
        "interestExpense": 39400000,
        "depreciationAndAmortization": 17300000,
        "ebitda": 65700000,
        "ebitdaratio": 0.1533255543,
        "operatingIncome": 48400000,
        "operatingIncomeRatio": 0.1129521587,
        "totalOtherIncomeExpensesNet": -26200000,
        "incomeBeforeTax": 22200000,
        "incomeBeforeTaxRatio": 0.0518086348,
        "incomeTaxExpense": 9500000,
        "netIncome": 12700000,
        "netIncomeRatio": 0.029638273,
        "eps": 0.035,
        "epsdiluted": 0.035,
        "weightedAverageShsOut": 362857143,
        "weightedAverageShsOutDil": 362857143,
        "link": null,
        "finalLink": null
    },
    {
        "date": "1990-12-31",
        "symbol": "SPGI",
        "reportedCurrency": "USD",
        "cik": "0000064040",
        "fillingDate": "1990-12-31",
        "acceptedDate": "1990-12-31 00:00:00",
        "calendarYear": "1990",
        "period": "Q4",
        "revenue": 558000000,
        "costOfRevenue": 226300000,
        "grossProfit": 331700000,
        "grossProfitRatio": 0.5944444444,
        "researchAndDevelopmentExpenses": 0,
        "generalAndAdministrativeExpenses": 0,
        "sellingAndMarketingExpenses": 0,
        "sellingGeneralAndAdministrativeExpenses": 193100000,
        "otherExpenses": 17600000,
        "operatingExpenses": 210700000,
        "costAndExpenses": 437000000,
        "interestIncome": 0,
        "interestExpense": 46800000,
        "depreciationAndAmortization": 17600000,
        "ebitda": 138600000,
        "ebitdaratio": 0.2483870968,
        "operatingIncome": 121000000,
        "operatingIncomeRatio": 0.2168458781,
        "totalOtherIncomeExpensesNet": -30700000,
        "incomeBeforeTax": 90300000,
        "incomeBeforeTaxRatio": 0.161827957,
        "incomeTaxExpense": 38800000,
        "netIncome": 51500000,
        "netIncomeRatio": 0.0922939068,
        "eps": 0.13,
        "epsdiluted": 0.13,
        "weightedAverageShsOut": 379594056,
        "weightedAverageShsOutDil": 385142857,
        "link": null,
        "finalLink": null
    },
    {
        "date": "1990-09-30",
        "symbol": "SPGI",
        "reportedCurrency": "USD",
        "cik": "0000064040",
        "fillingDate": "1990-09-30",
        "acceptedDate": "1990-09-30 00:00:00",
        "calendarYear": "1990",
        "period": "Q3",
        "revenue": 502800000,
        "costOfRevenue": 232600000,
        "grossProfit": 270200000,
        "grossProfitRatio": 0.5373906126,
        "researchAndDevelopmentExpenses": 0,
        "generalAndAdministrativeExpenses": 0,
        "sellingAndMarketingExpenses": 0,
        "sellingGeneralAndAdministrativeExpenses": 163400000,
        "otherExpenses": 17200000,
        "operatingExpenses": 180600000,
        "costAndExpenses": 413200000,
        "interestIncome": 0,
        "interestExpense": 0,
        "depreciationAndAmortization": 17200000,
        "ebitda": 106800000,
        "ebitdaratio": 0.2124105012,
        "operatingIncome": 89600000,
        "operatingIncomeRatio": 0.1782020684,
        "totalOtherIncomeExpensesNet": 28600000,
        "incomeBeforeTax": 118200000,
        "incomeBeforeTaxRatio": 0.2350835322,
        "incomeTaxExpense": 50800000,
        "netIncome": 67400000,
        "netIncomeRatio": 0.1340493238,
        "eps": 0.18,
        "epsdiluted": 0.18,
        "weightedAverageShsOut": 385142857,
        "weightedAverageShsOutDil": 385142857,
        "link": null,
        "finalLink": null
    },
    {
        "date": "1990-06-30",
        "symbol": "SPGI",
        "reportedCurrency": "USD",
        "cik": "0000064040",
        "fillingDate": "1990-06-30",
        "acceptedDate": "1990-06-30 00:00:00",
        "calendarYear": "1990",
        "period": "Q2",
        "revenue": 457800000,
        "costOfRevenue": 215600000,
        "grossProfit": 242200000,
        "grossProfitRatio": 0.5290519878,
        "researchAndDevelopmentExpenses": 0,
        "generalAndAdministrativeExpenses": 0,
        "sellingAndMarketingExpenses": 0,
        "sellingGeneralAndAdministrativeExpenses": 161700000,
        "otherExpenses": 16700000,
        "operatingExpenses": 178400000,
        "costAndExpenses": 394000000,
        "interestIncome": 0,
        "interestExpense": 0,
        "depreciationAndAmortization": 16700000,
        "ebitda": 80500000,
        "ebitdaratio": 0.1758409786,
        "operatingIncome": 63800000,
        "operatingIncomeRatio": 0.1393621669,
        "totalOtherIncomeExpensesNet": 1500000,
        "incomeBeforeTax": 65300000,
        "incomeBeforeTaxRatio": 0.1426387069,
        "incomeTaxExpense": 28100000,
        "netIncome": 37200000,
        "netIncomeRatio": 0.0812581913,
        "eps": 0.095,
        "epsdiluted": 0.095,
        "weightedAverageShsOut": 391578947,
        "weightedAverageShsOutDil": 391578947,
        "link": null,
        "finalLink": null
    },
    {
        "date": "1990-03-31",
        "symbol": "SPGI",
        "reportedCurrency": "USD",
        "cik": "0000064040",
        "fillingDate": "1990-03-31",
        "acceptedDate": "1990-03-31 00:00:00",
        "calendarYear": "1990",
        "period": "Q1",
        "revenue": 420000000,
        "costOfRevenue": 199500000,
        "grossProfit": 220500000,
        "grossProfitRatio": 0.525,
        "researchAndDevelopmentExpenses": 0,
        "generalAndAdministrativeExpenses": 0,
        "sellingAndMarketingExpenses": 0,
        "sellingGeneralAndAdministrativeExpenses": 154600000,
        "otherExpenses": 15300000,
        "operatingExpenses": 169900000,
        "costAndExpenses": 369400000,
        "interestIncome": 0,
        "interestExpense": 31000000,
        "depreciationAndAmortization": 15300000,
        "ebitda": 65900000,
        "ebitdaratio": 0.1569047619,
        "operatingIncome": 50600000,
        "operatingIncomeRatio": 0.1204761905,
        "totalOtherIncomeExpensesNet": -21700000,
        "incomeBeforeTax": 28900000,
        "incomeBeforeTaxRatio": 0.0688095238,
        "incomeTaxExpense": 12400000,
        "netIncome": 16500000,
        "netIncomeRatio": 0.0392857143,
        "eps": 0.045,
        "epsdiluted": 0.045,
        "weightedAverageShsOut": 366666667,
        "weightedAverageShsOutDil": 366666667,
        "link": null,
        "finalLink": null
    },
    {
        "date": "1989-12-31",
        "symbol": "SPGI",
        "reportedCurrency": "USD",
        "cik": "0000064040",
        "fillingDate": "1989-12-31",
        "acceptedDate": "1989-12-31 00:00:00",
        "calendarYear": "1989",
        "period": "Q4",
        "revenue": 518100000,
        "costOfRevenue": 0,
        "grossProfit": 518100000,
        "grossProfitRatio": 1,
        "researchAndDevelopmentExpenses": 0,
        "generalAndAdministrativeExpenses": 0,
        "sellingAndMarketingExpenses": 0,
        "sellingGeneralAndAdministrativeExpenses": 0,
        "otherExpenses": 1735700000,
        "operatingExpenses": 1735700000,
        "costAndExpenses": 1735700000,
        "interestIncome": 0,
        "interestExpense": 0,
        "depreciationAndAmortization": 0,
        "ebitda": -1217600000,
        "ebitdaratio": -2.3501254584,
        "operatingIncome": -1217600000,
        "operatingIncomeRatio": -2.3501254584,
        "totalOtherIncomeExpensesNet": 1217600000,
        "incomeBeforeTax": 0,
        "incomeBeforeTaxRatio": 0,
        "incomeTaxExpense": 0,
        "netIncome": -98300000,
        "netIncomeRatio": -0.189731712,
        "eps": -0.25,
        "epsdiluted": -0.25,
        "weightedAverageShsOut": 389008000,
        "weightedAverageShsOutDil": 389008000,
        "link": null,
        "finalLink": null
    },
    {
        "date": "1989-09-30",
        "symbol": "SPGI",
        "reportedCurrency": "USD",
        "cik": "0000064040",
        "fillingDate": "1989-09-30",
        "acceptedDate": "1989-09-30 00:00:00",
        "calendarYear": "1989",
        "period": "Q3",
        "revenue": 452200000,
        "costOfRevenue": 0,
        "grossProfit": 452200000,
        "grossProfitRatio": 1,
        "researchAndDevelopmentExpenses": 0,
        "generalAndAdministrativeExpenses": 0,
        "sellingAndMarketingExpenses": 0,
        "sellingGeneralAndAdministrativeExpenses": 0,
        "otherExpenses": 0,
        "operatingExpenses": 0,
        "costAndExpenses": 0,
        "interestIncome": 0,
        "interestExpense": 0,
        "depreciationAndAmortization": 0,
        "ebitda": 452200000,
        "ebitdaratio": 1,
        "operatingIncome": 452200000,
        "operatingIncomeRatio": 1,
        "totalOtherIncomeExpensesNet": -452200000,
        "incomeBeforeTax": 0,
        "incomeBeforeTaxRatio": 0,
        "incomeTaxExpense": 0,
        "netIncome": 64100000,
        "netIncomeRatio": 0.1417514374,
        "eps": 0.17,
        "epsdiluted": 0.17,
        "weightedAverageShsOut": 389008000,
        "weightedAverageShsOutDil": 389008000,
        "link": null,
        "finalLink": null
    },
    {
        "date": "1989-06-30",
        "symbol": "SPGI",
        "reportedCurrency": "USD",
        "cik": "0000064040",
        "fillingDate": "1989-06-30",
        "acceptedDate": "1989-06-30 00:00:00",
        "calendarYear": "1989",
        "period": "Q2",
        "revenue": 482200000,
        "costOfRevenue": 0,
        "grossProfit": 482200000,
        "grossProfitRatio": 1,
        "researchAndDevelopmentExpenses": 0,
        "generalAndAdministrativeExpenses": 0,
        "sellingAndMarketingExpenses": 0,
        "sellingGeneralAndAdministrativeExpenses": 0,
        "otherExpenses": 0,
        "operatingExpenses": 0,
        "costAndExpenses": 0,
        "interestIncome": 0,
        "interestExpense": 0,
        "depreciationAndAmortization": 0,
        "ebitda": 482200000,
        "ebitdaratio": 1,
        "operatingIncome": 482200000,
        "operatingIncomeRatio": 1,
        "totalOtherIncomeExpensesNet": -482200000,
        "incomeBeforeTax": 0,
        "incomeBeforeTaxRatio": 0,
        "incomeTaxExpense": 0,
        "netIncome": 50800000,
        "netIncomeRatio": 0.105350477,
        "eps": 0.13,
        "epsdiluted": 0.13,
        "weightedAverageShsOut": 388240000,
        "weightedAverageShsOutDil": 388240000,
        "link": null,
        "finalLink": null
    },
    {
        "date": "1989-03-31",
        "symbol": "SPGI",
        "reportedCurrency": "USD",
        "cik": "0000064040",
        "fillingDate": "1989-03-31",
        "acceptedDate": "1989-03-31 00:00:00",
        "calendarYear": "1989",
        "period": "Q1",
        "revenue": 416100000,
        "costOfRevenue": 0,
        "grossProfit": 416100000,
        "grossProfitRatio": 1,
        "researchAndDevelopmentExpenses": 0,
        "generalAndAdministrativeExpenses": 0,
        "sellingAndMarketingExpenses": 0,
        "sellingGeneralAndAdministrativeExpenses": 0,
        "otherExpenses": 0,
        "operatingExpenses": 0,
        "costAndExpenses": 0,
        "interestIncome": 0,
        "interestExpense": 0,
        "depreciationAndAmortization": 0,
        "ebitda": 416100000,
        "ebitdaratio": 1,
        "operatingIncome": 416100000,
        "operatingIncomeRatio": 1,
        "totalOtherIncomeExpensesNet": -416100000,
        "incomeBeforeTax": 0,
        "incomeBeforeTaxRatio": 0,
        "incomeTaxExpense": 0,
        "netIncome": 23200000,
        "netIncomeRatio": 0.0557558279,
        "eps": 0.06,
        "epsdiluted": 0.06,
        "weightedAverageShsOut": 388240000,
        "weightedAverageShsOutDil": 388240000,
        "link": null,
        "finalLink": null
    },
    {
        "date": "1988-12-31",
        "symbol": "SPGI",
        "reportedCurrency": "USD",
        "cik": "0000064040",
        "fillingDate": "1988-12-31",
        "acceptedDate": "1988-12-31 00:00:00",
        "calendarYear": "1988",
        "period": "Q4",
        "revenue": 507500000,
        "costOfRevenue": 0,
        "grossProfit": 507500000,
        "grossProfitRatio": 1,
        "researchAndDevelopmentExpenses": 0,
        "generalAndAdministrativeExpenses": 0,
        "sellingAndMarketingExpenses": 0,
        "sellingGeneralAndAdministrativeExpenses": 0,
        "otherExpenses": 1543600000,
        "operatingExpenses": 1543600000,
        "costAndExpenses": 1543600000,
        "interestIncome": 0,
        "interestExpense": 0,
        "depreciationAndAmortization": 0,
        "ebitda": -1036100000,
        "ebitdaratio": -2.0415763547,
        "operatingIncome": -1036100000,
        "operatingIncomeRatio": -2.0415763547,
        "totalOtherIncomeExpensesNet": 1036100000,
        "incomeBeforeTax": 0,
        "incomeBeforeTaxRatio": 0,
        "incomeTaxExpense": 0,
        "netIncome": 55000000,
        "netIncomeRatio": 0.1083743842,
        "eps": 0.14,
        "epsdiluted": 0.14,
        "weightedAverageShsOut": 386960000,
        "weightedAverageShsOutDil": 386960000,
        "link": null,
        "finalLink": null
    },
    {
        "date": "1988-09-30",
        "symbol": "SPGI",
        "reportedCurrency": "USD",
        "cik": "0000064040",
        "fillingDate": "1988-09-30",
        "acceptedDate": "1988-09-30 00:00:00",
        "calendarYear": "1988",
        "period": "Q3",
        "revenue": 471200000,
        "costOfRevenue": 0,
        "grossProfit": 471200000,
        "grossProfitRatio": 1,
        "researchAndDevelopmentExpenses": 0,
        "generalAndAdministrativeExpenses": 0,
        "sellingAndMarketingExpenses": 0,
        "sellingGeneralAndAdministrativeExpenses": 0,
        "otherExpenses": 0,
        "operatingExpenses": 0,
        "costAndExpenses": 0,
        "interestIncome": 0,
        "interestExpense": 0,
        "depreciationAndAmortization": 0,
        "ebitda": 471200000,
        "ebitdaratio": 1,
        "operatingIncome": 471200000,
        "operatingIncomeRatio": 1,
        "totalOtherIncomeExpensesNet": -471200000,
        "incomeBeforeTax": 0,
        "incomeBeforeTaxRatio": 0,
        "incomeTaxExpense": 0,
        "netIncome": 58800000,
        "netIncomeRatio": 0.1247877759,
        "eps": 0.16,
        "epsdiluted": 0.16,
        "weightedAverageShsOut": 386960000,
        "weightedAverageShsOutDil": 386960000,
        "link": null,
        "finalLink": null
    },
    {
        "date": "1988-06-30",
        "symbol": "SPGI",
        "reportedCurrency": "USD",
        "cik": "0000064040",
        "fillingDate": "1988-06-30",
        "acceptedDate": "1988-06-30 00:00:00",
        "calendarYear": "1988",
        "period": "Q2",
        "revenue": 443700000,
        "costOfRevenue": 0,
        "grossProfit": 443700000,
        "grossProfitRatio": 1,
        "researchAndDevelopmentExpenses": 0,
        "generalAndAdministrativeExpenses": 0,
        "sellingAndMarketingExpenses": 0,
        "sellingGeneralAndAdministrativeExpenses": 0,
        "otherExpenses": 0,
        "operatingExpenses": 0,
        "costAndExpenses": 0,
        "interestIncome": 0,
        "interestExpense": 0,
        "depreciationAndAmortization": 0,
        "ebitda": 443700000,
        "ebitdaratio": 1,
        "operatingIncome": 443700000,
        "operatingIncomeRatio": 1,
        "totalOtherIncomeExpensesNet": -443700000,
        "incomeBeforeTax": 0,
        "incomeBeforeTaxRatio": 0,
        "incomeTaxExpense": 0,
        "netIncome": 44800000,
        "netIncomeRatio": 0.1009691233,
        "eps": 0.12,
        "epsdiluted": 0.12,
        "weightedAverageShsOut": 385768000,
        "weightedAverageShsOutDil": 385768000,
        "link": null,
        "finalLink": null
    },
    {
        "date": "1988-03-31",
        "symbol": "SPGI",
        "reportedCurrency": "USD",
        "cik": "0000064040",
        "fillingDate": "1988-03-31",
        "acceptedDate": "1988-03-31 00:00:00",
        "calendarYear": "1988",
        "period": "Q1",
        "revenue": 395700000,
        "costOfRevenue": 0,
        "grossProfit": 395700000,
        "grossProfitRatio": 1,
        "researchAndDevelopmentExpenses": 0,
        "generalAndAdministrativeExpenses": 0,
        "sellingAndMarketingExpenses": 0,
        "sellingGeneralAndAdministrativeExpenses": 0,
        "otherExpenses": 0,
        "operatingExpenses": 0,
        "costAndExpenses": 0,
        "interestIncome": 0,
        "interestExpense": 0,
        "depreciationAndAmortization": 0,
        "ebitda": 395700000,
        "ebitdaratio": 1,
        "operatingIncome": 395700000,
        "operatingIncomeRatio": 1,
        "totalOtherIncomeExpensesNet": -395700000,
        "incomeBeforeTax": 0,
        "incomeBeforeTaxRatio": 0,
        "incomeTaxExpense": 0,
        "netIncome": 27000000,
        "netIncomeRatio": 0.0682335102,
        "eps": 0.07,
        "epsdiluted": 0.07,
        "weightedAverageShsOut": 385768000,
        "weightedAverageShsOutDil": 385768000,
        "link": null,
        "finalLink": null
    },
    {
        "date": "1987-12-31",
        "symbol": "SPGI",
        "reportedCurrency": "USD",
        "cik": "0000064040",
        "fillingDate": "1987-12-31",
        "acceptedDate": "1987-12-31 00:00:00",
        "calendarYear": "1987",
        "period": "Q4",
        "revenue": 498700000,
        "costOfRevenue": 0,
        "grossProfit": 498700000,
        "grossProfitRatio": 1,
        "researchAndDevelopmentExpenses": 0,
        "generalAndAdministrativeExpenses": 0,
        "sellingAndMarketingExpenses": 0,
        "sellingGeneralAndAdministrativeExpenses": 0,
        "otherExpenses": 1483000000,
        "operatingExpenses": 1483000000,
        "costAndExpenses": 1483000000,
        "interestIncome": 0,
        "interestExpense": 0,
        "depreciationAndAmortization": 0,
        "ebitda": -984300000,
        "ebitdaratio": -1.9737317024,
        "operatingIncome": -984300000,
        "operatingIncomeRatio": -1.9737317024,
        "totalOtherIncomeExpensesNet": 984300000,
        "incomeBeforeTax": 0,
        "incomeBeforeTaxRatio": 0,
        "incomeTaxExpense": 0,
        "netIncome": 49900000,
        "netIncomeRatio": 0.1000601564,
        "eps": 0.13,
        "epsdiluted": 0.13,
        "weightedAverageShsOut": 404256000,
        "weightedAverageShsOutDil": 404256000,
        "link": null,
        "finalLink": null
    },
    {
        "date": "1987-09-30",
        "symbol": "SPGI",
        "reportedCurrency": "USD",
        "cik": "0000064040",
        "fillingDate": "1987-09-30",
        "acceptedDate": "1987-09-30 00:00:00",
        "calendarYear": "1987",
        "period": "Q3",
        "revenue": 455100000,
        "costOfRevenue": 0,
        "grossProfit": 455100000,
        "grossProfitRatio": 1,
        "researchAndDevelopmentExpenses": 0,
        "generalAndAdministrativeExpenses": 0,
        "sellingAndMarketingExpenses": 0,
        "sellingGeneralAndAdministrativeExpenses": 0,
        "otherExpenses": 0,
        "operatingExpenses": 0,
        "costAndExpenses": 0,
        "interestIncome": 0,
        "interestExpense": 0,
        "depreciationAndAmortization": 0,
        "ebitda": 455100000,
        "ebitdaratio": 1,
        "operatingIncome": 455100000,
        "operatingIncomeRatio": 1,
        "totalOtherIncomeExpensesNet": -455100000,
        "incomeBeforeTax": 0,
        "incomeBeforeTaxRatio": 0,
        "incomeTaxExpense": 0,
        "netIncome": 52400000,
        "netIncomeRatio": 0.1151395298,
        "eps": 0.13,
        "epsdiluted": 0.13,
        "weightedAverageShsOut": 404256000,
        "weightedAverageShsOutDil": 404256000,
        "link": null,
        "finalLink": null
    },
    {
        "date": "1987-06-30",
        "symbol": "SPGI",
        "reportedCurrency": "USD",
        "cik": "0000064040",
        "fillingDate": "1987-06-30",
        "acceptedDate": "1987-06-30 00:00:00",
        "calendarYear": "1987",
        "period": "Q2",
        "revenue": 425900000,
        "costOfRevenue": 0,
        "grossProfit": 425900000,
        "grossProfitRatio": 1,
        "researchAndDevelopmentExpenses": 0,
        "generalAndAdministrativeExpenses": 0,
        "sellingAndMarketingExpenses": 0,
        "sellingGeneralAndAdministrativeExpenses": 0,
        "otherExpenses": 0,
        "operatingExpenses": 0,
        "costAndExpenses": 0,
        "interestIncome": 0,
        "interestExpense": 0,
        "depreciationAndAmortization": 0,
        "ebitda": 425900000,
        "ebitdaratio": 1,
        "operatingIncome": 425900000,
        "operatingIncomeRatio": 1,
        "totalOtherIncomeExpensesNet": -425900000,
        "incomeBeforeTax": 0,
        "incomeBeforeTaxRatio": 0,
        "incomeTaxExpense": 0,
        "netIncome": 40000000,
        "netIncomeRatio": 0.0939187603,
        "eps": 0.1,
        "epsdiluted": 0.1,
        "weightedAverageShsOut": 404256000,
        "weightedAverageShsOutDil": 404256000,
        "link": null,
        "finalLink": null
    },
    {
        "date": "1987-03-31",
        "symbol": "SPGI",
        "reportedCurrency": "USD",
        "cik": "0000064040",
        "fillingDate": "1987-03-31",
        "acceptedDate": "1987-03-31 00:00:00",
        "calendarYear": "1987",
        "period": "Q1",
        "revenue": 371500000,
        "costOfRevenue": 0,
        "grossProfit": 371500000,
        "grossProfitRatio": 1,
        "researchAndDevelopmentExpenses": 0,
        "generalAndAdministrativeExpenses": 0,
        "sellingAndMarketingExpenses": 0,
        "sellingGeneralAndAdministrativeExpenses": 0,
        "otherExpenses": 0,
        "operatingExpenses": 0,
        "costAndExpenses": 0,
        "interestIncome": 0,
        "interestExpense": 0,
        "depreciationAndAmortization": 0,
        "ebitda": 371500000,
        "ebitdaratio": 1,
        "operatingIncome": 371500000,
        "operatingIncomeRatio": 1,
        "totalOtherIncomeExpensesNet": -371500000,
        "incomeBeforeTax": 0,
        "incomeBeforeTaxRatio": 0,
        "incomeTaxExpense": 0,
        "netIncome": 22500000,
        "netIncomeRatio": 0.0605652759,
        "eps": 0.055,
        "epsdiluted": 0.055,
        "weightedAverageShsOut": 404256000,
        "weightedAverageShsOutDil": 404256000,
        "link": null,
        "finalLink": null
    },
    {
        "date": "1986-12-31",
        "symbol": "SPGI",
        "reportedCurrency": "USD",
        "cik": "0000064040",
        "fillingDate": "1986-12-31",
        "acceptedDate": "1986-12-31 00:00:00",
        "calendarYear": "1986",
        "period": "Q4",
        "revenue": 446900000,
        "costOfRevenue": 0,
        "grossProfit": 446900000,
        "grossProfitRatio": 1,
        "researchAndDevelopmentExpenses": 0,
        "generalAndAdministrativeExpenses": 0,
        "sellingAndMarketingExpenses": 0,
        "sellingGeneralAndAdministrativeExpenses": 0,
        "otherExpenses": 1297800000,
        "operatingExpenses": 1297800000,
        "costAndExpenses": 1297800000,
        "interestIncome": 0,
        "interestExpense": 0,
        "depreciationAndAmortization": 0,
        "ebitda": -850900000,
        "ebitdaratio": -1.9040053703,
        "operatingIncome": -850900000,
        "operatingIncomeRatio": -1.9040053703,
        "totalOtherIncomeExpensesNet": 850900000,
        "incomeBeforeTax": 0,
        "incomeBeforeTaxRatio": 0,
        "incomeTaxExpense": 0,
        "netIncome": 42000000,
        "netIncomeRatio": 0.0939807563,
        "eps": 0.1,
        "epsdiluted": 0.1,
        "weightedAverageShsOut": 404152000,
        "weightedAverageShsOutDil": 404152000,
        "link": null,
        "finalLink": null
    },
    {
        "date": "1986-09-30",
        "symbol": "SPGI",
        "reportedCurrency": "USD",
        "cik": "0000064040",
        "fillingDate": "1986-09-30",
        "acceptedDate": "1986-09-30 00:00:00",
        "calendarYear": "1986",
        "period": "Q3",
        "revenue": 418700000,
        "costOfRevenue": 0,
        "grossProfit": 418700000,
        "grossProfitRatio": 1,
        "researchAndDevelopmentExpenses": 0,
        "generalAndAdministrativeExpenses": 0,
        "sellingAndMarketingExpenses": 0,
        "sellingGeneralAndAdministrativeExpenses": 0,
        "otherExpenses": 0,
        "operatingExpenses": 0,
        "costAndExpenses": 0,
        "interestIncome": 0,
        "interestExpense": 0,
        "depreciationAndAmortization": 0,
        "ebitda": 418700000,
        "ebitdaratio": 1,
        "operatingIncome": 418700000,
        "operatingIncomeRatio": 1,
        "totalOtherIncomeExpensesNet": -418700000,
        "incomeBeforeTax": 0,
        "incomeBeforeTaxRatio": 0,
        "incomeTaxExpense": 0,
        "netIncome": 47100000,
        "netIncomeRatio": 0.1124910437,
        "eps": 0.12,
        "epsdiluted": 0.12,
        "weightedAverageShsOut": 404152000,
        "weightedAverageShsOutDil": 404152000,
        "link": null,
        "finalLink": null
    },
    {
        "date": "1986-06-30",
        "symbol": "SPGI",
        "reportedCurrency": "USD",
        "cik": "0000064040",
        "fillingDate": "1986-06-30",
        "acceptedDate": "1986-06-30 00:00:00",
        "calendarYear": "1986",
        "period": "Q2",
        "revenue": 378000000,
        "costOfRevenue": 0,
        "grossProfit": 378000000,
        "grossProfitRatio": 1,
        "researchAndDevelopmentExpenses": 0,
        "generalAndAdministrativeExpenses": 0,
        "sellingAndMarketingExpenses": 0,
        "sellingGeneralAndAdministrativeExpenses": 0,
        "otherExpenses": 0,
        "operatingExpenses": 0,
        "costAndExpenses": 0,
        "interestIncome": 0,
        "interestExpense": 0,
        "depreciationAndAmortization": 0,
        "ebitda": 378000000,
        "ebitdaratio": 1,
        "operatingIncome": 378000000,
        "operatingIncomeRatio": 1,
        "totalOtherIncomeExpensesNet": -378000000,
        "incomeBeforeTax": 0,
        "incomeBeforeTaxRatio": 0,
        "incomeTaxExpense": 0,
        "netIncome": 37200000,
        "netIncomeRatio": 0.0984126984,
        "eps": 0.095,
        "epsdiluted": 0.095,
        "weightedAverageShsOut": 404152000,
        "weightedAverageShsOutDil": 404152000,
        "link": null,
        "finalLink": null
    },
    {
        "date": "1986-03-31",
        "symbol": "SPGI",
        "reportedCurrency": "USD",
        "cik": "0000064040",
        "fillingDate": "1986-03-31",
        "acceptedDate": "1986-03-31 00:00:00",
        "calendarYear": "1986",
        "period": "Q1",
        "revenue": 333200000,
        "costOfRevenue": 0,
        "grossProfit": 333200000,
        "grossProfitRatio": 1,
        "researchAndDevelopmentExpenses": 0,
        "generalAndAdministrativeExpenses": 0,
        "sellingAndMarketingExpenses": 0,
        "sellingGeneralAndAdministrativeExpenses": 0,
        "otherExpenses": 0,
        "operatingExpenses": 0,
        "costAndExpenses": 0,
        "interestIncome": 0,
        "interestExpense": 0,
        "depreciationAndAmortization": 0,
        "ebitda": 333200000,
        "ebitdaratio": 1,
        "operatingIncome": 333200000,
        "operatingIncomeRatio": 1,
        "totalOtherIncomeExpensesNet": -333200000,
        "incomeBeforeTax": 0,
        "incomeBeforeTaxRatio": 0,
        "incomeTaxExpense": 0,
        "netIncome": 27700000,
        "netIncomeRatio": 0.0831332533,
        "eps": 0.07,
        "epsdiluted": 0.07,
        "weightedAverageShsOut": 403328000,
        "weightedAverageShsOutDil": 403328000,
        "link": null,
        "finalLink": null
    },
    {
        "date": "1985-12-31",
        "symbol": "SPGI",
        "reportedCurrency": "USD",
        "cik": "0000064040",
        "fillingDate": "1985-12-31",
        "acceptedDate": "1985-12-31 00:00:00",
        "calendarYear": "1985",
        "period": "Q4",
        "revenue": 418600000,
        "costOfRevenue": 0,
        "grossProfit": 418600000,
        "grossProfitRatio": 1,
        "researchAndDevelopmentExpenses": 0,
        "generalAndAdministrativeExpenses": 0,
        "sellingAndMarketingExpenses": 0,
        "sellingGeneralAndAdministrativeExpenses": 0,
        "otherExpenses": 1229400000,
        "operatingExpenses": 1229400000,
        "costAndExpenses": 1229400000,
        "interestIncome": 0,
        "interestExpense": 0,
        "depreciationAndAmortization": 0,
        "ebitda": -810800000,
        "ebitdaratio": -1.9369326326,
        "operatingIncome": -810800000,
        "operatingIncomeRatio": -1.9369326326,
        "totalOtherIncomeExpensesNet": 810800000,
        "incomeBeforeTax": 0,
        "incomeBeforeTaxRatio": 0,
        "incomeTaxExpense": 0,
        "netIncome": 40700000,
        "netIncomeRatio": 0.0972288581,
        "eps": 0.1,
        "epsdiluted": 0.1,
        "weightedAverageShsOut": 403176000,
        "weightedAverageShsOutDil": 403176000,
        "link": null,
        "finalLink": null
    },
    {
        "date": "1985-09-30",
        "symbol": "SPGI",
        "reportedCurrency": "USD",
        "cik": "0000064040",
        "fillingDate": "1985-09-30",
        "acceptedDate": "1985-09-30 00:00:00",
        "calendarYear": "1985",
        "period": "Q3",
        "revenue": 389900000,
        "costOfRevenue": 0,
        "grossProfit": 389900000,
        "grossProfitRatio": 1,
        "researchAndDevelopmentExpenses": 0,
        "generalAndAdministrativeExpenses": 0,
        "sellingAndMarketingExpenses": 0,
        "sellingGeneralAndAdministrativeExpenses": 0,
        "otherExpenses": 0,
        "operatingExpenses": 0,
        "costAndExpenses": 0,
        "interestIncome": 0,
        "interestExpense": 0,
        "depreciationAndAmortization": 0,
        "ebitda": 389900000,
        "ebitdaratio": 1,
        "operatingIncome": 389900000,
        "operatingIncomeRatio": 1,
        "totalOtherIncomeExpensesNet": -389900000,
        "incomeBeforeTax": 0,
        "incomeBeforeTaxRatio": 0,
        "incomeTaxExpense": 0,
        "netIncome": 43400000,
        "netIncomeRatio": 0.1113105925,
        "eps": 0.11,
        "epsdiluted": 0.11,
        "weightedAverageShsOut": 403176000,
        "weightedAverageShsOutDil": 403176000,
        "link": null,
        "finalLink": null
    }
]