[
    {
        "date": "2017-07-29",
        "symbol": "SPLS",
        "reportedCurrency": "USD",
        "cik": "0000791519",
        "fillingDate": "2017-08-24",
        "acceptedDate": "2017-08-24 08:02:17",
        "calendarYear": "2017",
        "period": "Q2",
        "revenue": 3906000000,
        "costOfRevenue": 2908000000,
        "grossProfit": 998000000,
        "grossProfitRatio": 0.2555043523,
        "researchAndDevelopmentExpenses": 0,
        "generalAndAdministrativeExpenses": 882000000,
        "sellingAndMarketingExpenses": 13000000,
        "sellingGeneralAndAdministrativeExpenses": 895000000,
        "otherExpenses": 0,
        "operatingExpenses": 895000000,
        "costAndExpenses": 3803000000,
        "interestIncome": 0,
        "interestExpense": 11000000,
        "depreciationAndAmortization": 85000000,
        "ebitda": 190000000,
        "ebitdaratio": 0.0486431132,
        "operatingIncome": 107000000,
        "operatingIncomeRatio": 0.0273937532,
        "totalOtherIncomeExpensesNet": -5000000,
        "incomeBeforeTax": 102000000,
        "incomeBeforeTaxRatio": 0.0261136713,
        "incomeTaxExpense": 39000000,
        "netIncome": 55000000,
        "netIncomeRatio": 0.0140809012,
        "eps": 0.0841,
        "epsdiluted": 0.0836,
        "weightedAverageShsOut": 654000000,
        "weightedAverageShsOutDil": 658000000,
        "link": "https://www.sec.gov/Archives/edgar/data/791519/000079151917000082/0000791519-17-000082-index.html",
        "finalLink": "https://www.sec.gov/Archives/edgar/data/791519/000079151917000082/q22017spls10-q072917.htm"
    },
    {
        "date": "2017-04-29",
        "symbol": "SPLS",
        "reportedCurrency": "USD",
        "cik": "0000791519",
        "fillingDate": "2017-05-16",
        "acceptedDate": "2017-05-16 06:05:38",
        "calendarYear": "2017",
        "period": "Q1",
        "revenue": 4149000000,
        "costOfRevenue": 3071000000,
        "grossProfit": 1078000000,
        "grossProfitRatio": 0.2598216438,
        "researchAndDevelopmentExpenses": 0,
        "generalAndAdministrativeExpenses": 897000000,
        "sellingAndMarketingExpenses": 17000000,
        "sellingGeneralAndAdministrativeExpenses": 914000000,
        "otherExpenses": 0,
        "operatingExpenses": 914000000,
        "costAndExpenses": 3985000000,
        "interestIncome": 0,
        "interestExpense": 10000000,
        "depreciationAndAmortization": 91000000,
        "ebitda": 259000000,
        "ebitdaratio": 0.0624246806,
        "operatingIncome": 163000000,
        "operatingIncomeRatio": 0.0392865751,
        "totalOtherIncomeExpensesNet": -5000000,
        "incomeBeforeTax": 158000000,
        "incomeBeforeTaxRatio": 0.0380814654,
        "incomeTaxExpense": 53000000,
        "netIncome": 105000000,
        "netIncomeRatio": 0.025307303,
        "eps": 0.16,
        "epsdiluted": 0.16,
        "weightedAverageShsOut": 653000000,
        "weightedAverageShsOutDil": 657000000,
        "link": "https://www.sec.gov/Archives/edgar/data/791519/000079151917000051/0000791519-17-000051-index.html",
        "finalLink": "https://www.sec.gov/Archives/edgar/data/791519/000079151917000051/q12017spls10-q042917.htm"
    },
    {
        "date": "2017-01-28",
        "symbol": "SPLS",
        "reportedCurrency": "USD",
        "cik": "0000791519",
        "fillingDate": "2017-03-09",
        "acceptedDate": "2017-03-09 06:11:14",
        "calendarYear": "2016",
        "period": "Q4",
        "revenue": 3039000000,
        "costOfRevenue": 2204000000,
        "grossProfit": 835000000,
        "grossProfitRatio": 0.2747614347,
        "researchAndDevelopmentExpenses": 0,
        "generalAndAdministrativeExpenses": 568000000,
        "sellingAndMarketingExpenses": 107000000,
        "sellingGeneralAndAdministrativeExpenses": 675000000,
        "otherExpenses": 0,
        "operatingExpenses": 675000000,
        "costAndExpenses": 2879000000,
        "interestIncome": 0,
        "interestExpense": 10000000,
        "depreciationAndAmortization": 104000000,
        "ebitda": 270000000,
        "ebitdaratio": 0.0888450148,
        "operatingIncome": 155000000,
        "operatingIncomeRatio": 0.0510036196,
        "totalOtherIncomeExpensesNet": 1000000,
        "incomeBeforeTax": 156000000,
        "incomeBeforeTaxRatio": 0.0513326752,
        "incomeTaxExpense": 70000000,
        "netIncome": 86000000,
        "netIncomeRatio": 0.0282987825,
        "eps": 0.13,
        "epsdiluted": 0.13,
        "weightedAverageShsOut": 649000000,
        "weightedAverageShsOutDil": 649000000,
        "link": "https://www.sec.gov/Archives/edgar/data/791519/000079151917000020/0000791519-17-000020-index.html",
        "finalLink": "https://www.sec.gov/Archives/edgar/data/791519/000079151917000020/spls10-k01282017.htm"
    },
    {
        "date": "2016-10-29",
        "symbol": "SPLS",
        "reportedCurrency": "USD",
        "cik": "0000791519",
        "fillingDate": "2016-11-17",
        "acceptedDate": "2016-11-17 06:08:49",
        "calendarYear": "2016",
        "period": "Q3",
        "revenue": 5355000000,
        "costOfRevenue": 3912000000,
        "grossProfit": 1443000000,
        "grossProfitRatio": 0.2694677871,
        "researchAndDevelopmentExpenses": 0,
        "generalAndAdministrativeExpenses": 1079000000,
        "sellingAndMarketingExpenses": 65000000,
        "sellingGeneralAndAdministrativeExpenses": 1144000000,
        "otherExpenses": 0,
        "operatingExpenses": 1144000000,
        "costAndExpenses": 5056000000,
        "interestIncome": 0,
        "interestExpense": 11000000,
        "depreciationAndAmortization": 109000000,
        "ebitda": 405000000,
        "ebitdaratio": 0.0756302521,
        "operatingIncome": 298000000,
        "operatingIncomeRatio": 0.0556489262,
        "totalOtherIncomeExpensesNet": -13000000,
        "incomeBeforeTax": 285000000,
        "incomeBeforeTaxRatio": 0.0532212885,
        "incomeTaxExpense": 105000000,
        "netIncome": 180000000,
        "netIncomeRatio": 0.0336134454,
        "eps": 0.28,
        "epsdiluted": 0.28,
        "weightedAverageShsOut": 648000000,
        "weightedAverageShsOutDil": 648000000,
        "link": "https://www.sec.gov/Archives/edgar/data/791519/000079151916000172/0000791519-16-000172-index.html",
        "finalLink": "https://www.sec.gov/Archives/edgar/data/791519/000079151916000172/q32016-spls10xq102916.htm"
    },
    {
        "date": "2016-07-30",
        "symbol": "SPLS",
        "reportedCurrency": "USD",
        "cik": "0000791519",
        "fillingDate": "2016-08-17",
        "acceptedDate": "2016-08-17 06:06:36",
        "calendarYear": "2016",
        "period": "Q2",
        "revenue": 4752000000,
        "costOfRevenue": 3560000000,
        "grossProfit": 1192000000,
        "grossProfitRatio": 0.2508417508,
        "researchAndDevelopmentExpenses": 0,
        "generalAndAdministrativeExpenses": 1076000000,
        "sellingAndMarketingExpenses": 924000000,
        "sellingGeneralAndAdministrativeExpenses": 2000000000,
        "otherExpenses": 0,
        "operatingExpenses": 2000000000,
        "costAndExpenses": 5560000000,
        "interestIncome": 0,
        "interestExpense": 18000000,
        "depreciationAndAmortization": 110000000,
        "ebitda": -736000000,
        "ebitdaratio": -0.1548821549,
        "operatingIncome": -825000000,
        "operatingIncomeRatio": -0.1736111111,
        "totalOtherIncomeExpensesNet": -39000000,
        "incomeBeforeTax": -864000000,
        "incomeBeforeTaxRatio": -0.1818181818,
        "incomeTaxExpense": -98000000,
        "netIncome": -766000000,
        "netIncomeRatio": -0.1611952862,
        "eps": -1.18,
        "epsdiluted": -1.18,
        "weightedAverageShsOut": 647000000,
        "weightedAverageShsOutDil": 647000000,
        "link": "https://www.sec.gov/Archives/edgar/data/791519/000079151916000159/0000791519-16-000159-index.htm",
        "finalLink": "https://www.sec.gov/Archives/edgar/data/791519/000079151916000159/q22016-spls10xq073016.htm"
    },
    {
        "date": "2016-04-30",
        "symbol": "SPLS",
        "reportedCurrency": "USD",
        "cik": "0000791519",
        "fillingDate": "2016-05-18",
        "acceptedDate": "2016-05-18 06:07:32",
        "calendarYear": "2016",
        "period": "Q1",
        "revenue": 5101000000,
        "costOfRevenue": 3813000000,
        "grossProfit": 1288000000,
        "grossProfitRatio": 0.2524995099,
        "researchAndDevelopmentExpenses": 0,
        "generalAndAdministrativeExpenses": 1122000000,
        "sellingAndMarketingExpenses": 26000000,
        "sellingGeneralAndAdministrativeExpenses": 1148000000,
        "otherExpenses": 0,
        "operatingExpenses": 1148000000,
        "costAndExpenses": 4961000000,
        "interestIncome": 0,
        "interestExpense": 42000000,
        "depreciationAndAmortization": 113000000,
        "ebitda": 226000000,
        "ebitdaratio": 0.0443050382,
        "operatingIncome": 108000000,
        "operatingIncomeRatio": 0.0211723192,
        "totalOtherIncomeExpensesNet": -37000000,
        "incomeBeforeTax": 71000000,
        "incomeBeforeTaxRatio": 0.0139188394,
        "incomeTaxExpense": 30000000,
        "netIncome": 41000000,
        "netIncomeRatio": 0.0080376397,
        "eps": 0.0635,
        "epsdiluted": 0.0632,
        "weightedAverageShsOut": 646000000,
        "weightedAverageShsOutDil": 649000000,
        "link": "https://www.sec.gov/Archives/edgar/data/791519/000079151916000119/0000791519-16-000119-index.html",
        "finalLink": "https://www.sec.gov/Archives/edgar/data/791519/000079151916000119/q12016spls10-q043016.htm"
    },
    {
        "date": "2016-01-30",
        "symbol": "SPLS",
        "reportedCurrency": "USD",
        "cik": "0000791519",
        "fillingDate": "2016-03-04",
        "acceptedDate": "2016-03-04 06:07:30",
        "calendarYear": "2015",
        "period": "Q4",
        "revenue": 5268000000,
        "costOfRevenue": 3886000000,
        "grossProfit": 1382000000,
        "grossProfitRatio": 0.2623386484,
        "researchAndDevelopmentExpenses": 0,
        "generalAndAdministrativeExpenses": 1134000000,
        "sellingAndMarketingExpenses": 107000000,
        "sellingGeneralAndAdministrativeExpenses": 1241000000,
        "otherExpenses": 0,
        "operatingExpenses": 1241000000,
        "costAndExpenses": 5127000000,
        "interestIncome": 0,
        "interestExpense": 49000000,
        "depreciationAndAmortization": 112000000,
        "ebitda": 242000000,
        "ebitdaratio": 0.0459377373,
        "operatingIncome": 133000000,
        "operatingIncomeRatio": 0.025246773,
        "totalOtherIncomeExpensesNet": -52000000,
        "incomeBeforeTax": 81000000,
        "incomeBeforeTaxRatio": 0.0153758542,
        "incomeTaxExpense": -5000000,
        "netIncome": 86000000,
        "netIncomeRatio": 0.016324981,
        "eps": 0.13,
        "epsdiluted": 0.13,
        "weightedAverageShsOut": 642000000,
        "weightedAverageShsOutDil": 647000000,
        "link": "https://www.sec.gov/Archives/edgar/data/791519/000079151916000102/0000791519-16-000102-index.html",
        "finalLink": "https://www.sec.gov/Archives/edgar/data/791519/000079151916000102/spls10-k01302016.htm"
    },
    {
        "date": "2015-08-01",
        "symbol": "SPLS",
        "reportedCurrency": "USD",
        "cik": "0000791519",
        "fillingDate": "2015-08-19",
        "acceptedDate": "2015-08-19 06:09:15",
        "calendarYear": "2015",
        "period": "Q2",
        "revenue": 4936000000,
        "costOfRevenue": 3673000000,
        "grossProfit": 1263000000,
        "grossProfitRatio": 0.2558752026,
        "researchAndDevelopmentExpenses": 0,
        "generalAndAdministrativeExpenses": 1130000000,
        "sellingAndMarketingExpenses": 41000000,
        "sellingGeneralAndAdministrativeExpenses": 1171000000,
        "otherExpenses": 0,
        "operatingExpenses": 1171000000,
        "costAndExpenses": 4844000000,
        "interestIncome": 0,
        "interestExpense": 35000000,
        "depreciationAndAmortization": 114000000,
        "ebitda": 205000000,
        "ebitdaratio": 0.0415316045,
        "operatingIncome": 92000000,
        "operatingIncomeRatio": 0.0186385737,
        "totalOtherIncomeExpensesNet": -36000000,
        "incomeBeforeTax": 56000000,
        "incomeBeforeTaxRatio": 0.0113452188,
        "incomeTaxExpense": 20000000,
        "netIncome": 36000000,
        "netIncomeRatio": 0.0072933549,
        "eps": 0.0563,
        "epsdiluted": 0.0557,
        "weightedAverageShsOut": 640000000,
        "weightedAverageShsOutDil": 646000000,
        "link": "https://www.sec.gov/Archives/edgar/data/791519/000079151915000065/0000791519-15-000065-index.html",
        "finalLink": "https://www.sec.gov/Archives/edgar/data/791519/000079151915000065/spls10-q080115.htm"
    },
    {
        "date": "2015-05-02",
        "symbol": "SPLS",
        "reportedCurrency": "USD",
        "cik": "0000791519",
        "fillingDate": "2015-05-20",
        "acceptedDate": "2015-05-20 06:14:21",
        "calendarYear": "2015",
        "period": "Q1",
        "revenue": 5262000000,
        "costOfRevenue": 3915000000,
        "grossProfit": 1347000000,
        "grossProfitRatio": 0.255986317,
        "researchAndDevelopmentExpenses": 0,
        "generalAndAdministrativeExpenses": 1172000000,
        "sellingAndMarketingExpenses": 80000000,
        "sellingGeneralAndAdministrativeExpenses": 1252000000,
        "otherExpenses": 0,
        "operatingExpenses": 1252000000,
        "costAndExpenses": 5167000000,
        "interestIncome": 0,
        "interestExpense": 16000000,
        "depreciationAndAmortization": 118000000,
        "ebitda": 218000000,
        "ebitdaratio": 0.0414291144,
        "operatingIncome": 98000000,
        "operatingIncomeRatio": 0.0186240973,
        "totalOtherIncomeExpensesNet": -14000000,
        "incomeBeforeTax": 84000000,
        "incomeBeforeTaxRatio": 0.015963512,
        "incomeTaxExpense": 25000000,
        "netIncome": 59000000,
        "netIncomeRatio": 0.0112124667,
        "eps": 0.0923,
        "epsdiluted": 0.0915,
        "weightedAverageShsOut": 639000000,
        "weightedAverageShsOutDil": 645000000,
        "link": "https://www.sec.gov/Archives/edgar/data/791519/000079151915000019/0000791519-15-000019-index.html",
        "finalLink": "https://www.sec.gov/Archives/edgar/data/791519/000079151915000019/spls10-q050215.htm"
    },
    {
        "date": "2015-01-31",
        "symbol": "SPLS",
        "reportedCurrency": "USD",
        "cik": "0000791519",
        "fillingDate": "2015-03-06",
        "acceptedDate": "2015-03-06 06:07:59",
        "calendarYear": "2014",
        "period": "Q4",
        "revenue": 5656467000,
        "costOfRevenue": 4170044000,
        "grossProfit": 1486423000,
        "grossProfitRatio": 0.262782935,
        "researchAndDevelopmentExpenses": 0,
        "generalAndAdministrativeExpenses": 1188995000,
        "sellingAndMarketingExpenses": 493947000,
        "sellingGeneralAndAdministrativeExpenses": 1682942000,
        "otherExpenses": 0,
        "operatingExpenses": 1682942000,
        "costAndExpenses": 5852986000,
        "interestIncome": 0,
        "interestExpense": 11612000,
        "depreciationAndAmortization": 120680000,
        "ebitda": 321358000,
        "ebitdaratio": 0.0568124944,
        "operatingIncome": 309866000,
        "operatingIncomeRatio": 0.0547808376,
        "totalOtherIncomeExpensesNet": -299927000,
        "incomeBeforeTax": 9939000,
        "incomeBeforeTaxRatio": 0.0017571039,
        "incomeTaxExpense": 54540000,
        "netIncome": 134526000,
        "netIncomeRatio": 0.0237826898,
        "eps": 0.21,
        "epsdiluted": 0.21,
        "weightedAverageShsOut": 640745000,
        "weightedAverageShsOutDil": 645849000,
        "link": "https://www.sec.gov/Archives/edgar/data/791519/000079151915000004/0000791519-15-000004-index.htm",
        "finalLink": "https://www.sec.gov/Archives/edgar/data/791519/000079151915000004/spls10-k01312015.htm"
    },
    {
        "date": "2014-08-02",
        "symbol": "SPLS",
        "reportedCurrency": "USD",
        "cik": "0000791519",
        "fillingDate": "2014-08-20",
        "acceptedDate": "2014-08-20 06:03:40",
        "calendarYear": "2014",
        "period": "Q2",
        "revenue": 5220103000,
        "costOfRevenue": 3912060000,
        "grossProfit": 1308043000,
        "grossProfitRatio": 0.2505780058,
        "researchAndDevelopmentExpenses": 0,
        "generalAndAdministrativeExpenses": 1180242000,
        "sellingAndMarketingExpenses": 108439000,
        "sellingGeneralAndAdministrativeExpenses": 1288681000,
        "otherExpenses": 0,
        "operatingExpenses": 1288681000,
        "costAndExpenses": 5200741000,
        "interestIncome": 0,
        "interestExpense": 12637000,
        "depreciationAndAmortization": 112283000,
        "ebitda": 188885000,
        "ebitdaratio": 0.0361841519,
        "operatingIncome": 19362000,
        "operatingIncomeRatio": 0.0037091222,
        "totalOtherIncomeExpensesNet": -8751000,
        "incomeBeforeTax": 10611000,
        "incomeBeforeTaxRatio": 0.0020327185,
        "incomeTaxExpense": -17910000,
        "netIncome": 81875000,
        "netIncomeRatio": 0.0156845564,
        "eps": 0.13,
        "epsdiluted": 0.13,
        "weightedAverageShsOut": 642412000,
        "weightedAverageShsOutDil": 648079000,
        "link": "https://www.sec.gov/Archives/edgar/data/791519/000079151914000092/0000791519-14-000092-index.html",
        "finalLink": "https://www.sec.gov/Archives/edgar/data/791519/000079151914000092/spls10-q080214.htm"
    },
    {
        "date": "2014-05-03",
        "symbol": "SPLS",
        "reportedCurrency": "USD",
        "cik": "0000791519",
        "fillingDate": "2014-05-20",
        "acceptedDate": "2014-05-20 06:12:33",
        "calendarYear": "2014",
        "period": "Q1",
        "revenue": 5654259000,
        "costOfRevenue": 4243965000,
        "grossProfit": 1410294000,
        "grossProfitRatio": 0.2494215422,
        "researchAndDevelopmentExpenses": 0,
        "generalAndAdministrativeExpenses": 1223147000,
        "sellingAndMarketingExpenses": 50172000,
        "sellingGeneralAndAdministrativeExpenses": 1273319000,
        "otherExpenses": 0,
        "operatingExpenses": 1273319000,
        "costAndExpenses": 5517284000,
        "interestIncome": 0,
        "interestExpense": 12324000,
        "depreciationAndAmortization": 117212000,
        "ebitda": 277688000,
        "ebitdaratio": 0.0491112982,
        "operatingIncome": 158780000,
        "operatingIncomeRatio": 0.0280814869,
        "totalOtherIncomeExpensesNet": 8769000,
        "incomeBeforeTax": 167549000,
        "incomeBeforeTaxRatio": 0.0296323532,
        "incomeTaxExpense": 51942000,
        "netIncome": 96210000,
        "netIncomeRatio": 0.0170154922,
        "eps": 0.15,
        "epsdiluted": 0.15,
        "weightedAverageShsOut": 643492000,
        "weightedAverageShsOutDil": 649192000,
        "link": "https://www.sec.gov/Archives/edgar/data/791519/000079151914000055/0000791519-14-000055-index.html",
        "finalLink": "https://www.sec.gov/Archives/edgar/data/791519/000079151914000055/spls10-q050314.htm"
    },
    {
        "date": "2014-02-01",
        "symbol": "SPLS",
        "reportedCurrency": "USD",
        "cik": "0000791519",
        "fillingDate": "2014-03-06",
        "acceptedDate": "2014-03-06 06:15:44",
        "calendarYear": "2013",
        "period": "Q4",
        "revenue": 5873273000,
        "costOfRevenue": 4366220000,
        "grossProfit": 1507053000,
        "grossProfitRatio": 0.2565950876,
        "researchAndDevelopmentExpenses": 0,
        "generalAndAdministrativeExpenses": 1154088000,
        "sellingAndMarketingExpenses": 14854000,
        "sellingGeneralAndAdministrativeExpenses": 1168942000,
        "otherExpenses": 0,
        "operatingExpenses": 1168942000,
        "costAndExpenses": 5535162000,
        "interestIncome": 0,
        "interestExpense": 27647000,
        "depreciationAndAmortization": 116319000,
        "ebitda": 458608000,
        "ebitdaratio": 0.0780838895,
        "operatingIncome": 338111000,
        "operatingIncomeRatio": 0.057567731,
        "totalOtherIncomeExpensesNet": -125728000,
        "incomeBeforeTax": 212383000,
        "incomeBeforeTaxRatio": 0.0361609276,
        "incomeTaxExpense": 0,
        "netIncome": 212383000,
        "netIncomeRatio": 0.0361609276,
        "eps": 0.33,
        "epsdiluted": 0.32,
        "weightedAverageShsOut": 651931000,
        "weightedAverageShsOutDil": 658442000,
        "link": "https://www.sec.gov/Archives/edgar/data/791519/000079151914000007/0000791519-14-000007-index.htm",
        "finalLink": "https://www.sec.gov/Archives/edgar/data/791519/000079151914000007/spls10-k020114.htm"
    },
    {
        "date": "2013-11-02",
        "symbol": "SPLS",
        "reportedCurrency": "USD",
        "cik": "0000791519",
        "fillingDate": "2013-11-20",
        "acceptedDate": "2013-11-20 06:01:48",
        "calendarYear": "2013",
        "period": "Q3",
        "revenue": 6111695000,
        "costOfRevenue": 4456969000,
        "grossProfit": 1654726000,
        "grossProfitRatio": 0.2707474768,
        "researchAndDevelopmentExpenses": 0,
        "generalAndAdministrativeExpenses": 1210251000,
        "sellingAndMarketingExpenses": 77879000,
        "sellingGeneralAndAdministrativeExpenses": 1288130000,
        "otherExpenses": 0,
        "operatingExpenses": 1288130000,
        "costAndExpenses": 5745099000,
        "interestIncome": 0,
        "interestExpense": 30446000,
        "depreciationAndAmortization": 113122000,
        "ebitda": 400155000,
        "ebitdaratio": 0.0654736534,
        "operatingIncome": 366596000,
        "operatingIncomeRatio": 0.0599827053,
        "totalOtherIncomeExpensesNet": -146511000,
        "incomeBeforeTax": 220085000,
        "incomeBeforeTaxRatio": 0.0360104685,
        "incomeTaxExpense": 121359000,
        "netIncome": 135228000,
        "netIncomeRatio": 0.0221261041,
        "eps": 0.21,
        "epsdiluted": 0.2,
        "weightedAverageShsOut": 653536000,
        "weightedAverageShsOutDil": 660514000,
        "link": "https://www.sec.gov/Archives/edgar/data/791519/000079151913000107/0000791519-13-000107-index.html",
        "finalLink": "https://www.sec.gov/Archives/edgar/data/791519/000079151913000107/spls10-q110213.htm"
    },
    {
        "date": "2013-08-03",
        "symbol": "SPLS",
        "reportedCurrency": "USD",
        "cik": "0000791519",
        "fillingDate": "2013-08-21",
        "acceptedDate": "2013-08-21 06:07:33",
        "calendarYear": "2013",
        "period": "Q2",
        "revenue": 5314724000,
        "costOfRevenue": 3955228000,
        "grossProfit": 1359496000,
        "grossProfitRatio": 0.2557980433,
        "researchAndDevelopmentExpenses": 0,
        "generalAndAdministrativeExpenses": 1158415000,
        "sellingAndMarketingExpenses": 13374000,
        "sellingGeneralAndAdministrativeExpenses": 1171789000,
        "otherExpenses": 0,
        "operatingExpenses": 1171789000,
        "costAndExpenses": 5127017000,
        "interestIncome": 0,
        "interestExpense": 30264000,
        "depreciationAndAmortization": 114836000,
        "ebitda": 297760000,
        "ebitdaratio": 0.0560254869,
        "operatingIncome": 187707000,
        "operatingIncomeRatio": 0.0353182969,
        "totalOtherIncomeExpensesNet": -83592000,
        "incomeBeforeTax": 104115000,
        "incomeBeforeTaxRatio": 0.0195899166,
        "incomeTaxExpense": 50129000,
        "netIncome": 102531000,
        "netIncomeRatio": 0.0192918767,
        "eps": 0.16,
        "epsdiluted": 0.15,
        "weightedAverageShsOut": 654820000,
        "weightedAverageShsOutDil": 663252000,
        "link": "https://www.sec.gov/Archives/edgar/data/791519/000079151913000096/0000791519-13-000096-index.html",
        "finalLink": "https://www.sec.gov/Archives/edgar/data/791519/000079151913000096/spls10-q080313.htm"
    },
    {
        "date": "2013-05-04",
        "symbol": "SPLS",
        "reportedCurrency": "USD",
        "cik": "0000791519",
        "fillingDate": "2013-05-22",
        "acceptedDate": "2013-05-22 06:12:25",
        "calendarYear": "2013",
        "period": "Q1",
        "revenue": 5814571000,
        "costOfRevenue": 4303561000,
        "grossProfit": 1511010000,
        "grossProfitRatio": 0.2598661191,
        "researchAndDevelopmentExpenses": 0,
        "generalAndAdministrativeExpenses": 1212540000,
        "sellingAndMarketingExpenses": 13383000,
        "sellingGeneralAndAdministrativeExpenses": 1225923000,
        "otherExpenses": 0,
        "operatingExpenses": 1225923000,
        "costAndExpenses": 5529484000,
        "interestIncome": 0,
        "interestExpense": 30972000,
        "depreciationAndAmortization": 113941000,
        "ebitda": 396894000,
        "ebitdaratio": 0.0682585181,
        "operatingIncome": 285087000,
        "operatingIncomeRatio": 0.0490297565,
        "totalOtherIncomeExpensesNet": -114666000,
        "incomeBeforeTax": 170421000,
        "incomeBeforeTaxRatio": 0.029309299,
        "incomeTaxExpense": 82054000,
        "netIncome": 169927000,
        "netIncomeRatio": 0.02922434,
        "eps": 0.26,
        "epsdiluted": 0.26,
        "weightedAverageShsOut": 655970000,
        "weightedAverageShsOutDil": 664084000,
        "link": "https://www.sec.gov/Archives/edgar/data/791519/000079151913000054/0000791519-13-000054-index.html",
        "finalLink": "https://www.sec.gov/Archives/edgar/data/791519/000079151913000054/spls10-q050413.htm"
    },
    {
        "date": "2013-02-02",
        "symbol": "SPLS",
        "reportedCurrency": "USD",
        "cik": "0000791519",
        "fillingDate": "2013-03-06",
        "acceptedDate": "2013-03-06 06:33:35",
        "calendarYear": "2012",
        "period": "Q4",
        "revenue": 6567980000,
        "costOfRevenue": 4848571000,
        "grossProfit": 1719409000,
        "grossProfitRatio": 0.2617865767,
        "researchAndDevelopmentExpenses": 0,
        "generalAndAdministrativeExpenses": 1210686000,
        "sellingAndMarketingExpenses": 195054000,
        "sellingGeneralAndAdministrativeExpenses": 1405740000,
        "otherExpenses": 0,
        "operatingExpenses": 1405740000,
        "costAndExpenses": 6254311000,
        "interestIncome": 0,
        "interestExpense": 38282000,
        "depreciationAndAmortization": 125007000,
        "ebitda": 343835000,
        "ebitdaratio": 0.0523501899,
        "operatingIncome": 313669000,
        "operatingIncomeRatio": 0.0477573013,
        "totalOtherIncomeExpensesNet": -223719000,
        "incomeBeforeTax": 89950000,
        "incomeBeforeTaxRatio": 0.0136952305,
        "incomeTaxExpense": 102490000,
        "netIncome": 78056000,
        "netIncomeRatio": 0.0118843236,
        "eps": 0.12,
        "epsdiluted": 0.12,
        "weightedAverageShsOut": 669479000,
        "weightedAverageShsOutDil": 669479000,
        "link": "https://www.sec.gov/Archives/edgar/data/791519/000079151913000002/0000791519-13-000002-index.html",
        "finalLink": "https://www.sec.gov/Archives/edgar/data/791519/000079151913000002/splsfy201210-k.htm"
    },
    {
        "date": "2012-10-27",
        "symbol": "SPLS",
        "reportedCurrency": "USD",
        "cik": "0000791519",
        "fillingDate": "2012-11-14",
        "acceptedDate": "2012-11-14 06:02:37",
        "calendarYear": "2012",
        "period": "Q3",
        "revenue": 6209209000,
        "costOfRevenue": 4474357000,
        "grossProfit": 1734852000,
        "grossProfitRatio": 0.2793998398,
        "researchAndDevelopmentExpenses": 0,
        "generalAndAdministrativeExpenses": 1204764000,
        "sellingAndMarketingExpenses": 871805000,
        "sellingGeneralAndAdministrativeExpenses": 2076569000,
        "otherExpenses": 0,
        "operatingExpenses": 2076569000,
        "costAndExpenses": 6550926000,
        "interestIncome": 0,
        "interestExpense": 40098000,
        "depreciationAndAmortization": 130698000,
        "ebitda": -211640000,
        "ebitdaratio": -0.0340848569,
        "operatingIncome": -341717000,
        "operatingIncomeRatio": -0.0550339021,
        "totalOtherIncomeExpensesNet": -40719000,
        "incomeBeforeTax": -382436000,
        "incomeBeforeTaxRatio": -0.0615917422,
        "incomeTaxExpense": 175769000,
        "netIncome": -558205000,
        "netIncomeRatio": -0.0898995347,
        "eps": -0.83,
        "epsdiluted": -0.83,
        "weightedAverageShsOut": 673366000,
        "weightedAverageShsOutDil": 673366000,
        "link": "https://www.sec.gov/Archives/edgar/data/791519/000079151912000035/0000791519-12-000035-index.html",
        "finalLink": "https://www.sec.gov/Archives/edgar/data/791519/000079151912000035/spls10-q102712.htm"
    },
    {
        "date": "2012-07-28",
        "symbol": "SPLS",
        "reportedCurrency": "USD",
        "cik": "0000791519",
        "fillingDate": "2012-08-15",
        "acceptedDate": "2012-08-15 06:01:28",
        "calendarYear": "2012",
        "period": "Q2",
        "revenue": 5498496000,
        "costOfRevenue": 4071211000,
        "grossProfit": 1427285000,
        "grossProfitRatio": 0.2595773462,
        "researchAndDevelopmentExpenses": 0,
        "generalAndAdministrativeExpenses": 1192433000,
        "sellingAndMarketingExpenses": 14795000,
        "sellingGeneralAndAdministrativeExpenses": 1207228000,
        "otherExpenses": 0,
        "operatingExpenses": 1207228000,
        "costAndExpenses": 5278439000,
        "interestIncome": 0,
        "interestExpense": 41793000,
        "depreciationAndAmortization": 115078000,
        "ebitda": 335267000,
        "ebitdaratio": 0.0609743101,
        "operatingIncome": 220057000,
        "operatingIncomeRatio": 0.0400213076,
        "totalOtherIncomeExpensesNet": -41695000,
        "incomeBeforeTax": 178362000,
        "incomeBeforeTaxRatio": 0.032438325,
        "incomeTaxExpense": 57967000,
        "netIncome": 120429000,
        "netIncomeRatio": 0.0219021711,
        "eps": 0.18,
        "epsdiluted": 0.18,
        "weightedAverageShsOut": 676554000,
        "weightedAverageShsOutDil": 684281000,
        "link": "https://www.sec.gov/Archives/edgar/data/791519/000079151912000032/0000791519-12-000032-index.html",
        "finalLink": "https://www.sec.gov/Archives/edgar/data/791519/000079151912000032/spls10-q072812.htm"
    },
    {
        "date": "2012-04-28",
        "symbol": "SPLS",
        "reportedCurrency": "USD",
        "cik": "0000791519",
        "fillingDate": "2012-05-16",
        "acceptedDate": "2012-05-16 06:02:06",
        "calendarYear": "2012",
        "period": "Q1",
        "revenue": 6104825000,
        "costOfRevenue": 4495110000,
        "grossProfit": 1609715000,
        "grossProfitRatio": 0.263679139,
        "researchAndDevelopmentExpenses": 0,
        "generalAndAdministrativeExpenses": 1276401000,
        "sellingAndMarketingExpenses": 15258000,
        "sellingGeneralAndAdministrativeExpenses": 1291659000,
        "otherExpenses": 0,
        "operatingExpenses": 1291659000,
        "costAndExpenses": 5786769000,
        "interestIncome": 0,
        "interestExpense": 42304000,
        "depreciationAndAmortization": 116530000,
        "ebitda": 435937000,
        "ebitdaratio": 0.0714085989,
        "operatingIncome": 318056000,
        "operatingIncomeRatio": 0.0520991183,
        "totalOtherIncomeExpensesNet": -109101000,
        "incomeBeforeTax": 208955000,
        "incomeBeforeTaxRatio": 0.0342278444,
        "incomeTaxExpense": 90044000,
        "netIncome": 187059000,
        "netIncomeRatio": 0.0306411732,
        "eps": 0.27,
        "epsdiluted": 0.27,
        "weightedAverageShsOut": 680246000,
        "weightedAverageShsOutDil": 689437000,
        "link": "https://www.sec.gov/Archives/edgar/data/791519/000079151912000021/0000791519-12-000021-index.htm",
        "finalLink": "https://www.sec.gov/Archives/edgar/data/791519/000079151912000021/spls10-q042812.htm"
    },
    {
        "date": "2012-01-28",
        "symbol": "SPLS",
        "reportedCurrency": "USD",
        "cik": "0000791519",
        "fillingDate": "2012-02-29",
        "acceptedDate": "2012-02-29 06:01:29",
        "calendarYear": "2011",
        "period": "Q4",
        "revenue": 6459715000,
        "costOfRevenue": 4727441000,
        "grossProfit": 1732274000,
        "grossProfitRatio": 0.2681657008,
        "researchAndDevelopmentExpenses": 0,
        "generalAndAdministrativeExpenses": 1248035000,
        "sellingAndMarketingExpenses": 15459000,
        "sellingGeneralAndAdministrativeExpenses": 1263494000,
        "otherExpenses": 0,
        "operatingExpenses": 1263494000,
        "costAndExpenses": 5990935000,
        "interestIncome": 0,
        "interestExpense": 42111000,
        "depreciationAndAmortization": 121423000,
        "ebitda": 593183000,
        "ebitdaratio": 0.091828045,
        "operatingIncome": 468780000,
        "operatingIncomeRatio": 0.0725697651,
        "totalOtherIncomeExpensesNet": -289630000,
        "incomeBeforeTax": 179150000,
        "incomeBeforeTaxRatio": 0.0277334217,
        "incomeTaxExpense": 146056000,
        "netIncome": 283593000,
        "netIncomeRatio": 0.043901782,
        "eps": 0.41,
        "epsdiluted": 0.4,
        "weightedAverageShsOut": 694986000,
        "weightedAverageShsOutDil": 704019000,
        "link": "https://www.sec.gov/Archives/edgar/data/791519/000079151912000003/0000791519-12-000003-index.html",
        "finalLink": "https://www.sec.gov/Archives/edgar/data/791519/000079151912000003/a201110k.htm"
    },
    {
        "date": "2011-10-29",
        "symbol": "SPLS",
        "reportedCurrency": "USD",
        "cik": "0000791519",
        "fillingDate": "2011-11-15",
        "acceptedDate": "2011-11-15 06:02:32",
        "calendarYear": "2011",
        "period": "Q3",
        "revenue": 6569927000,
        "costOfRevenue": 4737146000,
        "grossProfit": 1832781000,
        "grossProfitRatio": 0.2789652001,
        "researchAndDevelopmentExpenses": 0,
        "generalAndAdministrativeExpenses": 1283636000,
        "sellingAndMarketingExpenses": 15957000,
        "sellingGeneralAndAdministrativeExpenses": 1299593000,
        "otherExpenses": 0,
        "operatingExpenses": 1299593000,
        "costAndExpenses": 6036739000,
        "interestIncome": 0,
        "interestExpense": 40962000,
        "depreciationAndAmortization": 115597000,
        "ebitda": 646964000,
        "ebitdaratio": 0.0984735447,
        "operatingIncome": 533188000,
        "operatingIncomeRatio": 0.0811558485,
        "totalOtherIncomeExpensesNet": -289682000,
        "incomeBeforeTax": 243506000,
        "incomeBeforeTaxRatio": 0.0370637299,
        "incomeTaxExpense": 164025000,
        "netIncome": 326380000,
        "netIncomeRatio": 0.0496778731,
        "eps": 0.47,
        "epsdiluted": 0.46,
        "weightedAverageShsOut": 698813000,
        "weightedAverageShsOutDil": 708028000,
        "link": "https://www.sec.gov/Archives/edgar/data/791519/000079151911000009/0000791519-11-000009-index.html",
        "finalLink": "https://www.sec.gov/Archives/edgar/data/791519/000079151911000009/spls10-q102911.htm"
    },
    {
        "date": "2011-07-30",
        "symbol": "SPLS",
        "reportedCurrency": "USD",
        "cik": "0000791519",
        "fillingDate": "2011-08-17",
        "acceptedDate": "2011-08-17 06:02:25",
        "calendarYear": "2011",
        "period": "Q2",
        "revenue": 5819612000,
        "costOfRevenue": 4279232000,
        "grossProfit": 1540380000,
        "grossProfitRatio": 0.2646877489,
        "researchAndDevelopmentExpenses": 0,
        "generalAndAdministrativeExpenses": 1246047000,
        "sellingAndMarketingExpenses": 16194000,
        "sellingGeneralAndAdministrativeExpenses": 1262241000,
        "otherExpenses": 0,
        "operatingExpenses": 1262241000,
        "costAndExpenses": 5541473000,
        "interestIncome": 0,
        "interestExpense": 41885000,
        "depreciationAndAmortization": 123193000,
        "ebitda": 402620000,
        "ebitdaratio": 0.0691833064,
        "operatingIncome": 278139000,
        "operatingIncomeRatio": 0.0477933924,
        "totalOtherIncomeExpensesNet": -219015000,
        "incomeBeforeTax": 59124000,
        "incomeBeforeTaxRatio": 0.0101594402,
        "incomeTaxExpense": 61104000,
        "netIncome": 176438000,
        "netIncomeRatio": 0.0303178287,
        "eps": 0.25,
        "epsdiluted": 0.25,
        "weightedAverageShsOut": 702618000,
        "weightedAverageShsOutDil": 713037000,
        "link": "https://www.sec.gov/Archives/edgar/data/791519/000144530511002556/0001445305-11-002556-index.html",
        "finalLink": "https://www.sec.gov/Archives/edgar/data/791519/000144530511002556/spls10-q073011.htm"
    },
    {
        "date": "2011-04-30",
        "symbol": "SPLS",
        "reportedCurrency": "USD",
        "cik": "0000791519",
        "fillingDate": "2011-05-18",
        "acceptedDate": "2011-05-18 06:13:54",
        "calendarYear": "2011",
        "period": "Q1",
        "revenue": 6172938000,
        "costOfRevenue": 4536545000,
        "grossProfit": 1636393000,
        "grossProfitRatio": 0.2650914362,
        "researchAndDevelopmentExpenses": 0,
        "generalAndAdministrativeExpenses": 1270774000,
        "sellingAndMarketingExpenses": 17292000,
        "sellingGeneralAndAdministrativeExpenses": 1288066000,
        "otherExpenses": 0,
        "operatingExpenses": 1288066000,
        "costAndExpenses": 5824611000,
        "interestIncome": 0,
        "interestExpense": 48793000,
        "depreciationAndAmortization": 121843000,
        "ebitda": 473004000,
        "ebitdaratio": 0.0766254254,
        "operatingIncome": 348327000,
        "operatingIncomeRatio": 0.0564280736,
        "totalOtherIncomeExpensesNet": 153726000,
        "incomeBeforeTax": 502053000,
        "incomeBeforeTaxRatio": 0.0813312883,
        "incomeTaxExpense": 104123000,
        "netIncome": 198245000,
        "netIncomeRatio": 0.0321151776,
        "eps": 0.28,
        "epsdiluted": 0.28,
        "weightedAverageShsOut": 706318000,
        "weightedAverageShsOutDil": 717403000,
        "link": "https://www.sec.gov/Archives/edgar/data/791519/000110465911029723/0001104659-11-029723-index.html",
        "finalLink": "https://www.sec.gov/Archives/edgar/data/791519/000110465911029723/a11-11178_110q.htm"
    },
    {
        "date": "2011-01-29",
        "symbol": "SPLS",
        "reportedCurrency": "USD",
        "cik": "0000791519",
        "fillingDate": "2011-03-02",
        "acceptedDate": "2011-03-02 06:27:00",
        "calendarYear": "2010",
        "period": "Q4",
        "revenue": 6415402000,
        "costOfRevenue": 4694758000,
        "grossProfit": 1720644000,
        "grossProfitRatio": 0.2682051725,
        "researchAndDevelopmentExpenses": 0,
        "generalAndAdministrativeExpenses": 1270019000,
        "sellingAndMarketingExpenses": 21996000,
        "sellingGeneralAndAdministrativeExpenses": 1292015000,
        "otherExpenses": 0,
        "operatingExpenses": 1292015000,
        "costAndExpenses": 5986773000,
        "interestIncome": 0,
        "interestExpense": 53406000,
        "depreciationAndAmortization": 127584000,
        "ebitda": 555465000,
        "ebitdaratio": 0.0865830388,
        "operatingIncome": 428629000,
        "operatingIncomeRatio": 0.0668124928,
        "totalOtherIncomeExpensesNet": -166858000,
        "incomeBeforeTax": 261771000,
        "incomeBeforeTaxRatio": 0.0408035225,
        "incomeTaxExpense": 99733000,
        "netIncome": 274742000,
        "netIncomeRatio": 0.0428253756,
        "eps": 0.38,
        "epsdiluted": 0.38,
        "weightedAverageShsOut": 715596000,
        "weightedAverageShsOutDil": 726220000,
        "link": "https://www.sec.gov/Archives/edgar/data/791519/000104746911001650/0001047469-11-001650-index.htm",
        "finalLink": "https://www.sec.gov/Archives/edgar/data/791519/000104746911001650/a2202158z10-k.htm"
    },
    {
        "date": "2010-10-30",
        "symbol": "SPLS",
        "reportedCurrency": "USD",
        "cik": "0000791519",
        "fillingDate": "2010-11-18",
        "acceptedDate": "2010-11-18 06:10:52",
        "calendarYear": "2010",
        "period": "Q3",
        "revenue": 6537676000,
        "costOfRevenue": 4733928000,
        "grossProfit": 1803748000,
        "grossProfitRatio": 0.2759004882,
        "researchAndDevelopmentExpenses": 0,
        "generalAndAdministrativeExpenses": 1264676000,
        "sellingAndMarketingExpenses": 24647000,
        "sellingGeneralAndAdministrativeExpenses": 1289323000,
        "otherExpenses": 0,
        "operatingExpenses": 1289323000,
        "costAndExpenses": 6023251000,
        "interestIncome": 0,
        "interestExpense": 52775000,
        "depreciationAndAmortization": 123314000,
        "ebitda": 637970000,
        "ebitdaratio": 0.0975836062,
        "operatingIncome": 514425000,
        "operatingIncomeRatio": 0.0786862182,
        "totalOtherIncomeExpensesNet": -11367000,
        "incomeBeforeTax": 503058000,
        "incomeBeforeTaxRatio": 0.0769475269,
        "incomeTaxExpense": 173201000,
        "netIncome": 288680000,
        "netIncomeRatio": 0.0441563638,
        "eps": 0.4,
        "epsdiluted": 0.4,
        "weightedAverageShsOut": 717487000,
        "weightedAverageShsOutDil": 727906000,
        "link": "https://www.sec.gov/Archives/edgar/data/791519/000110465910058995/0001104659-10-058995-index.html",
        "finalLink": "https://www.sec.gov/Archives/edgar/data/791519/000110465910058995/a10-17642_110q.htm"
    },
    {
        "date": "2010-05-01",
        "symbol": "SPLS",
        "reportedCurrency": "USD",
        "cik": "0000791519",
        "fillingDate": "2010-08-19",
        "acceptedDate": "2010-08-19 06:12:13",
        "calendarYear": "2010",
        "period": "Q1",
        "revenue": 6057795000,
        "costOfRevenue": 4438740000,
        "grossProfit": 1619055000,
        "grossProfitRatio": 0.2672680406,
        "researchAndDevelopmentExpenses": 0,
        "generalAndAdministrativeExpenses": 1220468000,
        "sellingAndMarketingExpenses": 36281000,
        "sellingGeneralAndAdministrativeExpenses": 1256749000,
        "otherExpenses": 0,
        "operatingExpenses": 1256749000,
        "costAndExpenses": 5695489000,
        "interestIncome": 0,
        "interestExpense": 55474000,
        "depreciationAndAmortization": 125411000,
        "ebitda": 485145000,
        "ebitdaratio": 0.0800860709,
        "operatingIncome": 362306000,
        "operatingIncomeRatio": 0.0598082306,
        "totalOtherIncomeExpensesNet": -54334000,
        "incomeBeforeTax": 307972000,
        "incomeBeforeTaxRatio": 0.0508389604,
        "incomeTaxExpense": 115490000,
        "netIncome": 188770000,
        "netIncomeRatio": 0.0311615035,
        "eps": 0.26,
        "epsdiluted": 0.26,
        "weightedAverageShsOut": 719140000,
        "weightedAverageShsOutDil": 730942000,
        "link": "https://www.sec.gov/Archives/edgar/data/791519/000110465910045103/0001104659-10-045103-index.html",
        "finalLink": "https://www.sec.gov/Archives/edgar/data/791519/000110465910045103/a10-13028_110q.htm"
    },
    {
        "date": "2010-01-30",
        "symbol": "SPLS",
        "reportedCurrency": "USD",
        "cik": "0000791519",
        "fillingDate": "2010-03-02",
        "acceptedDate": "2010-03-02 06:28:58",
        "calendarYear": "2009",
        "period": "Q4",
        "revenue": 22713680000,
        "costOfRevenue": 16749307000,
        "grossProfit": 5964373000,
        "grossProfitRatio": 0.2625894615,
        "researchAndDevelopmentExpenses": 0,
        "generalAndAdministrativeExpenses": 4550433000,
        "sellingAndMarketingExpenses": -992885000,
        "sellingGeneralAndAdministrativeExpenses": 3557548000,
        "otherExpenses": 0,
        "operatingExpenses": 3557548000,
        "costAndExpenses": 20306855000,
        "interestIncome": 0,
        "interestExpense": 195616000,
        "depreciationAndAmortization": 480175000,
        "ebitda": 1793430000,
        "ebitdaratio": 0.0789581433,
        "operatingIncome": 1354584000,
        "operatingIncomeRatio": 0.0596373639,
        "totalOtherIncomeExpensesNet": -226451000,
        "incomeBeforeTax": 1128133000,
        "incomeBeforeTaxRatio": 0.0496675572,
        "incomeTaxExpense": 382918000,
        "netIncome": 734721000,
        "netIncomeRatio": 0.0323470701,
        "eps": 1.02,
        "epsdiluted": 1.01,
        "weightedAverageShsOut": 719140000,
        "weightedAverageShsOutDil": 730942000,
        "link": "https://www.sec.gov/Archives/edgar/data/791519/000104746910001695/0001047469-10-001695-index.html",
        "finalLink": "https://www.sec.gov/Archives/edgar/data/791519/000104746910001695/a2196762z10-k.htm"
    },
    {
        "date": "2009-08-01",
        "symbol": "SPLS",
        "reportedCurrency": "USD",
        "cik": "0000791519",
        "fillingDate": "2009-12-01",
        "acceptedDate": "2009-12-01 06:19:58",
        "calendarYear": "2009",
        "period": "Q2",
        "revenue": 5533779000,
        "costOfRevenue": 4109522000,
        "grossProfit": 1424257000,
        "grossProfitRatio": 0.2573751138,
        "researchAndDevelopmentExpenses": 0,
        "generalAndAdministrativeExpenses": 1161400000,
        "sellingAndMarketingExpenses": 56277000,
        "sellingGeneralAndAdministrativeExpenses": 1217677000,
        "otherExpenses": 0,
        "operatingExpenses": 1217677000,
        "costAndExpenses": 5327199000,
        "interestIncome": 0,
        "interestExpense": 60932000,
        "depreciationAndAmortization": 137397000,
        "ebitda": 346666000,
        "ebitdaratio": 0.0626454363,
        "operatingIncome": 206580000,
        "operatingIncomeRatio": 0.0373307282,
        "totalOtherIncomeExpensesNet": -58243000,
        "incomeBeforeTax": 148337000,
        "incomeBeforeTaxRatio": 0.0268057326,
        "incomeTaxExpense": 51176000,
        "netIncome": 97161000,
        "netIncomeRatio": 0.0175578027,
        "eps": 0.14,
        "epsdiluted": 0.13,
        "weightedAverageShsOut": 719140000,
        "weightedAverageShsOutDil": 730942000,
        "link": "https://www.sec.gov/Archives/edgar/data/791519/000110465909067737/0001104659-09-067737-index.html",
        "finalLink": "https://www.sec.gov/Archives/edgar/data/791519/000110465909067737/a09-31279_110q.htm"
    },
    {
        "date": "2009-05-02",
        "symbol": "SPLS",
        "reportedCurrency": "USD",
        "cik": "0000791519",
        "fillingDate": "2009-05-27",
        "acceptedDate": "2009-05-27 07:33:33",
        "calendarYear": "2009",
        "period": "Q1",
        "revenue": 5817559000,
        "costOfRevenue": 4291657000,
        "grossProfit": 1525902000,
        "grossProfitRatio": 0.2622924838,
        "researchAndDevelopmentExpenses": 0,
        "generalAndAdministrativeExpenses": 1198170000,
        "sellingAndMarketingExpenses": 40868000,
        "sellingGeneralAndAdministrativeExpenses": 1239038000,
        "otherExpenses": 0,
        "operatingExpenses": 1239038000,
        "costAndExpenses": 5530695000,
        "interestIncome": 0,
        "interestExpense": 60498000,
        "depreciationAndAmortization": 134362000,
        "ebitda": 419256000,
        "ebitdaratio": 0.0720673396,
        "operatingIncome": 286864000,
        "operatingIncomeRatio": 0.0493100285,
        "totalOtherIncomeExpensesNet": -62468000,
        "incomeBeforeTax": 224396000,
        "incomeBeforeTaxRatio": 0.0385721915,
        "incomeTaxExpense": 77417000,
        "netIncome": 146979000,
        "netIncomeRatio": 0.0252647201,
        "eps": 0.2,
        "epsdiluted": 0.2,
        "weightedAverageShsOut": 734895000,
        "weightedAverageShsOutDil": 734895000,
        "link": "https://www.sec.gov/Archives/edgar/data/791519/000110465909034971/0001104659-09-034971-index.html",
        "finalLink": "https://www.sec.gov/Archives/edgar/data/791519/000110465909034971/a09-12293_110q.htm"
    },
    {
        "date": "2009-01-31",
        "symbol": "SPLS",
        "reportedCurrency": "USD",
        "cik": "0000791519",
        "fillingDate": "2009-03-11",
        "acceptedDate": "2009-03-11 07:37:47",
        "calendarYear": "2008",
        "period": "Q4",
        "revenue": 6173568000,
        "costOfRevenue": 4513190000,
        "grossProfit": 1660378000,
        "grossProfitRatio": 0.2689494957,
        "researchAndDevelopmentExpenses": 0,
        "generalAndAdministrativeExpenses": 1180620000,
        "sellingAndMarketingExpenses": 64918000,
        "sellingGeneralAndAdministrativeExpenses": 1245538000,
        "otherExpenses": 0,
        "operatingExpenses": 1245538000,
        "costAndExpenses": 5758728000,
        "interestIncome": 0,
        "interestExpense": 61426000,
        "depreciationAndAmortization": 152321000,
        "ebitda": 565068000,
        "ebitdaratio": 0.091530214,
        "operatingIncome": 414840000,
        "operatingIncomeRatio": 0.0671961498,
        "totalOtherIncomeExpensesNet": -60421000,
        "incomeBeforeTax": 354419000,
        "incomeBeforeTaxRatio": 0.0574091028,
        "incomeTaxExpense": 65275000,
        "netIncome": 286046000,
        "netIncomeRatio": 0.0463339838,
        "eps": 0.41,
        "epsdiluted": 0.4,
        "weightedAverageShsOut": 700229565,
        "weightedAverageShsOutDil": 712623008,
        "link": "https://www.sec.gov/Archives/edgar/data/791519/000104746909002449/0001047469-09-002449-index.html",
        "finalLink": "https://www.sec.gov/Archives/edgar/data/791519/000104746909002449/a2191264z10-k.htm"
    },
    {
        "date": "2008-08-02",
        "symbol": "SPLS",
        "reportedCurrency": "USD",
        "cik": "0000791519",
        "fillingDate": "2008-09-03",
        "acceptedDate": "2008-09-03 07:29:31",
        "calendarYear": "2008",
        "period": "Q2",
        "revenue": 5074720000,
        "costOfRevenue": 3723218000,
        "grossProfit": 1351502000,
        "grossProfitRatio": 0.2663205064,
        "researchAndDevelopmentExpenses": 0,
        "generalAndAdministrativeExpenses": 2755522000,
        "sellingAndMarketingExpenses": -831929000,
        "sellingGeneralAndAdministrativeExpenses": 1923593000,
        "otherExpenses": -817507000,
        "operatingExpenses": 1106086000,
        "costAndExpenses": 4829304000,
        "interestIncome": 0,
        "interestExpense": 21190000,
        "depreciationAndAmortization": 119619000,
        "ebitda": 368742000,
        "ebitdaratio": 0.0726625311,
        "operatingIncome": 245416000,
        "operatingIncomeRatio": 0.0483605007,
        "totalOtherIncomeExpensesNet": -15501000,
        "incomeBeforeTax": 229915000,
        "incomeBeforeTaxRatio": 0.0453059479,
        "incomeTaxExpense": 77700000,
        "netIncome": 150233000,
        "netIncomeRatio": 0.0296041949,
        "eps": 0.22,
        "epsdiluted": 0.21,
        "weightedAverageShsOut": 697144230,
        "weightedAverageShsOutDil": 710813725,
        "link": "https://www.sec.gov/Archives/edgar/data/791519/000110465908056516/0001104659-08-056516-index.html",
        "finalLink": "https://www.sec.gov/Archives/edgar/data/791519/000110465908056516/a08-18751_110q.htm"
    },
    {
        "date": "2008-05-03",
        "symbol": "SPLS",
        "reportedCurrency": "USD",
        "cik": "0000791519",
        "fillingDate": "2008-05-20",
        "acceptedDate": "2008-05-20 07:22:06",
        "calendarYear": "2008",
        "period": "Q1",
        "revenue": 4884554000,
        "costOfRevenue": 3513632000,
        "grossProfit": 1370922000,
        "grossProfitRatio": 0.2806647239,
        "researchAndDevelopmentExpenses": 0,
        "generalAndAdministrativeExpenses": -619057000,
        "sellingAndMarketingExpenses": 831929000,
        "sellingGeneralAndAdministrativeExpenses": 212872000,
        "otherExpenses": 836085000,
        "operatingExpenses": 1048957000,
        "costAndExpenses": 4562589000,
        "interestIncome": 0,
        "interestExpense": 7256000,
        "depreciationAndAmortization": 105287000,
        "ebitda": 439069000,
        "ebitdaratio": 0.0898892714,
        "operatingIncome": 321965000,
        "operatingIncomeRatio": 0.0659149228,
        "totalOtherIncomeExpensesNet": 4447000,
        "incomeBeforeTax": 326412000,
        "incomeBeforeTaxRatio": 0.0668253437,
        "incomeTaxExpense": 114244000,
        "netIncome": 212282000,
        "netIncomeRatio": 0.0434598532,
        "eps": 0.31,
        "epsdiluted": 0.3,
        "weightedAverageShsOut": 684780645,
        "weightedAverageShsOutDil": 707606666,
        "link": "https://www.sec.gov/Archives/edgar/data/791519/000110465908034470/0001104659-08-034470-index.html",
        "finalLink": "https://www.sec.gov/Archives/edgar/data/791519/000110465908034470/a08-11371_110q.htm"
    },
    {
        "date": "2008-02-02",
        "symbol": "SPLS",
        "reportedCurrency": "USD",
        "cik": "0000791519",
        "fillingDate": "2008-03-04",
        "acceptedDate": "2008-03-04 07:23:35",
        "calendarYear": "2007",
        "period": "Q4",
        "revenue": 5550671000,
        "costOfRevenue": 0,
        "grossProfit": 5550671000,
        "grossProfitRatio": 1,
        "researchAndDevelopmentExpenses": 0,
        "generalAndAdministrativeExpenses": -2276790000,
        "sellingAndMarketingExpenses": 3131774000,
        "sellingGeneralAndAdministrativeExpenses": 854984000,
        "otherExpenses": 3147438000,
        "operatingExpenses": 4002422000,
        "costAndExpenses": 4002422000,
        "interestIncome": 0,
        "interestExpense": 38335000,
        "depreciationAndAmortization": 102955000,
        "ebitda": 1696574000,
        "ebitdaratio": 0.3056520554,
        "operatingIncome": 1548249000,
        "operatingIncomeRatio": 0.2789300609,
        "totalOtherIncomeExpensesNet": 6233000,
        "incomeBeforeTax": 1554482000,
        "incomeBeforeTaxRatio": 0.2800529882,
        "incomeTaxExpense": 559614000,
        "netIncome": 995670000,
        "netIncomeRatio": 0.179378313,
        "eps": 1.41,
        "epsdiluted": 1.38,
        "weightedAverageShsOut": 706148936,
        "weightedAverageShsOutDil": 721500000,
        "link": "https://www.sec.gov/Archives/edgar/data/791519/000104746908002179/0001047469-08-002179-index.htm",
        "finalLink": "https://www.sec.gov/Archives/edgar/data/791519/000104746908002179/a2183194z10-k.htm"
    },
    {
        "date": "2007-11-03",
        "symbol": "SPLS",
        "reportedCurrency": "USD",
        "cik": "0000791519",
        "fillingDate": "2007-11-27",
        "acceptedDate": "2007-11-27 07:34:26",
        "calendarYear": "2007",
        "period": "Q3",
        "revenue": 5168351000,
        "costOfRevenue": 3662677000,
        "grossProfit": 1505674000,
        "grossProfitRatio": 0.291325802,
        "researchAndDevelopmentExpenses": 0,
        "generalAndAdministrativeExpenses": -574808000,
        "sellingAndMarketingExpenses": 823903000,
        "sellingGeneralAndAdministrativeExpenses": 249095000,
        "otherExpenses": 828274000,
        "operatingExpenses": 1077369000,
        "costAndExpenses": 4740046000,
        "interestIncome": 0,
        "interestExpense": 8467000,
        "depreciationAndAmortization": 99305000,
        "ebitda": 536575000,
        "ebitdaratio": 0.1038193807,
        "operatingIncome": 428305000,
        "operatingIncomeRatio": 0.0828707261,
        "totalOtherIncomeExpensesNet": 264000,
        "incomeBeforeTax": 428569000,
        "incomeBeforeTaxRatio": 0.0829218062,
        "incomeTaxExpense": 154285000,
        "netIncome": 274518000,
        "netIncomeRatio": 0.0531152006,
        "eps": 0.39,
        "epsdiluted": 0.38,
        "weightedAverageShsOut": 704775531,
        "weightedAverageShsOutDil": 720096739,
        "link": "https://www.sec.gov/Archives/edgar/data/791519/000110465907085151/0001104659-07-085151-index.html",
        "finalLink": "https://www.sec.gov/Archives/edgar/data/791519/000110465907085151/a07-25624_110q.htm"
    },
    {
        "date": "2007-08-04",
        "symbol": "SPLS",
        "reportedCurrency": "USD",
        "cik": "0000791519",
        "fillingDate": "2007-08-21",
        "acceptedDate": "2007-08-21 07:54:39",
        "calendarYear": "2007",
        "period": "Q2",
        "revenue": 4290424000,
        "costOfRevenue": 3080057000,
        "grossProfit": 1210367000,
        "grossProfitRatio": 0.2821089477,
        "researchAndDevelopmentExpenses": 0,
        "generalAndAdministrativeExpenses": -521216000,
        "sellingAndMarketingExpenses": 723616000,
        "sellingGeneralAndAdministrativeExpenses": 202400000,
        "otherExpenses": 727493000,
        "operatingExpenses": 929893000,
        "costAndExpenses": 4009950000,
        "interestIncome": 0,
        "interestExpense": 11065000,
        "depreciationAndAmortization": 93075000,
        "ebitda": 383461000,
        "ebitdaratio": 0.0893760151,
        "operatingIncome": 280474000,
        "operatingIncomeRatio": 0.0653720938,
        "totalOtherIncomeExpensesNet": -1327000,
        "incomeBeforeTax": 279147000,
        "incomeBeforeTaxRatio": 0.0650628003,
        "incomeTaxExpense": 100493000,
        "netIncome": 178828000,
        "netIncomeRatio": 0.041680729,
        "eps": 0.25,
        "epsdiluted": 0.24,
        "weightedAverageShsOut": 705401818,
        "weightedAverageShsOutDil": 732020754,
        "link": "https://www.sec.gov/Archives/edgar/data/791519/000110465907063831/0001104659-07-063831-index.html",
        "finalLink": "https://www.sec.gov/Archives/edgar/data/791519/000110465907063831/a07-18936_110q.htm"
    },
    {
        "date": "2007-05-05",
        "symbol": "SPLS",
        "reportedCurrency": "USD",
        "cik": "0000791519",
        "fillingDate": "2007-05-22",
        "acceptedDate": "2007-05-22 07:42:12",
        "calendarYear": "2007",
        "period": "Q1",
        "revenue": 4589465000,
        "costOfRevenue": 3304526000,
        "grossProfit": 1284939000,
        "grossProfitRatio": 0.2799757706,
        "researchAndDevelopmentExpenses": 0,
        "generalAndAdministrativeExpenses": -560533000,
        "sellingAndMarketingExpenses": 759714000,
        "sellingGeneralAndAdministrativeExpenses": 199181000,
        "otherExpenses": 763147000,
        "operatingExpenses": 962328000,
        "costAndExpenses": 4266854000,
        "interestIncome": 0,
        "interestExpense": 11135000,
        "depreciationAndAmortization": 93560000,
        "ebitda": 431353000,
        "ebitdaratio": 0.0939876434,
        "operatingIncome": 322611000,
        "operatingIncomeRatio": 0.0702938142,
        "totalOtherIncomeExpensesNet": 3819000,
        "incomeBeforeTax": 326430000,
        "incomeBeforeTaxRatio": 0.0711259373,
        "incomeTaxExpense": 117515000,
        "netIncome": 209143000,
        "netIncomeRatio": 0.0455702353,
        "eps": 0.29,
        "epsdiluted": 0.29,
        "weightedAverageShsOut": 721182758,
        "weightedAverageShsOutDil": 721182758,
        "link": "https://www.sec.gov/Archives/edgar/data/791519/000110465907041947/0001104659-07-041947-index.html",
        "finalLink": "https://www.sec.gov/Archives/edgar/data/791519/000110465907041947/a07-10907_110q.htm"
    },
    {
        "date": "2007-02-03",
        "symbol": "SPLS",
        "reportedCurrency": "USD",
        "cik": "0000791519",
        "fillingDate": "2007-03-01",
        "acceptedDate": "2007-03-01 07:34:12",
        "calendarYear": "2006",
        "period": "Q4",
        "revenue": 5285919000,
        "costOfRevenue": 3739977000,
        "grossProfit": 1545942000,
        "grossProfitRatio": 0.2924641865,
        "researchAndDevelopmentExpenses": 0,
        "generalAndAdministrativeExpenses": -596172000,
        "sellingAndMarketingExpenses": 807327000,
        "sellingGeneralAndAdministrativeExpenses": 211155000,
        "otherExpenses": 812075000,
        "operatingExpenses": 1023230000,
        "costAndExpenses": 4763207000,
        "interestIncome": 0,
        "interestExpense": 11132000,
        "depreciationAndAmortization": 91467000,
        "ebitda": 628327000,
        "ebitdaratio": 0.1188680719,
        "operatingIncome": 522712000,
        "operatingIncomeRatio": 0.0988876296,
        "totalOtherIncomeExpensesNet": 2929000,
        "incomeBeforeTax": 525641000,
        "incomeBeforeTaxRatio": 0.0994417432,
        "incomeTaxExpense": 189230000,
        "netIncome": 336498000,
        "netIncomeRatio": 0.0636593183,
        "eps": 0.47,
        "epsdiluted": 0.46,
        "weightedAverageShsOut": 721242222,
        "weightedAverageShsOutDil": 737634090,
        "link": "https://www.sec.gov/Archives/edgar/data/791519/000110465907015194/0001104659-07-015194-index.htm",
        "finalLink": "https://www.sec.gov/Archives/edgar/data/791519/000110465907015194/a07-5769_110k.htm"
    },
    {
        "date": "2006-10-28",
        "symbol": "SPLS",
        "reportedCurrency": "USD",
        "cik": "0000791519",
        "fillingDate": "2006-11-14",
        "acceptedDate": "2006-11-14 07:20:17",
        "calendarYear": "2006",
        "period": "Q3",
        "revenue": 4756550000,
        "costOfRevenue": 3394092000,
        "grossProfit": 1362458000,
        "grossProfitRatio": 0.2864382798,
        "researchAndDevelopmentExpenses": 0,
        "generalAndAdministrativeExpenses": -558724000,
        "sellingAndMarketingExpenses": 757790000,
        "sellingGeneralAndAdministrativeExpenses": 199066000,
        "otherExpenses": 761211000,
        "operatingExpenses": 960277000,
        "costAndExpenses": 4354369000,
        "interestIncome": 0,
        "interestExpense": 10933000,
        "depreciationAndAmortization": 85337000,
        "ebitda": 499753000,
        "ebitdaratio": 0.105066277,
        "operatingIncome": 402181000,
        "operatingIncomeRatio": 0.0845530899,
        "totalOtherIncomeExpensesNet": 1321000,
        "incomeBeforeTax": 403502000,
        "incomeBeforeTaxRatio": 0.0848308122,
        "incomeTaxExpense": 113555000,
        "netIncome": 289928000,
        "netIncomeRatio": 0.0609534221,
        "eps": 0.4,
        "epsdiluted": 0.39,
        "weightedAverageShsOut": 724067045,
        "weightedAverageShsOutDil": 740905813,
        "link": "https://www.sec.gov/Archives/edgar/data/791519/000110465906074665/0001104659-06-074665-index.htm",
        "finalLink": "https://www.sec.gov/Archives/edgar/data/791519/000110465906074665/a06-21772_110q.htm"
    },
    {
        "date": "2006-07-29",
        "symbol": "SPLS",
        "reportedCurrency": "USD",
        "cik": "0000791519",
        "fillingDate": "2006-08-15",
        "acceptedDate": "2006-08-15 07:09:33",
        "calendarYear": "2006",
        "period": "Q2",
        "revenue": 3880674000,
        "costOfRevenue": 2784070000,
        "grossProfit": 1096604000,
        "grossProfitRatio": 0.2825808094,
        "researchAndDevelopmentExpenses": 0,
        "generalAndAdministrativeExpenses": -488651000,
        "sellingAndMarketingExpenses": 664975000,
        "sellingGeneralAndAdministrativeExpenses": 176324000,
        "otherExpenses": 668018000,
        "operatingExpenses": 844342000,
        "costAndExpenses": 3628412000,
        "interestIncome": 0,
        "interestExpense": 11089000,
        "depreciationAndAmortization": 82791000,
        "ebitda": 345719000,
        "ebitdaratio": 0.0890873596,
        "operatingIncome": 252262000,
        "operatingIncomeRatio": 0.0650046873,
        "totalOtherIncomeExpensesNet": -424000,
        "incomeBeforeTax": 251838000,
        "incomeBeforeTaxRatio": 0.064895428,
        "incomeTaxExpense": 90662000,
        "netIncome": 161177000,
        "netIncomeRatio": 0.0415332491,
        "eps": 0.22,
        "epsdiluted": 0.22,
        "weightedAverageShsOut": 723439583,
        "weightedAverageShsOutDil": 738831914,
        "link": "https://www.sec.gov/Archives/edgar/data/791519/000110465906054965/0001104659-06-054965-index.htm",
        "finalLink": "https://www.sec.gov/Archives/edgar/data/791519/000110465906054965/a06-15438_110q.htm"
    },
    {
        "date": "2006-04-29",
        "symbol": "SPLS",
        "reportedCurrency": "USD",
        "cik": "0000791519",
        "fillingDate": "2006-05-16",
        "acceptedDate": "2006-05-16 07:40:52",
        "calendarYear": "2006",
        "period": "Q1",
        "revenue": 4237646000,
        "costOfRevenue": 3048649000,
        "grossProfit": 1188997000,
        "grossProfitRatio": 0.2805795954,
        "researchAndDevelopmentExpenses": 0,
        "generalAndAdministrativeExpenses": -532434000,
        "sellingAndMarketingExpenses": 716157000,
        "sellingGeneralAndAdministrativeExpenses": 183723000,
        "otherExpenses": 719360000,
        "operatingExpenses": 903083000,
        "costAndExpenses": 3951732000,
        "interestIncome": 0,
        "interestExpense": 14656000,
        "depreciationAndAmortization": 79704000,
        "ebitda": 384959000,
        "ebitdaratio": 0.0908426518,
        "operatingIncome": 285914000,
        "operatingIncomeRatio": 0.0674700058,
        "totalOtherIncomeExpensesNet": 4433000,
        "incomeBeforeTax": 290347000,
        "incomeBeforeTaxRatio": 0.0685161054,
        "incomeTaxExpense": 104525000,
        "netIncome": 186074000,
        "netIncomeRatio": 0.0439097556,
        "eps": 0.26,
        "epsdiluted": 0.25,
        "weightedAverageShsOut": 715669230,
        "weightedAverageShsOutDil": 744296000,
        "link": "https://www.sec.gov/Archives/edgar/data/791519/000110465906035265/0001104659-06-035265-index.htm",
        "finalLink": "https://www.sec.gov/Archives/edgar/data/791519/000110465906035265/a06-9545_110q.htm"
    },
    {
        "date": "2006-01-28",
        "symbol": "SPLS",
        "reportedCurrency": "USD",
        "cik": "0000791519",
        "fillingDate": "2006-02-28",
        "acceptedDate": "2006-02-28 07:40:15",
        "calendarYear": "2005",
        "period": "Q4",
        "revenue": 4462317000,
        "costOfRevenue": 3150838000,
        "grossProfit": 1311479000,
        "grossProfitRatio": 0.2939009039,
        "researchAndDevelopmentExpenses": 0,
        "generalAndAdministrativeExpenses": -514365000,
        "sellingAndMarketingExpenses": 683830000,
        "sellingGeneralAndAdministrativeExpenses": 169465000,
        "otherExpenses": 686817000,
        "operatingExpenses": 856282000,
        "costAndExpenses": 4007120000,
        "interestIncome": 0,
        "interestExpense": 16818000,
        "depreciationAndAmortization": 80471000,
        "ebitda": 553980000,
        "ebitdaratio": 0.1241462675,
        "operatingIncome": 455197000,
        "operatingIncomeRatio": 0.1020091132,
        "totalOtherIncomeExpensesNet": 1541000,
        "incomeBeforeTax": 456738000,
        "incomeBeforeTaxRatio": 0.1023544495,
        "incomeTaxExpense": 166709000,
        "netIncome": 289982000,
        "netIncomeRatio": 0.0649846257,
        "eps": 0.4,
        "epsdiluted": 0.39,
        "weightedAverageShsOut": 731937719,
        "weightedAverageShsOutDil": 745008035,
        "link": "https://www.sec.gov/Archives/edgar/data/791519/000110465906012377/0001104659-06-012377-index.htm",
        "finalLink": "https://www.sec.gov/Archives/edgar/data/791519/000110465906012377/a06-2414_110k.htm"
    },
    {
        "date": "2005-10-29",
        "symbol": "SPLS",
        "reportedCurrency": "USD",
        "cik": "0000791519",
        "fillingDate": "2005-11-15",
        "acceptedDate": "2005-11-15 07:23:05",
        "calendarYear": "2005",
        "period": "Q3",
        "revenue": 4245519000,
        "costOfRevenue": 3024061000,
        "grossProfit": 1221458000,
        "grossProfitRatio": 0.2877052252,
        "researchAndDevelopmentExpenses": 0,
        "generalAndAdministrativeExpenses": -531232000,
        "sellingAndMarketingExpenses": 687494000,
        "sellingGeneralAndAdministrativeExpenses": 156262000,
        "otherExpenses": 690672000,
        "operatingExpenses": 846934000,
        "costAndExpenses": 3870995000,
        "interestIncome": 0,
        "interestExpense": 14916000,
        "depreciationAndAmortization": 74254000,
        "ebitda": 463726000,
        "ebitdaratio": 0.109227164,
        "operatingIncome": 374524000,
        "operatingIncomeRatio": 0.0882163052,
        "totalOtherIncomeExpensesNet": 85000,
        "incomeBeforeTax": 374609000,
        "incomeBeforeTaxRatio": 0.0882363263,
        "incomeTaxExpense": 136733000,
        "netIncome": 237823000,
        "netIncomeRatio": 0.0560174151,
        "eps": 0.32,
        "epsdiluted": 0.32,
        "weightedAverageShsOut": 735712162,
        "weightedAverageShsOutDil": 745790410,
        "link": "https://www.sec.gov/Archives/edgar/data/791519/000110465905055712/0001104659-05-055712-index.htm",
        "finalLink": "https://www.sec.gov/Archives/edgar/data/791519/000110465905055712/a05-18276_110q.htm"
    },
    {
        "date": "2005-07-30",
        "symbol": "SPLS",
        "reportedCurrency": "USD",
        "cik": "0000791519",
        "fillingDate": "2005-08-16",
        "acceptedDate": "2005-08-16 07:19:39",
        "calendarYear": "2005",
        "period": "Q2",
        "revenue": 3471964000,
        "costOfRevenue": 2481891000,
        "grossProfit": 990073000,
        "grossProfitRatio": 0.2851622309,
        "researchAndDevelopmentExpenses": 0,
        "generalAndAdministrativeExpenses": -448271000,
        "sellingAndMarketingExpenses": 601095000,
        "sellingGeneralAndAdministrativeExpenses": 152824000,
        "otherExpenses": 604536000,
        "operatingExpenses": 757360000,
        "costAndExpenses": 3239251000,
        "interestIncome": 0,
        "interestExpense": 15051000,
        "depreciationAndAmortization": 75990000,
        "ebitda": 322886000,
        "ebitdaratio": 0.0929980841,
        "operatingIncome": 232713000,
        "operatingIncomeRatio": 0.0670263286,
        "totalOtherIncomeExpensesNet": -748000,
        "incomeBeforeTax": 231965000,
        "incomeBeforeTaxRatio": 0.0668108886,
        "incomeTaxExpense": 84667000,
        "netIncome": 147178000,
        "netIncomeRatio": 0.0423904165,
        "eps": 0.2,
        "epsdiluted": 0.2,
        "weightedAverageShsOut": 730009523,
        "weightedAverageShsOutDil": 747814634,
        "link": "https://www.sec.gov/Archives/edgar/data/791519/000110465905039777/0001104659-05-039777-index.htm",
        "finalLink": "https://www.sec.gov/Archives/edgar/data/791519/000110465905039777/a05-12977_110q.htm"
    },
    {
        "date": "2005-04-30",
        "symbol": "SPLS",
        "reportedCurrency": "USD",
        "cik": "0000791519",
        "fillingDate": "2005-05-17",
        "acceptedDate": "2005-05-17 07:25:34",
        "calendarYear": "2005",
        "period": "Q1",
        "revenue": 3899052000,
        "costOfRevenue": 2836520000,
        "grossProfit": 1062532000,
        "grossProfitRatio": 0.2725103435,
        "researchAndDevelopmentExpenses": 0,
        "generalAndAdministrativeExpenses": -482794000,
        "sellingAndMarketingExpenses": 645539000,
        "sellingGeneralAndAdministrativeExpenses": 162745000,
        "otherExpenses": 648941000,
        "operatingExpenses": 811686000,
        "costAndExpenses": 3648206000,
        "interestIncome": 0,
        "interestExpense": 9988000,
        "depreciationAndAmortization": 73185000,
        "ebitda": 334282000,
        "ebitdaratio": 0.0857341733,
        "operatingIncome": 250846000,
        "operatingIncomeRatio": 0.0643351256,
        "totalOtherIncomeExpensesNet": 341000,
        "incomeBeforeTax": 251187000,
        "incomeBeforeTaxRatio": 0.0644225827,
        "incomeTaxExpense": 91683000,
        "netIncome": 159426000,
        "netIncomeRatio": 0.0408884006,
        "eps": 0.22,
        "epsdiluted": 0.21,
        "weightedAverageShsOut": 724663636,
        "weightedAverageShsOutDil": 759171428,
        "link": "https://www.sec.gov/Archives/edgar/data/791519/000110465905023976/0001104659-05-023976-index.htm",
        "finalLink": "https://www.sec.gov/Archives/edgar/data/791519/000110465905023976/a05-8415_110q.htm"
    },
    {
        "date": "2005-01-29",
        "symbol": "SPLS",
        "reportedCurrency": "USD",
        "cik": "0000791519",
        "fillingDate": "2005-02-24",
        "acceptedDate": "2005-02-24 07:33:39",
        "calendarYear": "2004",
        "period": "Q4",
        "revenue": 4076505000,
        "costOfRevenue": 2874296000,
        "grossProfit": 1202209000,
        "grossProfitRatio": 0.2949116952,
        "researchAndDevelopmentExpenses": 0,
        "generalAndAdministrativeExpenses": -452148000,
        "sellingAndMarketingExpenses": 625982000,
        "sellingGeneralAndAdministrativeExpenses": 173834000,
        "otherExpenses": 632490000,
        "operatingExpenses": 806324000,
        "costAndExpenses": 3680620000,
        "interestIncome": 0,
        "interestExpense": 11911000,
        "depreciationAndAmortization": 72464000,
        "ebitda": 480161000,
        "ebitdaratio": 0.1177874184,
        "operatingIncome": 395885000,
        "operatingIncomeRatio": 0.0971138267,
        "totalOtherIncomeExpensesNet": -99000,
        "incomeBeforeTax": 395786000,
        "incomeBeforeTaxRatio": 0.0970895412,
        "incomeTaxExpense": 144462000,
        "netIncome": 251324000,
        "netIncomeRatio": 0.0616518317,
        "eps": 0.51,
        "epsdiluted": 0.5,
        "weightedAverageShsOut": 495376223,
        "weightedAverageShsOutDil": 505991428,
        "link": "https://www.sec.gov/Archives/edgar/data/791519/000104746905004527/0001047469-05-004527-index.htm",
        "finalLink": "https://www.sec.gov/Archives/edgar/data/791519/000104746905004527/a2152243z10-k.htm"
    },
    {
        "date": "2004-10-30",
        "symbol": "SPLS",
        "reportedCurrency": "USD",
        "cik": "0000791519",
        "fillingDate": "2004-11-16",
        "acceptedDate": "2004-11-16 07:27:50",
        "calendarYear": "2004",
        "period": "Q3",
        "revenue": 3830466000,
        "costOfRevenue": 2734250000,
        "grossProfit": 1096216000,
        "grossProfitRatio": 0.2861834565,
        "researchAndDevelopmentExpenses": 0,
        "generalAndAdministrativeExpenses": -451756000,
        "sellingAndMarketingExpenses": 605503000,
        "sellingGeneralAndAdministrativeExpenses": 153747000,
        "otherExpenses": 603343000,
        "operatingExpenses": 757090000,
        "costAndExpenses": 3491340000,
        "interestIncome": 0,
        "interestExpense": 35357000,
        "depreciationAndAmortization": 69981000,
        "ebitda": 434262000,
        "ebitdaratio": 0.1133705403,
        "operatingIncome": 339126000,
        "operatingIncomeRatio": 0.0885338755,
        "totalOtherIncomeExpensesNet": -10202000,
        "incomeBeforeTax": 328924000,
        "incomeBeforeTaxRatio": 0.085870492,
        "incomeTaxExpense": 120057000,
        "netIncome": 208867000,
        "netIncomeRatio": 0.0545278303,
        "eps": 0.42,
        "epsdiluted": 0.41,
        "weightedAverageShsOut": 496808695,
        "weightedAverageShsOutDil": 507848888,
        "link": "https://www.sec.gov/Archives/edgar/data/791519/000110465904036261/0001104659-04-036261-index.htm",
        "finalLink": "https://www.sec.gov/Archives/edgar/data/791519/000110465904036261/a04-13625_110q.htm"
    },
    {
        "date": "2004-05-01",
        "symbol": "SPLS",
        "reportedCurrency": "USD",
        "cik": "0000791519",
        "fillingDate": "2004-08-17",
        "acceptedDate": "2004-08-17 07:32:58",
        "calendarYear": "2004",
        "period": "Q1",
        "revenue": 3452155000,
        "costOfRevenue": 2516530000,
        "grossProfit": 935625000,
        "grossProfitRatio": 0.2710263589,
        "researchAndDevelopmentExpenses": 0,
        "generalAndAdministrativeExpenses": -441155000,
        "sellingAndMarketingExpenses": 585597000,
        "sellingGeneralAndAdministrativeExpenses": 144442000,
        "otherExpenses": 593181000,
        "operatingExpenses": 737623000,
        "costAndExpenses": 3254153000,
        "interestIncome": 0,
        "interestExpense": -3912000,
        "depreciationAndAmortization": 67639000,
        "ebitda": 261729000,
        "ebitdaratio": 0.0758161207,
        "operatingIncome": 198002000,
        "operatingIncomeRatio": 0.0573560573,
        "totalOtherIncomeExpensesNet": 0,
        "incomeBeforeTax": 198002000,
        "incomeBeforeTaxRatio": 0.0573560573,
        "incomeTaxExpense": 72271000,
        "netIncome": 125731000,
        "netIncomeRatio": 0.0364210182,
        "eps": 0.25,
        "epsdiluted": 0.25,
        "weightedAverageShsOut": 502924000,
        "weightedAverageShsOutDil": 502924000,
        "link": "https://www.sec.gov/Archives/edgar/data/791519/000110465904024764/0001104659-04-024764-index.htm",
        "finalLink": "https://www.sec.gov/Archives/edgar/data/791519/000110465904024764/a04-9621_110q.htm"
    },
    {
        "date": "2004-01-31",
        "symbol": "SPLS",
        "reportedCurrency": "USD",
        "cik": "0000791519",
        "fillingDate": "2004-03-04",
        "acceptedDate": "2004-03-04 07:39:01",
        "calendarYear": "2003",
        "period": "Q4",
        "revenue": 3681154000,
        "costOfRevenue": 2576595000,
        "grossProfit": 1104559000,
        "grossProfitRatio": 0.300057808,
        "researchAndDevelopmentExpenses": 0,
        "generalAndAdministrativeExpenses": -474420000,
        "sellingAndMarketingExpenses": 616225000,
        "sellingGeneralAndAdministrativeExpenses": 141805000,
        "otherExpenses": 626424000,
        "operatingExpenses": 768229000,
        "costAndExpenses": 3344824000,
        "interestIncome": 0,
        "interestExpense": 15679000,
        "depreciationAndAmortization": 70062000,
        "ebitda": 422071000,
        "ebitdaratio": 0.1146572515,
        "operatingIncome": 336330000,
        "operatingIncomeRatio": 0.0913653708,
        "totalOtherIncomeExpensesNet": 0,
        "incomeBeforeTax": 336330000,
        "incomeBeforeTaxRatio": 0.0913653708,
        "incomeTaxExpense": 124442000,
        "netIncome": 211888000,
        "netIncomeRatio": 0.0575602107,
        "eps": 0.44,
        "epsdiluted": 0.44,
        "weightedAverageShsOut": 485357425,
        "weightedAverageShsOutDil": 485357425,
        "link": "https://www.sec.gov/Archives/edgar/data/791519/000104746904006464/0001047469-04-006464-index.htm",
        "finalLink": "https://www.sec.gov/Archives/edgar/data/791519/000104746904006464/a2129839z10-k.htm"
    },
    {
        "date": "2003-08-02",
        "symbol": "SPLS",
        "reportedCurrency": "USD",
        "cik": "0000791519",
        "fillingDate": "2003-08-19",
        "acceptedDate": "2003-08-19 11:48:28",
        "calendarYear": "2003",
        "period": "Q2",
        "revenue": 2868526000,
        "costOfRevenue": 2081487000,
        "grossProfit": 787039000,
        "grossProfitRatio": 0.2743705304,
        "researchAndDevelopmentExpenses": 0,
        "generalAndAdministrativeExpenses": -387729000,
        "sellingAndMarketingExpenses": 513089000,
        "sellingGeneralAndAdministrativeExpenses": 125360000,
        "otherExpenses": 522326000,
        "operatingExpenses": 647686000,
        "costAndExpenses": 2729173000,
        "interestIncome": 0,
        "interestExpense": -4885000,
        "depreciationAndAmortization": -70798000,
        "ebitda": 63670000,
        "ebitdaratio": 0.0221960686,
        "operatingIncome": 139353000,
        "operatingIncomeRatio": 0.0485800024,
        "totalOtherIncomeExpensesNet": 0,
        "incomeBeforeTax": 139353000,
        "incomeBeforeTaxRatio": 0.0485800024,
        "incomeTaxExpense": 51561000,
        "netIncome": 87792000,
        "netIncomeRatio": 0.0306052656,
        "eps": 0.19,
        "epsdiluted": 0.19,
        "weightedAverageShsOut": 468950000,
        "weightedAverageShsOutDil": 468950000,
        "link": "https://www.sec.gov/Archives/edgar/data/791519/000110465903019130/0001104659-03-019130-index.htm",
        "finalLink": "https://www.sec.gov/Archives/edgar/data/791519/000110465903019130/a03-2811_110q.htm"
    },
    {
        "date": "2003-05-03",
        "symbol": "SPLS",
        "reportedCurrency": "USD",
        "cik": "0000791519",
        "fillingDate": "2003-05-20",
        "acceptedDate": "2003-05-20 15:17:22",
        "calendarYear": "2003",
        "period": "Q1",
        "revenue": 3146757000,
        "costOfRevenue": 2403924000,
        "grossProfit": 742833000,
        "grossProfitRatio": 0.2360630325,
        "researchAndDevelopmentExpenses": 0,
        "generalAndAdministrativeExpenses": -440406000,
        "sellingAndMarketingExpenses": 566912000,
        "sellingGeneralAndAdministrativeExpenses": 126506000,
        "otherExpenses": 577032000,
        "operatingExpenses": 703538000,
        "costAndExpenses": 3107462000,
        "interestIncome": 0,
        "interestExpense": -6940000,
        "depreciationAndAmortization": 70798000,
        "ebitda": 103153000,
        "ebitdaratio": 0.0327807327,
        "operatingIncome": 39295000,
        "operatingIncomeRatio": 0.0124874593,
        "totalOtherIncomeExpensesNet": 0,
        "incomeBeforeTax": 39295000,
        "incomeBeforeTaxRatio": 0.0124874593,
        "incomeTaxExpense": 14539000,
        "netIncome": 24756000,
        "netIncomeRatio": 0.007867147,
        "eps": 0.05,
        "epsdiluted": 0.05,
        "weightedAverageShsOut": 495120000,
        "weightedAverageShsOutDil": 495120000,
        "link": "https://www.sec.gov/Archives/edgar/data/791519/000104746903019309/0001047469-03-019309-index.htm",
        "finalLink": "https://www.sec.gov/Archives/edgar/data/791519/000104746903019309/a2111641z10-q.htm"
    },
    {
        "date": "2003-02-01",
        "symbol": "SPLS",
        "reportedCurrency": "USD",
        "cik": "0000791519",
        "fillingDate": "2003-03-05",
        "acceptedDate": "2003-03-04 21:22:11",
        "calendarYear": "2002",
        "period": "Q4",
        "revenue": 11596075000,
        "costOfRevenue": 8652593000,
        "grossProfit": 2943482000,
        "grossProfitRatio": 0.2538343362,
        "researchAndDevelopmentExpenses": 0,
        "generalAndAdministrativeExpenses": -349294000,
        "sellingAndMarketingExpenses": 478007000,
        "sellingGeneralAndAdministrativeExpenses": 128713000,
        "otherExpenses": 492713000,
        "operatingExpenses": 621426000,
        "costAndExpenses": 9274019000,
        "interestIncome": 0,
        "interestExpense": -10450000,
        "depreciationAndAmortization": 72112000,
        "ebitda": 323024000,
        "ebitdaratio": 0.0278563221,
        "operatingIncome": 261362000,
        "operatingIncomeRatio": 0.0225388332,
        "totalOtherIncomeExpensesNet": 0,
        "incomeBeforeTax": 261362000,
        "incomeBeforeTaxRatio": 0.0225388332,
        "incomeTaxExpense": 96704000,
        "netIncome": 164658000,
        "netIncomeRatio": 0.0141994597,
        "eps": 0.35,
        "epsdiluted": 0.35,
        "weightedAverageShsOut": 464687500,
        "weightedAverageShsOutDil": 464687500,
        "link": "https://www.sec.gov/Archives/edgar/data/791519/000104746903007679/0001047469-03-007679-index.htm",
        "finalLink": "https://www.sec.gov/Archives/edgar/data/791519/000104746903007679/a2104492z10-k.htm"
    },
    {
        "date": "2002-11-02",
        "symbol": "SPLS",
        "reportedCurrency": "USD",
        "cik": "0000791519",
        "fillingDate": "2002-11-19",
        "acceptedDate": "2002-11-19 17:11:46",
        "calendarYear": "2002",
        "period": "Q3",
        "revenue": 2060694000,
        "costOfRevenue": 0,
        "grossProfit": 2060694000,
        "grossProfitRatio": 1,
        "researchAndDevelopmentExpenses": 0,
        "generalAndAdministrativeExpenses": -991633000,
        "sellingAndMarketingExpenses": 1317421000,
        "sellingGeneralAndAdministrativeExpenses": 325788000,
        "otherExpenses": 1334205000,
        "operatingExpenses": 1659993000,
        "costAndExpenses": 1659993000,
        "interestIncome": 0,
        "interestExpense": -10159000,
        "depreciationAndAmortization": 66771000,
        "ebitda": 457313000,
        "ebitdaratio": 0.221921838,
        "operatingIncome": 400701000,
        "operatingIncomeRatio": 0.1944495398,
        "totalOtherIncomeExpensesNet": 0,
        "incomeBeforeTax": 400701000,
        "incomeBeforeTaxRatio": 0.1944495398,
        "incomeTaxExpense": 119259000,
        "netIncome": 281442000,
        "netIncomeRatio": 0.1365763185,
        "eps": 0.6,
        "epsdiluted": 0.6,
        "weightedAverageShsOut": 469070000,
        "weightedAverageShsOutDil": 469070000,
        "link": "https://www.sec.gov/Archives/edgar/data/791519/000104746902003624/0001047469-02-003624-index.htm",
        "finalLink": "https://www.sec.gov/Archives/edgar/data/791519/000104746902003624/a2094219z10-q.htm"
    },
    {
        "date": "2002-08-03",
        "symbol": "SPLS",
        "reportedCurrency": "USD",
        "cik": "0000791519",
        "fillingDate": "2002-09-13",
        "acceptedDate": "2002-09-13 14:11:20",
        "calendarYear": "2002",
        "period": "Q2",
        "revenue": 2426475000,
        "costOfRevenue": 1828513000,
        "grossProfit": 597962000,
        "grossProfitRatio": 0.2464323762,
        "researchAndDevelopmentExpenses": 0,
        "generalAndAdministrativeExpenses": -301308000,
        "sellingAndMarketingExpenses": 400006000,
        "sellingGeneralAndAdministrativeExpenses": 98698000,
        "otherExpenses": 404733000,
        "operatingExpenses": 503431000,
        "costAndExpenses": 2331944000,
        "interestIncome": 0,
        "interestExpense": -2381000,
        "depreciationAndAmortization": 65209000,
        "ebitda": 157359000,
        "ebitdaratio": 0.0648508639,
        "operatingIncome": 94531000,
        "operatingIncomeRatio": 0.0389581595,
        "totalOtherIncomeExpensesNet": 0,
        "incomeBeforeTax": 94531000,
        "incomeBeforeTaxRatio": 0.0389581595,
        "incomeTaxExpense": 34976000,
        "netIncome": 59555000,
        "netIncomeRatio": 0.0245438342,
        "eps": 0.13,
        "epsdiluted": 0.13,
        "weightedAverageShsOut": 458115384,
        "weightedAverageShsOutDil": 458115384,
        "link": "https://www.sec.gov/Archives/edgar/data/791519/000091205702035463/0000912057-02-035463-index.html",
        "finalLink": "https://www.sec.gov/Archives/edgar/data/791519/000091205702035463/a2088378z10-q.htm"
    },
    {
        "date": "2002-05-04",
        "symbol": "SPLS",
        "reportedCurrency": "USD",
        "cik": "0000791519",
        "fillingDate": "2002-05-28",
        "acceptedDate": "2002-05-28 17:23:18",
        "calendarYear": "2002",
        "period": "Q1",
        "revenue": 2744766000,
        "costOfRevenue": 2084848000,
        "grossProfit": 659918000,
        "grossProfitRatio": 0.2404277815,
        "researchAndDevelopmentExpenses": 0,
        "generalAndAdministrativeExpenses": -338526000,
        "sellingAndMarketingExpenses": 445610000,
        "sellingGeneralAndAdministrativeExpenses": 107084000,
        "otherExpenses": 449868000,
        "operatingExpenses": 556952000,
        "costAndExpenses": 2641800000,
        "interestIncome": 0,
        "interestExpense": -2372000,
        "depreciationAndAmortization": 63117000,
        "ebitda": 163711000,
        "ebitdaratio": 0.059644793,
        "operatingIncome": 102966000,
        "operatingIncomeRatio": 0.0375135804,
        "totalOtherIncomeExpensesNet": 0,
        "incomeBeforeTax": 102966000,
        "incomeBeforeTaxRatio": 0.0375135804,
        "incomeTaxExpense": 9097000,
        "netIncome": 93869000,
        "netIncomeRatio": 0.0341992724,
        "eps": 0.2,
        "epsdiluted": 0.2,
        "weightedAverageShsOut": 469345000,
        "weightedAverageShsOutDil": 469345000,
        "link": "https://www.sec.gov/Archives/edgar/data/791519/000091205702022108/0000912057-02-022108-index.htm",
        "finalLink": "https://www.sec.gov/Archives/edgar/data/791519/000091205702022108/a2080829z10-q.htm"
    },
    {
        "date": "2002-02-02",
        "symbol": "SPLS",
        "reportedCurrency": "USD",
        "cik": "0000791519",
        "fillingDate": "2002-04-04",
        "acceptedDate": "2002-04-04 00:00:00",
        "calendarYear": "2001",
        "period": "Q4",
        "revenue": 7910512000,
        "costOfRevenue": 6027156000,
        "grossProfit": 1883356000,
        "grossProfitRatio": 0.238082693,
        "researchAndDevelopmentExpenses": 0,
        "generalAndAdministrativeExpenses": -937001000,
        "sellingAndMarketingExpenses": 1220509000,
        "sellingGeneralAndAdministrativeExpenses": 283508000,
        "otherExpenses": 1317478000,
        "operatingExpenses": 1600986000,
        "costAndExpenses": 7628142000,
        "interestIncome": 0,
        "interestExpense": -20782000,
        "depreciationAndAmortization": 65515000,
        "ebitda": 327103000,
        "ebitdaratio": 0.0413504208,
        "operatingIncome": 282370000,
        "operatingIncomeRatio": 0.0356955403,
        "totalOtherIncomeExpensesNet": 0,
        "incomeBeforeTax": 282370000,
        "incomeBeforeTaxRatio": 0.0356955403,
        "incomeTaxExpense": 108712000,
        "netIncome": 173658000,
        "netIncomeRatio": 0.0219528142,
        "eps": 0.26,
        "epsdiluted": 0.26,
        "weightedAverageShsOut": 662425000,
        "weightedAverageShsOutDil": 662425000,
        "link": "https://www.sec.gov/Archives/edgar/data/791519/000091205702013644/0000912057-02-013644-index.htm",
        "finalLink": "https://www.sec.gov/Archives/edgar/data/791519/000091205702013644/a2074681z10-k.htm"
    },
    {
        "date": "2001-11-03",
        "symbol": "SPLS",
        "reportedCurrency": "USD",
        "cik": "0000791519",
        "fillingDate": "2001-12-12",
        "acceptedDate": "2001-12-12 00:00:00",
        "calendarYear": "2001",
        "period": "Q3",
        "revenue": 519632000,
        "costOfRevenue": 382225000,
        "grossProfit": 137407000,
        "grossProfitRatio": 0.2644313668,
        "researchAndDevelopmentExpenses": 0,
        "generalAndAdministrativeExpenses": -44823000,
        "sellingAndMarketingExpenses": 51210000,
        "sellingGeneralAndAdministrativeExpenses": 6387000,
        "otherExpenses": 48159000,
        "operatingExpenses": 54546000,
        "costAndExpenses": 436771000,
        "interestIncome": 0,
        "interestExpense": 2325000,
        "depreciationAndAmortization": 64131000,
        "ebitda": 149317000,
        "ebitdaratio": 0.2873514333,
        "operatingIncome": 82861000,
        "operatingIncomeRatio": 0.1594609262,
        "totalOtherIncomeExpensesNet": 0,
        "incomeBeforeTax": 82861000,
        "incomeBeforeTaxRatio": 0.1594609262,
        "incomeTaxExpense": 31902000,
        "netIncome": 50959000,
        "netIncomeRatio": 0.0980674785,
        "eps": 0.11,
        "epsdiluted": 0.11,
        "weightedAverageShsOut": 456560000,
        "weightedAverageShsOutDil": 456560000,
        "link": "https://www.sec.gov/Archives/edgar/data/791519/000091205701542879/0000912057-01-542879-index.html",
        "finalLink": "https://www.sec.gov/Archives/edgar/data/791519/000091205701542879/a2065528z10-q.htm"
    },
    {
        "date": "2001-08-04",
        "symbol": "SPLS",
        "reportedCurrency": "USD",
        "cik": "0000791519",
        "fillingDate": "2001-09-18",
        "acceptedDate": "2001-09-18 00:00:00",
        "calendarYear": "2001",
        "period": "Q2",
        "revenue": 2314229000,
        "costOfRevenue": 1764499000,
        "grossProfit": 549730000,
        "grossProfitRatio": 0.2375434756,
        "researchAndDevelopmentExpenses": 0,
        "generalAndAdministrativeExpenses": -290517000,
        "sellingAndMarketingExpenses": 380127000,
        "sellingGeneralAndAdministrativeExpenses": 89610000,
        "otherExpenses": 394506000,
        "operatingExpenses": 484116000,
        "costAndExpenses": 2248615000,
        "interestIncome": 0,
        "interestExpense": -8762000,
        "depreciationAndAmortization": 60761000,
        "ebitda": 117613000,
        "ebitdaratio": 0.0508216775,
        "operatingIncome": 65614000,
        "operatingIncomeRatio": 0.0283524232,
        "totalOtherIncomeExpensesNet": 0,
        "incomeBeforeTax": 65614000,
        "incomeBeforeTaxRatio": 0.0283524232,
        "incomeTaxExpense": 25261000,
        "netIncome": 40353000,
        "netIncomeRatio": 0.0174369088,
        "eps": 0.09,
        "epsdiluted": 0.09,
        "weightedAverageShsOut": 448366666,
        "weightedAverageShsOutDil": 448366666,
        "link": "https://www.sec.gov/Archives/edgar/data/791519/000091205701532554/0000912057-01-532554-index.html",
        "finalLink": "https://www.sec.gov/Archives/edgar/data/791519/000091205701532554/a2059281z10-q.htm"
    },
    {
        "date": "2001-05-05",
        "symbol": "SPLS",
        "reportedCurrency": "USD",
        "cik": "0000791519",
        "fillingDate": "2001-06-19",
        "acceptedDate": "2001-06-19 00:00:00",
        "calendarYear": "2001",
        "period": "Q1",
        "revenue": 2667076000,
        "costOfRevenue": 2050469000,
        "grossProfit": 616607000,
        "grossProfitRatio": 0.231192137,
        "researchAndDevelopmentExpenses": 0,
        "generalAndAdministrativeExpenses": -317535000,
        "sellingAndMarketingExpenses": 427424000,
        "sellingGeneralAndAdministrativeExpenses": 109889000,
        "otherExpenses": 442479000,
        "operatingExpenses": 552368000,
        "costAndExpenses": 2602837000,
        "interestIncome": 0,
        "interestExpense": -8233000,
        "depreciationAndAmortization": 58558000,
        "ebitda": 114564000,
        "ebitdaratio": 0.0429549064,
        "operatingIncome": 64239000,
        "operatingIncomeRatio": 0.0240859278,
        "totalOtherIncomeExpensesNet": 0,
        "incomeBeforeTax": 64239000,
        "incomeBeforeTaxRatio": 0.0240859278,
        "incomeTaxExpense": 24732000,
        "netIncome": 39507000,
        "netIncomeRatio": 0.0148128512,
        "eps": 0.09,
        "epsdiluted": 0.09,
        "weightedAverageShsOut": 438966666,
        "weightedAverageShsOutDil": 438966666,
        "link": "https://www.sec.gov/Archives/edgar/data/791519/000091205701520359/0000912057-01-520359-index.html",
        "finalLink": "https://www.sec.gov/Archives/edgar/data/791519/000091205701520359/a2052044z10-q.htm"
    },
    {
        "date": "2001-02-03",
        "symbol": "SPLS",
        "reportedCurrency": "USD",
        "cik": "0000791519",
        "fillingDate": "2001-03-20",
        "acceptedDate": "2001-03-20 00:00:00",
        "calendarYear": "2000",
        "period": "Q4",
        "revenue": 7871902000,
        "costOfRevenue": 5971680000,
        "grossProfit": 1900222000,
        "grossProfitRatio": 0.241392995,
        "researchAndDevelopmentExpenses": 0,
        "generalAndAdministrativeExpenses": -930664000,
        "sellingAndMarketingExpenses": 1236507000,
        "sellingGeneralAndAdministrativeExpenses": 305843000,
        "otherExpenses": 1493687000,
        "operatingExpenses": 1799530000,
        "costAndExpenses": 7771210000,
        "interestIncome": 0,
        "interestExpense": -31440000,
        "depreciationAndAmortization": 62786000,
        "ebitda": 132038000,
        "ebitdaratio": 0.0167733287,
        "operatingIncome": 100692000,
        "operatingIncomeRatio": 0.0127913178,
        "totalOtherIncomeExpensesNet": 0,
        "incomeBeforeTax": 100692000,
        "incomeBeforeTaxRatio": 0.0127913178,
        "incomeTaxExpense": 125641000,
        "netIncome": -24949000,
        "netIncomeRatio": -0.0031693738,
        "eps": -0.0669,
        "epsdiluted": -0.0669,
        "weightedAverageShsOut": 373200000,
        "weightedAverageShsOutDil": 373200000,
        "link": "https://www.sec.gov/Archives/edgar/data/791519/000091205701007830/0000912057-01-007830-index.htm",
        "finalLink": "https://www.sec.gov/Archives/edgar/data/791519/000091205701007830/a2041664z10-k.htm"
    },
    {
        "date": "2000-10-28",
        "symbol": "SPLS",
        "reportedCurrency": "USD",
        "cik": "0000791519",
        "fillingDate": "2000-12-12",
        "acceptedDate": "2000-12-12 00:00:00",
        "calendarYear": "2000",
        "period": "Q3",
        "revenue": 600472000,
        "costOfRevenue": 470853000,
        "grossProfit": 129619000,
        "grossProfitRatio": 0.2158618553,
        "researchAndDevelopmentExpenses": 0,
        "generalAndAdministrativeExpenses": -31841000,
        "sellingAndMarketingExpenses": 44859000,
        "sellingGeneralAndAdministrativeExpenses": 13018000,
        "otherExpenses": 45242000,
        "operatingExpenses": 58260000,
        "costAndExpenses": 529113000,
        "interestIncome": 0,
        "interestExpense": -1766000,
        "depreciationAndAmortization": 59234000,
        "ebitda": 128827000,
        "ebitdaratio": 0.2145428929,
        "operatingIncome": 71359000,
        "operatingIncomeRatio": 0.1188381806,
        "totalOtherIncomeExpensesNet": 0,
        "incomeBeforeTax": 71359000,
        "incomeBeforeTaxRatio": 0.1188381806,
        "incomeTaxExpense": 29257000,
        "netIncome": 42102000,
        "netIncomeRatio": 0.070114843,
        "eps": 0.0945,
        "epsdiluted": 0.0945,
        "weightedAverageShsOut": 445584210,
        "weightedAverageShsOutDil": 445584210,
        "link": "https://www.sec.gov/Archives/edgar/data/791519/000091205700053174/0000912057-00-053174-index.html",
        "finalLink": "https://www.sec.gov/Archives/edgar/data/791519/000091205700053174/a2032467z10-q.htm"
    },
    {
        "date": "2000-07-29",
        "symbol": "SPLS",
        "reportedCurrency": "USD",
        "cik": "0000791519",
        "fillingDate": "2000-09-11",
        "acceptedDate": "2000-09-11 00:00:00",
        "calendarYear": "2000",
        "period": "Q2",
        "revenue": 2201297000,
        "costOfRevenue": 1654633000,
        "grossProfit": 546664000,
        "grossProfitRatio": 0.2483372303,
        "researchAndDevelopmentExpenses": 0,
        "generalAndAdministrativeExpenses": -271082000,
        "sellingAndMarketingExpenses": 361796000,
        "sellingGeneralAndAdministrativeExpenses": 90714000,
        "otherExpenses": 383816000,
        "operatingExpenses": 474530000,
        "costAndExpenses": 2129163000,
        "interestIncome": 0,
        "interestExpense": -11952000,
        "depreciationAndAmortization": 58683000,
        "ebitda": 118865000,
        "ebitdaratio": 0.0539977113,
        "operatingIncome": 72134000,
        "operatingIncomeRatio": 0.0327688631,
        "totalOtherIncomeExpensesNet": 0,
        "incomeBeforeTax": 72134000,
        "incomeBeforeTaxRatio": 0.0327688631,
        "incomeTaxExpense": 29575000,
        "netIncome": 42559000,
        "netIncomeRatio": 0.019333602,
        "eps": 0.1,
        "epsdiluted": 0.1,
        "weightedAverageShsOut": 425590000,
        "weightedAverageShsOutDil": 425590000,
        "link": "https://www.sec.gov/Archives/edgar/data/791519/000091205700040839/0000912057-00-040839-index.html",
        "finalLink": "https://www.sec.gov/Archives/edgar/data/791519/000091205700040839/a2024840z10-q.htm"
    }
]