[
    {
        "date": "2025-06-30",
        "symbol": "STK",
        "reportedCurrency": "USD",
        "cik": "0001471420",
        "fillingDate": "2025-06-30",
        "acceptedDate": "2025-06-29 20:00:00",
        "calendarYear": "2025",
        "period": "Q2",
        "revenue": -282754,
        "costOfRevenue": 2669825,
        "grossProfit": 0,
        "grossProfitRatio": 0,
        "researchAndDevelopmentExpenses": 0,
        "generalAndAdministrativeExpenses": 0,
        "sellingAndMarketingExpenses": 0,
        "sellingGeneralAndAdministrativeExpenses": 0,
        "otherExpenses": 0,
        "operatingExpenses": 0,
        "costAndExpenses": 16582850,
        "interestIncome": 0,
        "interestExpense": 0,
        "depreciationAndAmortization": 0,
        "ebitda": -16865604,
        "ebitdaratio": 59.6476230221,
        "operatingIncome": -16865604,
        "operatingIncomeRatio": 59.6476230221,
        "totalOtherIncomeExpensesNet": 4373,
        "incomeBeforeTax": -16861231,
        "incomeBeforeTaxRatio": 59.6321572816,
        "incomeTaxExpense": 0,
        "netIncome": -16861231,
        "netIncomeRatio": 59.6321572816,
        "eps": -0.98,
        "epsdiluted": -0.98,
        "weightedAverageShsOut": 17205337,
        "weightedAverageShsOutDil": 17205337,
        "link": null,
        "finalLink": null
    },
    {
        "date": "2024-12-31",
        "symbol": "STK",
        "reportedCurrency": "USD",
        "cik": "0001471420",
        "fillingDate": "2024-12-31",
        "acceptedDate": "2024-12-30 19:00:00",
        "calendarYear": "2024",
        "period": "Q4",
        "revenue": 30808406,
        "costOfRevenue": 2952340,
        "grossProfit": 27856066,
        "grossProfitRatio": 0.9041709591,
        "researchAndDevelopmentExpenses": 0,
        "generalAndAdministrativeExpenses": 0,
        "sellingAndMarketingExpenses": 0,
        "sellingGeneralAndAdministrativeExpenses": -28899746,
        "otherExpenses": 0,
        "operatingExpenses": -28899746,
        "costAndExpenses": -25947406,
        "interestIncome": 0,
        "interestExpense": 0,
        "depreciationAndAmortization": 0,
        "ebitda": 56755812,
        "ebitdaratio": 1.8422183868,
        "operatingIncome": 56755812,
        "operatingIncomeRatio": 1.8422183868,
        "totalOtherIncomeExpensesNet": -456,
        "incomeBeforeTax": 56755356,
        "incomeBeforeTaxRatio": 1.8422035856,
        "incomeTaxExpense": 0,
        "netIncome": 56755356,
        "netIncomeRatio": 1.8422035856,
        "eps": 3.43,
        "epsdiluted": 3.43,
        "weightedAverageShsOut": 16563168,
        "weightedAverageShsOutDil": 16563168,
        "link": null,
        "finalLink": null
    },
    {
        "date": "2024-06-30",
        "symbol": "STK",
        "reportedCurrency": "USD",
        "cik": "0001471420",
        "fillingDate": "2024-06-30",
        "acceptedDate": "2024-06-28 20:00:00",
        "calendarYear": "2024",
        "period": "Q2",
        "revenue": 58071402,
        "costOfRevenue": 2686620,
        "grossProfit": 55384782,
        "grossProfitRatio": 0.9537359198,
        "researchAndDevelopmentExpenses": 0,
        "generalAndAdministrativeExpenses": 0,
        "sellingAndMarketingExpenses": 0,
        "sellingGeneralAndAdministrativeExpenses": 18807198,
        "otherExpenses": 0,
        "operatingExpenses": 18807198,
        "costAndExpenses": -16120577,
        "interestIncome": 0,
        "interestExpense": 0,
        "depreciationAndAmortization": 0,
        "ebitda": 74191979,
        "ebitdaratio": 1.277599239,
        "operatingIncome": 74191979,
        "operatingIncomeRatio": 1.277599239,
        "totalOtherIncomeExpensesNet": -866,
        "incomeBeforeTax": 74191113,
        "incomeBeforeTaxRatio": 1.2775843263,
        "incomeTaxExpense": 0,
        "netIncome": 74191113,
        "netIncomeRatio": 1.2775843263,
        "eps": 4.49,
        "epsdiluted": 4.49,
        "weightedAverageShsOut": 16523633,
        "weightedAverageShsOutDil": 16523633,
        "link": null,
        "finalLink": null
    },
    {
        "date": "2023-12-31",
        "symbol": "STK",
        "reportedCurrency": "USD",
        "cik": "0001471420",
        "fillingDate": "2023-12-31",
        "acceptedDate": "2023-12-29 19:00:00",
        "calendarYear": "2023",
        "period": "Q4",
        "revenue": 40613656,
        "costOfRevenue": 2399852,
        "grossProfit": 38213804,
        "grossProfitRatio": 0.94091022,
        "researchAndDevelopmentExpenses": 0,
        "generalAndAdministrativeExpenses": 0,
        "sellingAndMarketingExpenses": 0,
        "sellingGeneralAndAdministrativeExpenses": 0,
        "otherExpenses": -3194130,
        "operatingExpenses": -3194130,
        "costAndExpenses": -794280,
        "interestIncome": 0,
        "interestExpense": 0,
        "depreciationAndAmortization": 41407430,
        "ebitda": 41407930,
        "ebitdaratio": 1.019556821,
        "operatingIncome": 41407930,
        "operatingIncomeRatio": 1.019556821,
        "totalOtherIncomeExpensesNet": -506,
        "incomeBeforeTax": 41407430,
        "incomeBeforeTaxRatio": 1.0195445099,
        "incomeTaxExpense": 0,
        "netIncome": 41407430,
        "netIncomeRatio": 1.0195445099,
        "eps": 2.51,
        "epsdiluted": 2.51,
        "weightedAverageShsOut": 16487836,
        "weightedAverageShsOutDil": 16487836,
        "link": null,
        "finalLink": null
    },
    {
        "date": "2023-06-30",
        "symbol": "STK",
        "reportedCurrency": "USD",
        "cik": "0001471420",
        "fillingDate": "2023-06-30",
        "acceptedDate": "2023-06-30 00:00:00",
        "calendarYear": "2023",
        "period": "Q2",
        "revenue": 7362170,
        "costOfRevenue": 2219552,
        "grossProfit": 5142618,
        "grossProfitRatio": 0.6985193224,
        "researchAndDevelopmentExpenses": 0,
        "generalAndAdministrativeExpenses": 0,
        "sellingAndMarketingExpenses": 0,
        "sellingGeneralAndAdministrativeExpenses": 0,
        "otherExpenses": 13.418417395957984,
        "operatingExpenses": -93652761,
        "costAndExpenses": -91433207,
        "interestIncome": 0,
        "interestExpense": 0,
        "depreciationAndAmortization": 98788670,
        "ebitda": 98795380,
        "ebitdaratio": 13.419328812,
        "operatingIncome": 98795380,
        "operatingIncomeRatio": 13.419328812,
        "totalOtherIncomeExpensesNet": -6710,
        "incomeBeforeTax": 98788670,
        "incomeBeforeTaxRatio": 13.418417396,
        "incomeTaxExpense": 5.9956,
        "netIncome": 98788670,
        "netIncomeRatio": 13.418417396,
        "eps": 6,
        "epsdiluted": 6,
        "weightedAverageShsOut": 16476863,
        "weightedAverageShsOutDil": 16476863,
        "link": null,
        "finalLink": null
    },
    {
        "date": "2022-12-31",
        "symbol": "STK",
        "reportedCurrency": "USD",
        "cik": "0001471420",
        "fillingDate": "2022-12-31",
        "acceptedDate": "2022-12-31 00:00:00",
        "calendarYear": "2022",
        "period": "Q4",
        "revenue": 7246873,
        "costOfRevenue": 2175770,
        "grossProfit": 5071103,
        "grossProfitRatio": 0.6997642983,
        "researchAndDevelopmentExpenses": 0,
        "generalAndAdministrativeExpenses": 0,
        "sellingAndMarketingExpenses": 0,
        "sellingGeneralAndAdministrativeExpenses": 0,
        "otherExpenses": -1.321754086210701,
        "operatingExpenses": 14650587,
        "costAndExpenses": 16826359,
        "interestIncome": 0,
        "interestExpense": 0,
        "depreciationAndAmortization": -9578584,
        "ebitda": -9579480,
        "ebitdaratio": -1.3218777257,
        "operatingIncome": -9579480,
        "operatingIncomeRatio": -1.3218777257,
        "totalOtherIncomeExpensesNet": 902,
        "incomeBeforeTax": -9578584,
        "incomeBeforeTaxRatio": -1.3217540862,
        "incomeTaxExpense": -0.5922,
        "netIncome": -9578584,
        "netIncomeRatio": -1.3217540862,
        "eps": -0.59,
        "epsdiluted": -0.59,
        "weightedAverageShsOut": 16175256,
        "weightedAverageShsOutDil": 16175256,
        "link": null,
        "finalLink": null
    },
    {
        "date": "2022-06-30",
        "symbol": "STK",
        "reportedCurrency": "USD",
        "cik": "0001471420",
        "fillingDate": "2022-06-30",
        "acceptedDate": "2022-06-28 20:00:00",
        "calendarYear": "2022",
        "period": "Q2",
        "revenue": 25938065,
        "costOfRevenue": 2566392,
        "grossProfit": 23371673,
        "grossProfitRatio": 0.9010569216,
        "researchAndDevelopmentExpenses": 0,
        "generalAndAdministrativeExpenses": 0,
        "sellingAndMarketingExpenses": 0,
        "sellingGeneralAndAdministrativeExpenses": 0,
        "otherExpenses": -5.771998103944917,
        "operatingExpenses": 173084362,
        "costAndExpenses": -149712690,
        "interestIncome": 0,
        "interestExpense": 0,
        "depreciationAndAmortization": -149714462,
        "ebitda": -149712690,
        "ebitdaratio": -5.7719297874,
        "operatingIncome": -149714462,
        "operatingIncomeRatio": -5.7719981039,
        "totalOtherIncomeExpensesNet": -1773,
        "incomeBeforeTax": -9.2626,
        "incomeBeforeTaxRatio": -3.571e-07,
        "incomeTaxExpense": -9.2626,
        "netIncome": 16163347,
        "netIncomeRatio": 0.6231516113,
        "eps": 1,
        "epsdiluted": 1,
        "weightedAverageShsOut": 16163347,
        "weightedAverageShsOutDil": 16163347,
        "link": null,
        "finalLink": null
    },
    {
        "date": "2021-12-31",
        "symbol": "STK",
        "reportedCurrency": "USD",
        "cik": "0001471420",
        "fillingDate": "2021-12-31",
        "acceptedDate": "2021-12-29 19:00:00",
        "calendarYear": "2021",
        "period": "Q4",
        "revenue": 42190122,
        "costOfRevenue": 2902746,
        "grossProfit": 39287376,
        "grossProfitRatio": 0.931198445,
        "researchAndDevelopmentExpenses": 0,
        "generalAndAdministrativeExpenses": 0,
        "sellingAndMarketingExpenses": 0,
        "sellingGeneralAndAdministrativeExpenses": 0,
        "otherExpenses": 1.4675079868221286,
        "operatingExpenses": 1.4675079868221286,
        "costAndExpenses": 61915570,
        "interestIncome": 61915570,
        "interestExpense": 0,
        "depreciationAndAmortization": 61914341,
        "ebitda": 61915574,
        "ebitdaratio": 1.4675372117,
        "operatingIncome": 61914341,
        "operatingIncomeRatio": 1.4675079868,
        "totalOtherIncomeExpensesNet": -1233,
        "incomeBeforeTax": 3.8868,
        "incomeBeforeTaxRatio": 9.21e-08,
        "incomeTaxExpense": 3.8868,
        "netIncome": 15929548,
        "netIncomeRatio": 0.3775658198,
        "eps": 1,
        "epsdiluted": 1,
        "weightedAverageShsOut": 15912994,
        "weightedAverageShsOutDil": 15912994,
        "link": null,
        "finalLink": null
    },
    {
        "date": "2021-06-30",
        "symbol": "STK",
        "reportedCurrency": "USD",
        "cik": "0001471420",
        "fillingDate": "2021-06-30",
        "acceptedDate": "2021-06-28 20:00:00",
        "calendarYear": "2021",
        "period": "Q2",
        "revenue": 37019333,
        "costOfRevenue": 2629398,
        "grossProfit": 34389935,
        "grossProfitRatio": 0.9289723021,
        "researchAndDevelopmentExpenses": 0,
        "generalAndAdministrativeExpenses": 0,
        "sellingAndMarketingExpenses": 0,
        "sellingGeneralAndAdministrativeExpenses": 0,
        "otherExpenses": 2.927755073274821,
        "operatingExpenses": 2.927755073274821,
        "costAndExpenses": 108385070,
        "interestIncome": 108385070,
        "interestExpense": 0,
        "depreciationAndAmortization": 108383540,
        "ebitda": 108385077,
        "ebitdaratio": 2.9277965921,
        "operatingIncome": 108383540,
        "operatingIncomeRatio": 2.9277550733,
        "totalOtherIncomeExpensesNet": -1537,
        "incomeBeforeTax": 6.8087,
        "incomeBeforeTaxRatio": 1.839e-07,
        "incomeTaxExpense": 6.8087,
        "netIncome": 15918391,
        "netIncomeRatio": 0.4300021019,
        "eps": 1,
        "epsdiluted": 1,
        "weightedAverageShsOut": 15912994,
        "weightedAverageShsOutDil": 15912994,
        "link": null,
        "finalLink": null
    },
    {
        "date": "2020-12-31",
        "symbol": "STK",
        "reportedCurrency": "USD",
        "cik": "0001471420",
        "fillingDate": "2020-12-31",
        "acceptedDate": "2020-12-29 19:00:00",
        "calendarYear": "2020",
        "period": "Q4",
        "revenue": 39459945,
        "costOfRevenue": 2010821,
        "grossProfit": 37449124,
        "grossProfitRatio": 0.9490414647,
        "researchAndDevelopmentExpenses": 0,
        "generalAndAdministrativeExpenses": 0,
        "sellingAndMarketingExpenses": 0,
        "sellingGeneralAndAdministrativeExpenses": 0,
        "otherExpenses": 3.1403059482216715,
        "operatingExpenses": 3.1403059482216715,
        "costAndExpenses": 123921640,
        "interestIncome": 123921640,
        "interestExpense": 0,
        "depreciationAndAmortization": 123916300,
        "ebitda": 123921640,
        "ebitdaratio": 3.1404412753,
        "operatingIncome": 123916300,
        "operatingIncomeRatio": 3.1403059482,
        "totalOtherIncomeExpensesNet": -5340,
        "incomeBeforeTax": 7.7957,
        "incomeBeforeTaxRatio": 1.976e-07,
        "incomeTaxExpense": 7.7957,
        "netIncome": 15895539,
        "netIncomeRatio": 0.402827196,
        "eps": 1,
        "epsdiluted": 1,
        "weightedAverageShsOut": 15887725,
        "weightedAverageShsOutDil": 15887725,
        "link": null,
        "finalLink": null
    },
    {
        "date": "2020-06-30",
        "symbol": "STK",
        "reportedCurrency": "USD",
        "cik": "0001471420",
        "fillingDate": "2020-06-30",
        "acceptedDate": "2020-06-28 20:00:00",
        "calendarYear": "2020",
        "period": "Q2",
        "revenue": -10455652,
        "costOfRevenue": 1741895,
        "grossProfit": -12197547,
        "grossProfitRatio": 1.1665984101,
        "researchAndDevelopmentExpenses": 0,
        "generalAndAdministrativeExpenses": 0,
        "sellingAndMarketingExpenses": 0,
        "sellingGeneralAndAdministrativeExpenses": 0,
        "otherExpenses": 2.303697846867895,
        "operatingExpenses": 2.303697846867895,
        "costAndExpenses": -24086250,
        "interestIncome": 0,
        "interestExpense": 0,
        "depreciationAndAmortization": -24086663,
        "ebitda": -24086248,
        "ebitdaratio": 2.3036581554,
        "operatingIncome": -24086663,
        "operatingIncomeRatio": 2.3036978469,
        "totalOtherIncomeExpensesNet": -415,
        "incomeBeforeTax": -1.5157,
        "incomeBeforeTaxRatio": 1.45e-07,
        "incomeTaxExpense": -1.5157,
        "netIncome": 15891812,
        "netIncomeRatio": -1.519925491,
        "eps": 1,
        "epsdiluted": 1,
        "weightedAverageShsOut": 15887725,
        "weightedAverageShsOutDil": 15887725,
        "link": null,
        "finalLink": null
    },
    {
        "date": "2019-12-31",
        "symbol": "STK",
        "reportedCurrency": "USD",
        "cik": "0001471420",
        "fillingDate": "2019-12-31",
        "acceptedDate": "2019-12-29 19:00:00",
        "calendarYear": "2019",
        "period": "Q4",
        "revenue": 17000203,
        "costOfRevenue": 1847949,
        "grossProfit": 15152254,
        "grossProfitRatio": 0.8912984157,
        "researchAndDevelopmentExpenses": 0,
        "generalAndAdministrativeExpenses": 0,
        "sellingAndMarketingExpenses": 0,
        "sellingGeneralAndAdministrativeExpenses": 0,
        "otherExpenses": 4.068349301475989,
        "operatingExpenses": 4.068349301475989,
        "costAndExpenses": 69165600,
        "interestIncome": 69165600,
        "interestExpense": 0,
        "depreciationAndAmortization": 69162764,
        "ebitda": 69165594,
        "ebitdaratio": 4.0685157701,
        "operatingIncome": 69162764,
        "operatingIncomeRatio": 4.0683493015,
        "totalOtherIncomeExpensesNet": -2830,
        "incomeBeforeTax": 4.3556,
        "incomeBeforeTaxRatio": 2.562e-07,
        "incomeTaxExpense": 4.3556,
        "netIncome": 15879011,
        "netIncomeRatio": 0.934048317,
        "eps": 1,
        "epsdiluted": 1,
        "weightedAverageShsOut": 15871700,
        "weightedAverageShsOutDil": 15871700,
        "link": null,
        "finalLink": null
    },
    {
        "date": "2019-06-30",
        "symbol": "STK",
        "reportedCurrency": "USD",
        "cik": "0001471420",
        "fillingDate": "2019-06-30",
        "acceptedDate": "2019-06-28 20:00:00",
        "calendarYear": "2019",
        "period": "Q2",
        "revenue": 14589378,
        "costOfRevenue": 1628097,
        "grossProfit": 12961281,
        "grossProfitRatio": 0.8884053179,
        "researchAndDevelopmentExpenses": 0,
        "generalAndAdministrativeExpenses": 0,
        "sellingAndMarketingExpenses": 0,
        "sellingGeneralAndAdministrativeExpenses": 0,
        "otherExpenses": 49771603,
        "operatingExpenses": -49771603,
        "costAndExpenses": -48143502,
        "interestIncome": 0,
        "interestExpense": 0,
        "depreciationAndAmortization": 0,
        "ebitda": 62732880,
        "ebitdaratio": 4.2999009279,
        "operatingIncome": 62732880,
        "operatingIncomeRatio": 4.2999009279,
        "totalOtherIncomeExpensesNet": -475,
        "incomeBeforeTax": 62732405,
        "incomeBeforeTaxRatio": 4.29986837,
        "incomeTaxExpense": 0,
        "netIncome": 62732405,
        "netIncomeRatio": 4.29986837,
        "eps": 3.95,
        "epsdiluted": 3.95,
        "weightedAverageShsOut": 15864388,
        "weightedAverageShsOutDil": 15864388,
        "link": null,
        "finalLink": null
    }
]