[
    {
        "date": "2025-06-30",
        "symbol": "STR",
        "reportedCurrency": "USD",
        "cik": "0001949543",
        "fillingDate": "2025-08-04",
        "acceptedDate": "2025-08-04 16:18:56",
        "calendarYear": "2025",
        "period": "Q2",
        "revenue": 145659000,
        "costOfRevenue": 88355000,
        "grossProfit": 57304000,
        "grossProfitRatio": 0.3934120102,
        "researchAndDevelopmentExpenses": 0,
        "generalAndAdministrativeExpenses": 20099000,
        "sellingAndMarketingExpenses": 0,
        "sellingGeneralAndAdministrativeExpenses": 20099000,
        "otherExpenses": 0,
        "operatingExpenses": 20099000,
        "costAndExpenses": 108454000,
        "interestIncome": 0,
        "interestExpense": 23049000,
        "depreciationAndAmortization": 75901000,
        "ebitda": 113913000,
        "ebitdaratio": 0.7820526023,
        "operatingIncome": 37205000,
        "operatingIncomeRatio": 0.2554253428,
        "totalOtherIncomeExpensesNet": 0,
        "incomeBeforeTax": 14963000,
        "incomeBeforeTaxRatio": 0.1027262304,
        "incomeTaxExpense": 415000,
        "netIncome": 7273000,
        "netIncomeRatio": 0.0499316898,
        "eps": 0.0766,
        "epsdiluted": 0.0764,
        "weightedAverageShsOut": 77575000,
        "weightedAverageShsOutDil": 77844000,
        "link": "https://www.sec.gov/Archives/edgar/data/1949543/000162828025037434/0001628280-25-037434-index.htm",
        "finalLink": "https://www.sec.gov/Archives/edgar/data/1949543/000162828025037434/str-20250630.htm"
    },
    {
        "date": "2025-03-31",
        "symbol": "STR",
        "reportedCurrency": "USD",
        "cik": "0001949543",
        "fillingDate": "2025-05-07",
        "acceptedDate": "2025-05-07 16:10:33",
        "calendarYear": "2025",
        "period": "Q1",
        "revenue": 163515000,
        "costOfRevenue": 77479000,
        "grossProfit": 86036000,
        "grossProfitRatio": 0.5261657952,
        "researchAndDevelopmentExpenses": 0,
        "generalAndAdministrativeExpenses": 15762000,
        "sellingAndMarketingExpenses": 0,
        "sellingGeneralAndAdministrativeExpenses": 15762000,
        "otherExpenses": 12982000,
        "operatingExpenses": 28744000,
        "costAndExpenses": 106223000,
        "interestIncome": 0,
        "interestExpense": 23268000,
        "depreciationAndAmortization": 77479000,
        "ebitda": 133863000,
        "ebitdaratio": 0.8186588386,
        "operatingIncome": 57292000,
        "operatingIncomeRatio": 0.3503776412,
        "totalOtherIncomeExpensesNet": -24176000,
        "incomeBeforeTax": 33116000,
        "incomeBeforeTaxRatio": 0.2025257622,
        "incomeTaxExpense": 6831000,
        "netIncome": 10267000,
        "netIncomeRatio": 0.0627893465,
        "eps": 0.13,
        "epsdiluted": 0.13,
        "weightedAverageShsOut": 78351000,
        "weightedAverageShsOutDil": 78544000,
        "link": "https://www.sec.gov/Archives/edgar/data/1949543/000162828025023164/0001628280-25-023164-index.htm",
        "finalLink": "https://www.sec.gov/Archives/edgar/data/1949543/000162828025023164/str-20250331.htm"
    },
    {
        "date": "2024-12-31",
        "symbol": "STR",
        "reportedCurrency": "USD",
        "cik": "0001949543",
        "fillingDate": "2025-02-26",
        "acceptedDate": "2025-02-26 16:12:51",
        "calendarYear": "2024",
        "period": "Q4",
        "revenue": 155100000,
        "costOfRevenue": 126784000,
        "grossProfit": 28316000,
        "grossProfitRatio": 0.1825660864,
        "researchAndDevelopmentExpenses": 0,
        "generalAndAdministrativeExpenses": 13876000,
        "sellingAndMarketingExpenses": 0,
        "sellingGeneralAndAdministrativeExpenses": 13876000,
        "otherExpenses": -34655000,
        "operatingExpenses": -20779000,
        "costAndExpenses": 106005000,
        "interestIncome": 0,
        "interestExpense": 21531000,
        "depreciationAndAmortization": 80401000,
        "ebitda": 127463000,
        "ebitdaratio": 0.8218117344,
        "operatingIncome": 49095000,
        "operatingIncomeRatio": 0.3165377176,
        "totalOtherIncomeExpensesNet": -23564000,
        "incomeBeforeTax": 25531000,
        "incomeBeforeTaxRatio": 0.1646099291,
        "incomeTaxExpense": 6202000,
        "netIncome": 7061000,
        "netIncomeRatio": 0.0455254674,
        "eps": 0.0866,
        "epsdiluted": 0.0866,
        "weightedAverageShsOut": 78980516,
        "weightedAverageShsOutDil": 78980516,
        "link": "https://www.sec.gov/Archives/edgar/data/1949543/000162828025008152/0001628280-25-008152-index.htm",
        "finalLink": "https://www.sec.gov/Archives/edgar/data/1949543/000162828025008152/str-20241231.htm"
    },
    {
        "date": "2024-09-30",
        "symbol": "STR",
        "reportedCurrency": "USD",
        "cik": "0001949543",
        "fillingDate": "2024-11-06",
        "acceptedDate": "2024-11-06 16:55:24",
        "calendarYear": "2024",
        "period": "Q3",
        "revenue": 149375000,
        "costOfRevenue": 78093000,
        "grossProfit": 71282000,
        "grossProfitRatio": 0.4772016736,
        "researchAndDevelopmentExpenses": 0,
        "generalAndAdministrativeExpenses": 14382000,
        "sellingAndMarketingExpenses": 0,
        "sellingGeneralAndAdministrativeExpenses": 14382000,
        "otherExpenses": 10196000,
        "operatingExpenses": 24578000,
        "costAndExpenses": 102671000,
        "interestIncome": 0,
        "interestExpense": 22511000,
        "depreciationAndAmortization": 78093000,
        "ebitda": 132582000,
        "ebitdaratio": 0.8875782427,
        "operatingIncome": 46704000,
        "operatingIncomeRatio": 0.3126627615,
        "totalOtherIncomeExpensesNet": -14726000,
        "incomeBeforeTax": 31978000,
        "incomeBeforeTaxRatio": 0.2140786611,
        "incomeTaxExpense": 4111000,
        "netIncome": 12563000,
        "netIncomeRatio": 0.0841037657,
        "eps": 0.15,
        "epsdiluted": 0.15,
        "weightedAverageShsOut": 80142000,
        "weightedAverageShsOutDil": 80278000,
        "link": "https://www.sec.gov/Archives/edgar/data/1949543/000162828024045790/0001628280-24-045790-index.htm",
        "finalLink": "https://www.sec.gov/Archives/edgar/data/1949543/000162828024045790/str-20240930.htm"
    },
    {
        "date": "2024-06-30",
        "symbol": "STR",
        "reportedCurrency": "USD",
        "cik": "0001949543",
        "fillingDate": "2024-08-07",
        "acceptedDate": "2024-08-07 16:10:34",
        "calendarYear": "2024",
        "period": "Q2",
        "revenue": 168548000,
        "costOfRevenue": 97918000,
        "grossProfit": 70630000,
        "grossProfitRatio": 0.4190497662,
        "researchAndDevelopmentExpenses": 0,
        "generalAndAdministrativeExpenses": 13456000,
        "sellingAndMarketingExpenses": 0,
        "sellingGeneralAndAdministrativeExpenses": 13456000,
        "otherExpenses": 0,
        "operatingExpenses": 13456000,
        "costAndExpenses": 111374000,
        "interestIncome": 0,
        "interestExpense": 22688000,
        "depreciationAndAmortization": 85485000,
        "ebitda": 142052000,
        "ebitdaratio": 0.8427984906,
        "operatingIncome": 57174000,
        "operatingIncomeRatio": 0.3392149417,
        "totalOtherIncomeExpensesNet": -23295000,
        "incomeBeforeTax": 33879000,
        "incomeBeforeTaxRatio": 0.2010050549,
        "incomeTaxExpense": 4838000,
        "netIncome": 12854000,
        "netIncomeRatio": 0.0762631417,
        "eps": 0.16,
        "epsdiluted": 0.15,
        "weightedAverageShsOut": 80751000,
        "weightedAverageShsOutDil": 80879000,
        "link": "https://www.sec.gov/Archives/edgar/data/1949543/000095017024092784/0000950170-24-092784-index.htm",
        "finalLink": "https://www.sec.gov/Archives/edgar/data/1949543/000095017024092784/str-20240630.htm"
    },
    {
        "date": "2024-03-31",
        "symbol": "STR",
        "reportedCurrency": "USD",
        "cik": "0001949543",
        "fillingDate": "2024-05-08",
        "acceptedDate": "2024-05-08 16:38:30",
        "calendarYear": "2024",
        "period": "Q1",
        "revenue": 151391000,
        "costOfRevenue": 76318000,
        "grossProfit": 75073000,
        "grossProfitRatio": 0.4958881307,
        "researchAndDevelopmentExpenses": 0,
        "generalAndAdministrativeExpenses": 13011000,
        "sellingAndMarketingExpenses": 0,
        "sellingGeneralAndAdministrativeExpenses": 13011000,
        "otherExpenses": 0,
        "operatingExpenses": 13011000,
        "costAndExpenses": 89329000,
        "interestIncome": 0,
        "interestExpense": 18510000,
        "depreciationAndAmortization": 76318000,
        "ebitda": 116304000,
        "ebitdaratio": 0.7682358925,
        "operatingIncome": 50036000,
        "operatingIncomeRatio": 0.3305084186,
        "totalOtherIncomeExpensesNet": -28560000,
        "incomeBeforeTax": 21476000,
        "incomeBeforeTaxRatio": 0.1418578383,
        "incomeTaxExpense": 2784000,
        "netIncome": 8468000,
        "netIncomeRatio": 0.0559346328,
        "eps": 0.1,
        "epsdiluted": 0.1,
        "weightedAverageShsOut": 82404000,
        "weightedAverageShsOutDil": 82404000,
        "link": "https://www.sec.gov/Archives/edgar/data/1949543/000095017024055811/0000950170-24-055811-index.htm",
        "finalLink": "https://www.sec.gov/Archives/edgar/data/1949543/000095017024055811/str-20240331.htm"
    },
    {
        "date": "2023-12-31",
        "symbol": "STR",
        "reportedCurrency": "USD",
        "cik": "0001949543",
        "fillingDate": "2024-02-29",
        "acceptedDate": "2024-02-29 07:42:25",
        "calendarYear": "2023",
        "period": "Q4",
        "revenue": 149354000,
        "costOfRevenue": 82614000,
        "grossProfit": 66740000,
        "grossProfitRatio": 0.4468578009,
        "researchAndDevelopmentExpenses": 0,
        "generalAndAdministrativeExpenses": 11834000,
        "sellingAndMarketingExpenses": -800000,
        "sellingGeneralAndAdministrativeExpenses": 11034000,
        "otherExpenses": 0,
        "operatingExpenses": 11034000,
        "costAndExpenses": 93648000,
        "interestIncome": 0,
        "interestExpense": 21678000,
        "depreciationAndAmortization": 68602000,
        "ebitda": -22604000,
        "ebitdaratio": -0.1513451263,
        "operatingIncome": 55706000,
        "operatingIncomeRatio": 0.3729796323,
        "totalOtherIncomeExpensesNet": -23319000,
        "incomeBeforeTax": -112884000,
        "incomeBeforeTaxRatio": -0.7558150435,
        "incomeTaxExpense": -21168000,
        "netIncome": -37680000,
        "netIncomeRatio": -0.2522865139,
        "eps": -0.47,
        "epsdiluted": -0.47,
        "weightedAverageShsOut": 81108977,
        "weightedAverageShsOutDil": 81108977,
        "link": "https://www.sec.gov/Archives/edgar/data/1949543/000095017024022649/0000950170-24-022649-index.htm",
        "finalLink": "https://www.sec.gov/Archives/edgar/data/1949543/000095017024022649/str-20231231.htm"
    },
    {
        "date": "2023-09-30",
        "symbol": "STR",
        "reportedCurrency": "USD",
        "cik": "0001949543",
        "fillingDate": "2023-11-08",
        "acceptedDate": "2023-11-08 16:14:35",
        "calendarYear": "2023",
        "period": "Q3",
        "revenue": 156710000,
        "costOfRevenue": 80716000,
        "grossProfit": 75994000,
        "grossProfitRatio": 0.4849339544,
        "researchAndDevelopmentExpenses": 0,
        "generalAndAdministrativeExpenses": 12044000,
        "sellingAndMarketingExpenses": 0,
        "sellingGeneralAndAdministrativeExpenses": 12044000,
        "otherExpenses": 0,
        "operatingExpenses": 12044000,
        "costAndExpenses": 92760000,
        "interestIncome": 0,
        "interestExpense": 26373000,
        "depreciationAndAmortization": 80716000,
        "ebitda": 108540000,
        "ebitdaratio": 0.6926169357,
        "operatingIncome": 51826000,
        "operatingIncomeRatio": 0.3307127816,
        "totalOtherIncomeExpensesNet": -51168000,
        "incomeBeforeTax": 658000,
        "incomeBeforeTaxRatio": 0.0041988386,
        "incomeTaxExpense": 383000,
        "netIncome": 287000,
        "netIncomeRatio": 0.0018314083,
        "eps": 0.0011,
        "epsdiluted": 0.0018,
        "weightedAverageShsOut": 81712000,
        "weightedAverageShsOutDil": 81156500,
        "link": "https://www.sec.gov/Archives/edgar/data/1949543/000095017023061129/0000950170-23-061129-index.htm",
        "finalLink": "https://www.sec.gov/Archives/edgar/data/1949543/000095017023061129/str-20230930.htm"
    },
    {
        "date": "2023-06-30",
        "symbol": "STR",
        "reportedCurrency": "USD",
        "cik": "0001949543",
        "fillingDate": "2023-08-08",
        "acceptedDate": "2023-08-08 16:18:39",
        "calendarYear": "2023",
        "period": "Q2",
        "revenue": 136466000,
        "costOfRevenue": 74239000,
        "grossProfit": 62227000,
        "grossProfitRatio": 0.4559890376,
        "researchAndDevelopmentExpenses": 0,
        "generalAndAdministrativeExpenses": 14066000,
        "sellingAndMarketingExpenses": 0,
        "sellingGeneralAndAdministrativeExpenses": 14066000,
        "otherExpenses": 0,
        "operatingExpenses": 14066000,
        "costAndExpenses": 88305000,
        "interestIncome": 0,
        "interestExpense": 23159000,
        "depreciationAndAmortization": 74239000,
        "ebitda": 93742000,
        "ebitdaratio": 0.6869256811,
        "operatingIncome": 12200000,
        "operatingIncomeRatio": 0.0893995574,
        "totalOtherIncomeExpensesNet": -15856000,
        "incomeBeforeTax": -3656000,
        "incomeBeforeTaxRatio": -0.0267905559,
        "incomeTaxExpense": -683000,
        "netIncome": -796000,
        "netIncomeRatio": -0.0058329547,
        "eps": -0.0098,
        "epsdiluted": -0.0098,
        "weightedAverageShsOut": 81044000,
        "weightedAverageShsOutDil": 81044000,
        "link": "https://www.sec.gov/Archives/edgar/data/1949543/000095017023039848/0000950170-23-039848-index.htm",
        "finalLink": "https://www.sec.gov/Archives/edgar/data/1949543/000095017023039848/str-20230630.htm"
    },
    {
        "date": "2023-03-31",
        "symbol": "STR",
        "reportedCurrency": "USD",
        "cik": "0001949543",
        "fillingDate": "2023-05-09",
        "acceptedDate": "2023-05-09 16:18:47",
        "calendarYear": "2023",
        "period": "Q1",
        "revenue": 150826000,
        "costOfRevenue": 67763000,
        "grossProfit": 83063000,
        "grossProfitRatio": 0.550720698,
        "researchAndDevelopmentExpenses": 0,
        "generalAndAdministrativeExpenses": 11676000,
        "sellingAndMarketingExpenses": 0,
        "sellingGeneralAndAdministrativeExpenses": 11676000,
        "otherExpenses": 0,
        "operatingExpenses": 11676000,
        "costAndExpenses": 79439000,
        "interestIncome": 0,
        "interestExpense": 22203000,
        "depreciationAndAmortization": 67763000,
        "ebitda": 143454000,
        "ebitdaratio": 0.9511224855,
        "operatingIncome": 60928000,
        "operatingIncomeRatio": 0.4039621816,
        "totalOtherIncomeExpensesNet": -6025000,
        "incomeBeforeTax": 54903000,
        "incomeBeforeTaxRatio": 0.364015488,
        "incomeTaxExpense": 7184000,
        "netIncome": 22653000,
        "netIncomeRatio": 0.1501929376,
        "eps": 0.6,
        "epsdiluted": 0.6,
        "weightedAverageShsOut": 80178000,
        "weightedAverageShsOutDil": 80178000,
        "link": "https://www.sec.gov/Archives/edgar/data/1949543/000095017023019706/0000950170-23-019706-index.htm",
        "finalLink": "https://www.sec.gov/Archives/edgar/data/1949543/000095017023019706/str-20230331.htm"
    },
    {
        "date": "2022-12-31",
        "symbol": "STR",
        "reportedCurrency": "USD",
        "cik": "0001949543",
        "fillingDate": "2023-03-08",
        "acceptedDate": "2023-03-08 16:15:47",
        "calendarYear": "2022",
        "period": "Q4",
        "revenue": 99948000,
        "costOfRevenue": 37209000,
        "grossProfit": 62739000,
        "grossProfitRatio": 0.6277164125,
        "researchAndDevelopmentExpenses": 0,
        "generalAndAdministrativeExpenses": 18182000,
        "sellingAndMarketingExpenses": 0,
        "sellingGeneralAndAdministrativeExpenses": 18182000,
        "otherExpenses": 0,
        "operatingExpenses": 18182000,
        "costAndExpenses": 55391000,
        "interestIncome": 0,
        "interestExpense": 17403000,
        "depreciationAndAmortization": 37209000,
        "ebitda": 69642000,
        "ebitdaratio": 0.6967823268,
        "operatingIncome": 7348000,
        "operatingIncomeRatio": 0.0735182295,
        "totalOtherIncomeExpensesNet": -31944000,
        "incomeBeforeTax": 5060000,
        "incomeBeforeTaxRatio": 0.0506263257,
        "incomeTaxExpense": 475000,
        "netIncome": 4636000,
        "netIncomeRatio": 0.0463841197,
        "eps": 0.0013,
        "epsdiluted": 0.0013,
        "weightedAverageShsOut": 80171951,
        "weightedAverageShsOutDil": 80171951,
        "link": "https://www.sec.gov/Archives/edgar/data/1949543/000095017023006714/0000950170-23-006714-index.htm",
        "finalLink": "https://www.sec.gov/Archives/edgar/data/1949543/000095017023006714/str-20221231.htm"
    },
    {
        "date": "2022-09-30",
        "symbol": "STR",
        "reportedCurrency": "USD",
        "cik": "0001949543",
        "fillingDate": "2022-11-08",
        "acceptedDate": "2022-11-08 16:33:05",
        "calendarYear": "2022",
        "period": "Q3",
        "revenue": 115497000,
        "costOfRevenue": 32005000,
        "grossProfit": 83492000,
        "grossProfitRatio": 0.7228932353,
        "researchAndDevelopmentExpenses": 0,
        "generalAndAdministrativeExpenses": 13381000,
        "sellingAndMarketingExpenses": 0,
        "sellingGeneralAndAdministrativeExpenses": 13381000,
        "otherExpenses": 32005000,
        "operatingExpenses": 45386000,
        "costAndExpenses": 45386000,
        "interestIncome": 0,
        "interestExpense": 14986000,
        "depreciationAndAmortization": 32005000,
        "ebitda": 133080000,
        "ebitdaratio": 1.1522377205,
        "operatingIncome": 62896000,
        "operatingIncomeRatio": 0.5445682572,
        "totalOtherIncomeExpensesNet": 8676000,
        "incomeBeforeTax": 71572000,
        "incomeBeforeTaxRatio": 0.6196870914,
        "incomeTaxExpense": 2561000,
        "netIncome": 69011000,
        "netIncomeRatio": 0.5975133553,
        "eps": 5.43,
        "epsdiluted": 5.43,
        "weightedAverageShsOut": 12703000,
        "weightedAverageShsOutDil": 12703000,
        "link": "https://www.sec.gov/Archives/edgar/data/1703785/000095017022023278/0000950170-22-023278-index.htm",
        "finalLink": "https://www.sec.gov/Archives/edgar/data/1703785/000095017022023278/str-20220930.htm"
    },
    {
        "date": "2022-06-30",
        "symbol": "STR",
        "reportedCurrency": "USD",
        "cik": "0001949543",
        "fillingDate": "2022-08-08",
        "acceptedDate": "2022-08-08 16:56:45",
        "calendarYear": "2022",
        "period": "Q2",
        "revenue": 87804000,
        "costOfRevenue": 19912000,
        "grossProfit": 67892000,
        "grossProfitRatio": 0.7732221767,
        "researchAndDevelopmentExpenses": 0,
        "generalAndAdministrativeExpenses": 8046000,
        "sellingAndMarketingExpenses": 0,
        "sellingGeneralAndAdministrativeExpenses": 8046000,
        "otherExpenses": 28233000,
        "operatingExpenses": 27958000,
        "costAndExpenses": 27958000,
        "interestIncome": 0,
        "interestExpense": 1942000,
        "depreciationAndAmortization": 19912000,
        "ebitda": 94818000,
        "ebitdaratio": 1.0798824655,
        "operatingIncome": 52896000,
        "operatingIncomeRatio": 0.602432691,
        "totalOtherIncomeExpensesNet": 21374000,
        "incomeBeforeTax": 74270000,
        "incomeBeforeTaxRatio": 0.8458612364,
        "incomeTaxExpense": 2257000,
        "netIncome": 72013000,
        "netIncomeRatio": 0.8201562571,
        "eps": 0.49,
        "epsdiluted": 0.39,
        "weightedAverageShsOut": 12522000,
        "weightedAverageShsOutDil": 83841000,
        "link": "https://www.sec.gov/Archives/edgar/data/1703785/000095017022015592/0000950170-22-015592-index.htm",
        "finalLink": "https://www.sec.gov/Archives/edgar/data/1703785/000095017022015592/str-20220630.htm"
    },
    {
        "date": "2022-03-31",
        "symbol": "STR",
        "reportedCurrency": "USD",
        "cik": "0001949543",
        "fillingDate": "2022-05-09",
        "acceptedDate": "2022-05-09 16:02:25",
        "calendarYear": "2022",
        "period": "Q1",
        "revenue": 66363000,
        "costOfRevenue": 15385000,
        "grossProfit": 50978000,
        "grossProfitRatio": 0.7681690098,
        "researchAndDevelopmentExpenses": 0,
        "generalAndAdministrativeExpenses": 4063000,
        "sellingAndMarketingExpenses": 0,
        "sellingGeneralAndAdministrativeExpenses": 4063000,
        "otherExpenses": 1870000,
        "operatingExpenses": 5933000,
        "costAndExpenses": 21318000,
        "interestIncome": 0,
        "interestExpense": 1168000,
        "depreciationAndAmortization": 3638000,
        "ebitda": 9739000,
        "ebitdaratio": 0.146753462,
        "operatingIncome": 41191000,
        "operatingIncomeRatio": 0.6206922532,
        "totalOtherIncomeExpensesNet": -2284000,
        "incomeBeforeTax": 38909000,
        "incomeBeforeTaxRatio": 0.5863056221,
        "incomeTaxExpense": 387000,
        "netIncome": 38522000,
        "netIncomeRatio": 0.5804740593,
        "eps": 3.28,
        "epsdiluted": 3.19,
        "weightedAverageShsOut": 11762000,
        "weightedAverageShsOutDil": 12088546,
        "link": "https://www.sec.gov/Archives/edgar/data/1703785/000156459022018862/0001564590-22-018862-index.htm",
        "finalLink": "https://www.sec.gov/Archives/edgar/data/1703785/000156459022018862/flmn-10q_20220331.htm"
    },
    {
        "date": "2021-12-31",
        "symbol": "STR",
        "reportedCurrency": "USD",
        "cik": "0001949543",
        "fillingDate": "2022-03-11",
        "acceptedDate": "2022-03-11 17:15:14",
        "calendarYear": "2021",
        "period": "Q4",
        "revenue": 50160000,
        "costOfRevenue": 12292000,
        "grossProfit": 37868000,
        "grossProfitRatio": 0.7549441786,
        "researchAndDevelopmentExpenses": 0,
        "generalAndAdministrativeExpenses": 5863000,
        "sellingAndMarketingExpenses": 0,
        "sellingGeneralAndAdministrativeExpenses": 5863000,
        "otherExpenses": 7974000,
        "operatingExpenses": 7733000,
        "costAndExpenses": 20025000,
        "interestIncome": 0,
        "interestExpense": 1093000,
        "depreciationAndAmortization": 4311000,
        "ebitda": 15070000,
        "ebitdaratio": 0.3004385965,
        "operatingIncome": 25571000,
        "operatingIncomeRatio": 0.5097886762,
        "totalOtherIncomeExpensesNet": -1093000,
        "incomeBeforeTax": 24478000,
        "incomeBeforeTaxRatio": 0.4879984051,
        "incomeTaxExpense": 253000,
        "netIncome": 24225000,
        "netIncomeRatio": 0.4829545455,
        "eps": 0.79,
        "epsdiluted": 0.79,
        "weightedAverageShsOut": 11618181,
        "weightedAverageShsOutDil": 11762000,
        "link": "https://www.sec.gov/Archives/edgar/data/1703785/000156459022009887/0001564590-22-009887-index.htm",
        "finalLink": "https://www.sec.gov/Archives/edgar/data/1703785/000156459022009887/flmn-10k_20211231.htm"
    },
    {
        "date": "2021-09-30",
        "symbol": "STR",
        "reportedCurrency": "USD",
        "cik": "0001949543",
        "fillingDate": "2021-11-05",
        "acceptedDate": "2021-11-05 16:00:58",
        "calendarYear": "2021",
        "period": "Q3",
        "revenue": 33709000,
        "costOfRevenue": 12813000,
        "grossProfit": 20896000,
        "grossProfitRatio": 0.6198937969,
        "researchAndDevelopmentExpenses": 0,
        "generalAndAdministrativeExpenses": 2640000,
        "sellingAndMarketingExpenses": 0,
        "sellingGeneralAndAdministrativeExpenses": 2640000,
        "otherExpenses": 0,
        "operatingExpenses": 17323000,
        "costAndExpenses": 17323000,
        "interestIncome": 0,
        "interestExpense": 276000,
        "depreciationAndAmortization": 4027000,
        "ebitda": 16260000,
        "ebitdaratio": 0.4823637604,
        "operatingIncome": 14194000,
        "operatingIncomeRatio": 0.4210744905,
        "totalOtherIncomeExpensesNet": -276000,
        "incomeBeforeTax": 13918000,
        "incomeBeforeTaxRatio": 0.4128867661,
        "incomeTaxExpense": 143000,
        "netIncome": 13775000,
        "netIncomeRatio": 0.4086445756,
        "eps": 0.48,
        "epsdiluted": 0.44,
        "weightedAverageShsOut": 12703000,
        "weightedAverageShsOutDil": 12703000,
        "link": "https://www.sec.gov/Archives/edgar/data/1703785/000156459021054886/0001564590-21-054886-index.htm",
        "finalLink": "https://www.sec.gov/Archives/edgar/data/1703785/000156459021054886/flmn-10q_20210930.htm"
    },
    {
        "date": "2021-06-30",
        "symbol": "STR",
        "reportedCurrency": "USD",
        "cik": "0001949543",
        "fillingDate": "2021-08-06",
        "acceptedDate": "2021-08-06 16:01:30",
        "calendarYear": "2021",
        "period": "Q2",
        "revenue": 19671000,
        "costOfRevenue": 8936000,
        "grossProfit": 10735000,
        "grossProfitRatio": 0.5457272126,
        "researchAndDevelopmentExpenses": 0,
        "generalAndAdministrativeExpenses": 2155000,
        "sellingAndMarketingExpenses": 0,
        "sellingGeneralAndAdministrativeExpenses": 2155000,
        "otherExpenses": 8936000,
        "operatingExpenses": 12961000,
        "costAndExpenses": 12961000,
        "interestIncome": 0,
        "interestExpense": 218000,
        "depreciationAndAmortization": 4336000,
        "ebitda": 8185000,
        "ebitdaratio": 0.4160947588,
        "operatingIncome": 5257000,
        "operatingIncomeRatio": 0.2672462,
        "totalOtherIncomeExpensesNet": -218000,
        "incomeBeforeTax": 5039000,
        "incomeBeforeTaxRatio": 0.2561638961,
        "incomeTaxExpense": 20000,
        "netIncome": 5019000,
        "netIncomeRatio": 0.255147171,
        "eps": 0.42,
        "epsdiluted": 0.42,
        "weightedAverageShsOut": 12703000,
        "weightedAverageShsOutDil": 12703000,
        "link": "https://www.sec.gov/Archives/edgar/data/1703785/000156459021042126/0001564590-21-042126-index.htm",
        "finalLink": "https://www.sec.gov/Archives/edgar/data/1703785/000156459021042126/flmn-10q_20210630.htm"
    },
    {
        "date": "2021-03-31",
        "symbol": "STR",
        "reportedCurrency": "USD",
        "cik": "0001949543",
        "fillingDate": "2021-05-10",
        "acceptedDate": "2021-05-10 16:23:02",
        "calendarYear": "2021",
        "period": "Q1",
        "revenue": 14216000,
        "costOfRevenue": 3997000,
        "grossProfit": 10219000,
        "grossProfitRatio": 0.7188379291,
        "researchAndDevelopmentExpenses": 0,
        "generalAndAdministrativeExpenses": 2340000,
        "sellingAndMarketingExpenses": 391000,
        "sellingGeneralAndAdministrativeExpenses": 3827000,
        "otherExpenses": 0,
        "operatingExpenses": 3827000,
        "costAndExpenses": 7824000,
        "interestIncome": 0,
        "interestExpense": 487000,
        "depreciationAndAmortization": 3342000,
        "ebitda": 4833000,
        "ebitdaratio": 0.339969049,
        "operatingIncome": 6392000,
        "operatingIncomeRatio": 0.449634215,
        "totalOtherIncomeExpensesNet": -5388000,
        "incomeBeforeTax": 1004000,
        "incomeBeforeTaxRatio": 0.0706246483,
        "incomeTaxExpense": 459000,
        "netIncome": -1407000,
        "netIncomeRatio": -0.0989729882,
        "eps": -0.12,
        "epsdiluted": -0.12,
        "weightedAverageShsOut": 11531250,
        "weightedAverageShsOutDil": 11531250,
        "link": "https://www.sec.gov/Archives/edgar/data/1703785/000156459021026073/0001564590-21-026073-index.htm",
        "finalLink": "https://www.sec.gov/Archives/edgar/data/1703785/000156459021026073/flmn-10q_20210331.htm"
    },
    {
        "date": "2020-12-31",
        "symbol": "STR",
        "reportedCurrency": "USD",
        "cik": "0001949543",
        "fillingDate": "2021-03-12",
        "acceptedDate": "2021-03-12 17:09:22",
        "calendarYear": "2020",
        "period": "Q4",
        "revenue": 13639000,
        "costOfRevenue": 1870000,
        "grossProfit": 11769000,
        "grossProfitRatio": 0.862893174,
        "researchAndDevelopmentExpenses": 0,
        "generalAndAdministrativeExpenses": 1363000,
        "sellingAndMarketingExpenses": 426000,
        "sellingGeneralAndAdministrativeExpenses": 1323000,
        "otherExpenses": 16910000,
        "operatingExpenses": 9870000,
        "costAndExpenses": 11740000,
        "interestIncome": 0,
        "interestExpense": 491000,
        "depreciationAndAmortization": 8963000,
        "ebitda": 10862000,
        "ebitdaratio": 0.7963926974,
        "operatingIncome": 1899000,
        "operatingIncomeRatio": 0.1392330816,
        "totalOtherIncomeExpensesNet": -362000,
        "incomeBeforeTax": 1537000,
        "incomeBeforeTaxRatio": 0.1126915463,
        "incomeTaxExpense": 3000,
        "netIncome": 1534000,
        "netIncomeRatio": 0.1124715888,
        "eps": 0.13,
        "epsdiluted": 0.13,
        "weightedAverageShsOut": 11531250,
        "weightedAverageShsOutDil": 11531250,
        "link": "https://www.sec.gov/Archives/edgar/data/1703785/000156459021012915/0001564590-21-012915-index.htm",
        "finalLink": "https://www.sec.gov/Archives/edgar/data/1703785/000156459021012915/flmn-10k_20201231.htm"
    },
    {
        "date": "2020-09-30",
        "symbol": "STR",
        "reportedCurrency": "USD",
        "cik": "0001949543",
        "fillingDate": "2020-11-09",
        "acceptedDate": "2020-11-09 16:00:44",
        "calendarYear": "2020",
        "period": "Q3",
        "revenue": 9707000,
        "costOfRevenue": 1870000,
        "grossProfit": 7837000,
        "grossProfitRatio": 0.8073555166,
        "researchAndDevelopmentExpenses": 0,
        "generalAndAdministrativeExpenses": 2244000,
        "sellingAndMarketingExpenses": 562000,
        "sellingGeneralAndAdministrativeExpenses": 2214000,
        "otherExpenses": 0,
        "operatingExpenses": 11100000,
        "costAndExpenses": 12970000,
        "interestIncome": 0,
        "interestExpense": 490000,
        "depreciationAndAmortization": 7391000,
        "ebitda": 4132000,
        "ebitdaratio": 0.4256721953,
        "operatingIncome": -3259000,
        "operatingIncomeRatio": -0.3357370969,
        "totalOtherIncomeExpensesNet": 4818000,
        "incomeBeforeTax": -3684000,
        "incomeBeforeTaxRatio": -0.3795199341,
        "incomeTaxExpense": 89000,
        "netIncome": -3595000,
        "netIncomeRatio": -0.3703512929,
        "eps": -0.31,
        "epsdiluted": -0.31,
        "weightedAverageShsOut": 11513750,
        "weightedAverageShsOutDil": 11513750,
        "link": "https://www.sec.gov/Archives/edgar/data/1703785/000156459020052476/0001564590-20-052476-index.htm",
        "finalLink": "https://www.sec.gov/Archives/edgar/data/1703785/000156459020052476/flmn-10q_20200930.htm"
    },
    {
        "date": "2020-06-30",
        "symbol": "STR",
        "reportedCurrency": "USD",
        "cik": "0001949543",
        "fillingDate": "2020-08-07",
        "acceptedDate": "2020-08-07 17:43:10",
        "calendarYear": "2020",
        "period": "Q2",
        "revenue": 11176500,
        "costOfRevenue": 1870000,
        "grossProfit": 9306500,
        "grossProfitRatio": 0.8326846508,
        "researchAndDevelopmentExpenses": 0,
        "generalAndAdministrativeExpenses": 2890500,
        "sellingAndMarketingExpenses": 608000,
        "sellingGeneralAndAdministrativeExpenses": 2800000,
        "otherExpenses": 0,
        "operatingExpenses": 14728500,
        "costAndExpenses": 16598500,
        "interestIncome": 0,
        "interestExpense": 537000,
        "depreciationAndAmortization": 8253500,
        "ebitda": 4182000,
        "ebitdaratio": 0.3741779627,
        "operatingIncome": -4071500,
        "operatingIncomeRatio": -0.3642911466,
        "totalOtherIncomeExpensesNet": -592500,
        "incomeBeforeTax": -6014500,
        "incomeBeforeTaxRatio": -0.5381380575,
        "incomeTaxExpense": 62000,
        "netIncome": -6076500,
        "netIncomeRatio": -0.5436854114,
        "eps": -0.53,
        "epsdiluted": -0.53,
        "weightedAverageShsOut": 11500250,
        "weightedAverageShsOutDil": 11500250,
        "link": "https://www.sec.gov/Archives/edgar/data/1703785/000156459020038368/0001564590-20-038368-index.htm",
        "finalLink": "https://www.sec.gov/Archives/edgar/data/1703785/000156459020038368/flmn-10q_20200630.htm"
    },
    {
        "date": "2020-03-31",
        "symbol": "STR",
        "reportedCurrency": "USD",
        "cik": "0001949543",
        "fillingDate": "2020-05-11",
        "acceptedDate": "2020-05-11 16:02:02",
        "calendarYear": "2020",
        "period": "Q1",
        "revenue": 11176500,
        "costOfRevenue": 1870000,
        "grossProfit": 9306500,
        "grossProfitRatio": 0.8326846508,
        "researchAndDevelopmentExpenses": 0,
        "generalAndAdministrativeExpenses": 2890500,
        "sellingAndMarketingExpenses": 397000,
        "sellingGeneralAndAdministrativeExpenses": 2800000,
        "otherExpenses": 0,
        "operatingExpenses": 14728500,
        "costAndExpenses": 16598500,
        "interestIncome": 0,
        "interestExpense": 680000,
        "depreciationAndAmortization": 8253500,
        "ebitda": 4182000,
        "ebitdaratio": 0.3741779627,
        "operatingIncome": -4071500,
        "operatingIncomeRatio": -0.3642911466,
        "totalOtherIncomeExpensesNet": -592500,
        "incomeBeforeTax": -6014500,
        "incomeBeforeTaxRatio": -0.5381380575,
        "incomeTaxExpense": 62000,
        "netIncome": -6076500,
        "netIncomeRatio": -0.5436854114,
        "eps": -0.53,
        "epsdiluted": -0.53,
        "weightedAverageShsOut": 11491750,
        "weightedAverageShsOutDil": 11491750,
        "link": "https://www.sec.gov/Archives/edgar/data/1703785/000156459020024155/0001564590-20-024155-index.htm",
        "finalLink": "https://www.sec.gov/Archives/edgar/data/1703785/000156459020024155/flmn-10q_20200331.htm"
    },
    {
        "date": "2019-12-31",
        "symbol": "STR",
        "reportedCurrency": "USD",
        "cik": "0001949543",
        "fillingDate": "2020-03-13",
        "acceptedDate": "2020-03-13 16:28:50",
        "calendarYear": "2019",
        "period": "Q4",
        "revenue": 13052000,
        "costOfRevenue": 4435000,
        "grossProfit": 8617000,
        "grossProfitRatio": 0.6602053325,
        "researchAndDevelopmentExpenses": 0,
        "generalAndAdministrativeExpenses": 3184000,
        "sellingAndMarketingExpenses": 463000,
        "sellingGeneralAndAdministrativeExpenses": 3647000,
        "otherExpenses": 0,
        "operatingExpenses": 3647000,
        "costAndExpenses": 8082000,
        "interestIncome": 0,
        "interestExpense": 651000,
        "depreciationAndAmortization": 29000,
        "ebitda": 3006000,
        "ebitdaratio": 0.2303095311,
        "operatingIncome": 4970000,
        "operatingIncomeRatio": 0.3807845541,
        "totalOtherIncomeExpensesNet": -620000,
        "incomeBeforeTax": 4350000,
        "incomeBeforeTaxRatio": 0.3332822556,
        "incomeTaxExpense": -2000,
        "netIncome": 2328000,
        "netIncomeRatio": 0.1783634692,
        "eps": 0.2,
        "epsdiluted": 0.2,
        "weightedAverageShsOut": 11491750,
        "weightedAverageShsOutDil": 11491750,
        "link": "https://www.sec.gov/Archives/edgar/data/1703785/000156459020010843/0001564590-20-010843-index.htm",
        "finalLink": "https://www.sec.gov/Archives/edgar/data/1703785/000156459020010843/flmn-10k_20191231.htm"
    },
    {
        "date": "2019-09-30",
        "symbol": "STR",
        "reportedCurrency": "USD",
        "cik": "0001949543",
        "fillingDate": "2019-11-08",
        "acceptedDate": "2019-11-08 16:01:52",
        "calendarYear": "2019",
        "period": "Q3",
        "revenue": 15908000,
        "costOfRevenue": 4075000,
        "grossProfit": 11833000,
        "grossProfitRatio": 0.7438395776,
        "researchAndDevelopmentExpenses": 0,
        "generalAndAdministrativeExpenses": 3168000,
        "sellingAndMarketingExpenses": 584000,
        "sellingGeneralAndAdministrativeExpenses": 3752000,
        "otherExpenses": 0,
        "operatingExpenses": 3752000,
        "costAndExpenses": 7827000,
        "interestIncome": 0,
        "interestExpense": 650000,
        "depreciationAndAmortization": 23000,
        "ebitda": 8081000,
        "ebitdaratio": 0.5079834046,
        "operatingIncome": 8081000,
        "operatingIncomeRatio": 0.5079834046,
        "totalOtherIncomeExpensesNet": -592000,
        "incomeBeforeTax": 7489000,
        "incomeBeforeTaxRatio": 0.4707694242,
        "incomeTaxExpense": 1132000,
        "netIncome": 2884000,
        "netIncomeRatio": 0.1812924315,
        "eps": 0.25,
        "epsdiluted": 0.25,
        "weightedAverageShsOut": 11474750,
        "weightedAverageShsOutDil": 11474750,
        "link": "https://www.sec.gov/Archives/edgar/data/1703785/000156459019042240/0001564590-19-042240-index.htm",
        "finalLink": "https://www.sec.gov/Archives/edgar/data/1703785/000156459019042240/flmn-10q_20190930.htm"
    },
    {
        "date": "2019-06-30",
        "symbol": "STR",
        "reportedCurrency": "USD",
        "cik": "0001949543",
        "fillingDate": "2019-08-09",
        "acceptedDate": "2019-08-09 16:01:46",
        "calendarYear": "2019",
        "period": "Q2",
        "revenue": 18246000,
        "costOfRevenue": 3850000,
        "grossProfit": 14396000,
        "grossProfitRatio": 0.7889948482,
        "researchAndDevelopmentExpenses": 0,
        "generalAndAdministrativeExpenses": 3055000,
        "sellingAndMarketingExpenses": 565000,
        "sellingGeneralAndAdministrativeExpenses": 3620000,
        "otherExpenses": 0,
        "operatingExpenses": 3620000,
        "costAndExpenses": 7470000,
        "interestIncome": 0,
        "interestExpense": 535000,
        "depreciationAndAmortization": 2952000,
        "ebitda": 13773000,
        "ebitdaratio": 0.7548503782,
        "operatingIncome": 10776000,
        "operatingIncomeRatio": 0.5905951989,
        "totalOtherIncomeExpensesNet": -491000,
        "incomeBeforeTax": 10285000,
        "incomeBeforeTaxRatio": 0.5636851913,
        "incomeTaxExpense": 1383000,
        "netIncome": 3756000,
        "netIncomeRatio": 0.2058533377,
        "eps": 0.33,
        "epsdiluted": 0.33,
        "weightedAverageShsOut": 11464500,
        "weightedAverageShsOutDil": 11464500,
        "link": "https://www.sec.gov/Archives/edgar/data/1703785/000156459019031244/0001564590-19-031244-index.htm",
        "finalLink": "https://www.sec.gov/Archives/edgar/data/1703785/000156459019031244/flmn-10q_20190630.htm"
    },
    {
        "date": "2019-03-31",
        "symbol": "STR",
        "reportedCurrency": "USD",
        "cik": "0001949543",
        "fillingDate": "2019-05-08",
        "acceptedDate": "2019-05-08 16:17:12",
        "calendarYear": "2019",
        "period": "Q1",
        "revenue": 21258000,
        "costOfRevenue": 4639000,
        "grossProfit": 16619000,
        "grossProfitRatio": 0.7817762725,
        "researchAndDevelopmentExpenses": 0,
        "generalAndAdministrativeExpenses": 2504000,
        "sellingAndMarketingExpenses": 784000,
        "sellingGeneralAndAdministrativeExpenses": 3288000,
        "otherExpenses": 0,
        "operatingExpenses": 3288000,
        "costAndExpenses": 7927000,
        "interestIncome": 0,
        "interestExpense": 654000,
        "depreciationAndAmortization": 3511000,
        "ebitda": 16873000,
        "ebitdaratio": 0.7937247154,
        "operatingIncome": 13331000,
        "operatingIncomeRatio": 0.6271050898,
        "totalOtherIncomeExpensesNet": -623000,
        "incomeBeforeTax": 12708000,
        "incomeBeforeTaxRatio": 0.5977984759,
        "incomeTaxExpense": 1405000,
        "netIncome": 5382000,
        "netIncomeRatio": 0.2531752752,
        "eps": 0.47,
        "epsdiluted": 0.47,
        "weightedAverageShsOut": 11464000,
        "weightedAverageShsOutDil": 11464000,
        "link": "https://www.sec.gov/Archives/edgar/data/1703785/000156459019017216/0001564590-19-017216-index.htm",
        "finalLink": "https://www.sec.gov/Archives/edgar/data/1703785/000156459019017216/flmn-10q_20190331.htm"
    },
    {
        "date": "2018-12-31",
        "symbol": "STR",
        "reportedCurrency": "USD",
        "cik": "0001949543",
        "fillingDate": "2019-03-14",
        "acceptedDate": "2019-03-14 16:31:50",
        "calendarYear": "2018",
        "period": "Q4",
        "revenue": 26301000,
        "costOfRevenue": 5072000,
        "grossProfit": 21229000,
        "grossProfitRatio": 0.8071556215,
        "researchAndDevelopmentExpenses": 0,
        "generalAndAdministrativeExpenses": 2531000,
        "sellingAndMarketingExpenses": 881000,
        "sellingGeneralAndAdministrativeExpenses": 3412000,
        "otherExpenses": 0,
        "operatingExpenses": 3412000,
        "costAndExpenses": 8484000,
        "interestIncome": 0,
        "interestExpense": 750000,
        "depreciationAndAmortization": 3783000,
        "ebitda": 21606000,
        "ebitdaratio": 0.8214896772,
        "operatingIncome": 17817000,
        "operatingIncomeRatio": 0.6774267138,
        "totalOtherIncomeExpensesNet": -744000,
        "incomeBeforeTax": 17074000,
        "incomeBeforeTaxRatio": 0.6491768374,
        "incomeTaxExpense": 2482000,
        "netIncome": 6638000,
        "netIncomeRatio": 0.2523858408,
        "eps": 0.58,
        "epsdiluted": 0.58,
        "weightedAverageShsOut": 11464000,
        "weightedAverageShsOutDil": 11464000,
        "link": "https://www.sec.gov/Archives/edgar/data/1703785/000156459019007840/0001564590-19-007840-index.htm",
        "finalLink": "https://www.sec.gov/Archives/edgar/data/1703785/000156459019007840/flmn-10k_20181231.htm"
    },
    {
        "date": "2018-09-30",
        "symbol": "STR",
        "reportedCurrency": "USD",
        "cik": "0001949543",
        "fillingDate": "2018-11-13",
        "acceptedDate": "2018-11-13 06:37:49",
        "calendarYear": "2018",
        "period": "Q3",
        "revenue": 24283000,
        "costOfRevenue": 5820000,
        "grossProfit": 18463000,
        "grossProfitRatio": 0.7603261541,
        "researchAndDevelopmentExpenses": 0,
        "generalAndAdministrativeExpenses": 1132000,
        "sellingAndMarketingExpenses": 493000,
        "sellingGeneralAndAdministrativeExpenses": 1625000,
        "otherExpenses": 0,
        "operatingExpenses": 1625000,
        "costAndExpenses": 7445000,
        "interestIncome": 0,
        "interestExpense": 557000,
        "depreciationAndAmortization": 4675000,
        "ebitda": 21370000,
        "ebitdaratio": 0.8800395338,
        "operatingIncome": 16838000,
        "operatingIncomeRatio": 0.6934069102,
        "totalOtherIncomeExpensesNet": -519000,
        "incomeBeforeTax": 16319000,
        "incomeBeforeTaxRatio": 0.6720339332,
        "incomeTaxExpense": 810000,
        "netIncome": 12667000,
        "netIncomeRatio": 0.521640654,
        "eps": 1.1,
        "epsdiluted": 0.59,
        "weightedAverageShsOut": 11463750,
        "weightedAverageShsOutDil": 11463875,
        "link": "https://www.sec.gov/Archives/edgar/data/1703785/000121390018015356/0001213900-18-015356-index.htm",
        "finalLink": "https://www.sec.gov/Archives/edgar/data/1703785/000121390018015356/f10q0918_falconminerals.htm"
    },
    {
        "date": "2018-06-30",
        "symbol": "STR",
        "reportedCurrency": "USD",
        "cik": "0001949543",
        "fillingDate": "2018-08-10",
        "acceptedDate": "2018-08-10 16:06:06",
        "calendarYear": "2018",
        "period": "Q2",
        "revenue": 26313000,
        "costOfRevenue": 6128000,
        "grossProfit": 20185000,
        "grossProfitRatio": 0.7671113138,
        "researchAndDevelopmentExpenses": 0,
        "generalAndAdministrativeExpenses": 3423000,
        "sellingAndMarketingExpenses": 463000,
        "sellingGeneralAndAdministrativeExpenses": 3886000,
        "otherExpenses": 0,
        "operatingExpenses": 3886000,
        "costAndExpenses": 10014000,
        "interestIncome": 1054471,
        "interestExpense": 420000,
        "depreciationAndAmortization": 5283000,
        "ebitda": -433022,
        "ebitdaratio": -0.0164565804,
        "operatingIncome": 16299000,
        "operatingIncomeRatio": 0.6194276593,
        "totalOtherIncomeExpensesNet": -15550767,
        "incomeBeforeTax": 15987000,
        "incomeBeforeTaxRatio": 0.6075704025,
        "incomeTaxExpense": -146820,
        "netIncome": 16956000,
        "netIncomeRatio": 0.644396306,
        "eps": 1.48,
        "epsdiluted": 1.48,
        "weightedAverageShsOut": 11463750,
        "weightedAverageShsOutDil": 11463750,
        "link": "https://www.sec.gov/Archives/edgar/data/1703785/000121390018010700/0001213900-18-010700-index.htm",
        "finalLink": "https://www.sec.gov/Archives/edgar/data/1703785/000121390018010700/f10q0618_ospreyenergy.htm"
    },
    {
        "date": "2018-03-31",
        "symbol": "STR",
        "reportedCurrency": "USD",
        "cik": "0001949543",
        "fillingDate": "2018-05-09",
        "acceptedDate": "2018-05-09 17:14:51",
        "calendarYear": "2018",
        "period": "Q1",
        "revenue": 20303000,
        "costOfRevenue": 5085000,
        "grossProfit": 15218000,
        "grossProfitRatio": 0.7495444023,
        "researchAndDevelopmentExpenses": 0,
        "generalAndAdministrativeExpenses": 2457000,
        "sellingAndMarketingExpenses": 531000,
        "sellingGeneralAndAdministrativeExpenses": 2988000,
        "otherExpenses": 0,
        "operatingExpenses": 2988000,
        "costAndExpenses": 8073000,
        "interestIncome": 940110,
        "interestExpense": 623000,
        "depreciationAndAmortization": 4795000,
        "ebitda": -174900,
        "ebitdaratio": -0.0086144905,
        "operatingIncome": 12230000,
        "operatingIncomeRatio": 0.6023740334,
        "totalOtherIncomeExpensesNet": -11564803,
        "incomeBeforeTax": 52881000,
        "incomeBeforeTaxRatio": 2.6045904546,
        "incomeTaxExpense": -207154,
        "netIncome": 53866000,
        "netIncomeRatio": 2.6531054524,
        "eps": 4.7,
        "epsdiluted": 4.7,
        "weightedAverageShsOut": 11463750,
        "weightedAverageShsOutDil": 11463750,
        "link": "https://www.sec.gov/Archives/edgar/data/1703785/000121390018005771/0001213900-18-005771-index.htm",
        "finalLink": "https://www.sec.gov/Archives/edgar/data/1703785/000121390018005771/f10q0318_ospreyenergy.htm"
    },
    {
        "date": "2017-12-31",
        "symbol": "STR",
        "reportedCurrency": "USD",
        "cik": "0001949543",
        "fillingDate": "2018-03-16",
        "acceptedDate": "2018-03-16 16:11:07",
        "calendarYear": "2017",
        "period": "Q4",
        "revenue": 25854000,
        "costOfRevenue": 7439000,
        "grossProfit": 18415000,
        "grossProfitRatio": 0.7122688946,
        "researchAndDevelopmentExpenses": 0,
        "generalAndAdministrativeExpenses": 4031000,
        "sellingAndMarketingExpenses": 1379000,
        "sellingGeneralAndAdministrativeExpenses": 5410000,
        "otherExpenses": 0,
        "operatingExpenses": 5410000,
        "costAndExpenses": 12849000,
        "interestIncome": 1464784,
        "interestExpense": 718000,
        "depreciationAndAmortization": 6374000,
        "ebitda": 433470,
        "ebitdaratio": 0.016766071,
        "operatingIncome": 13005000,
        "operatingIncomeRatio": 0.5030169413,
        "totalOtherIncomeExpensesNet": 30757000,
        "incomeBeforeTax": 43762000,
        "incomeBeforeTaxRatio": 1.6926587762,
        "incomeTaxExpense": -61569512,
        "netIncome": 44992000,
        "netIncomeRatio": 1.7402336196,
        "eps": 3.92,
        "epsdiluted": 3.92,
        "weightedAverageShsOut": 11463750,
        "weightedAverageShsOutDil": 11463750,
        "link": "https://www.sec.gov/Archives/edgar/data/1703785/000121390018003075/0001213900-18-003075-index.htm",
        "finalLink": "https://www.sec.gov/Archives/edgar/data/1703785/000121390018003075/f10k2017_ospreyenergy.htm"
    },
    {
        "date": "2017-09-30",
        "symbol": "STR",
        "reportedCurrency": "USD",
        "cik": "0001949543",
        "fillingDate": "2017-11-14",
        "acceptedDate": "2017-11-14 16:02:50",
        "calendarYear": "2017",
        "period": "Q3",
        "revenue": 19054000,
        "costOfRevenue": 8973000,
        "grossProfit": 10081000,
        "grossProfitRatio": 0.5290752598,
        "researchAndDevelopmentExpenses": 0,
        "generalAndAdministrativeExpenses": 1160000,
        "sellingAndMarketingExpenses": 1367000,
        "sellingGeneralAndAdministrativeExpenses": 2527000,
        "otherExpenses": 0,
        "operatingExpenses": 2527000,
        "costAndExpenses": 11500000,
        "interestIncome": 519172,
        "interestExpense": 710000,
        "depreciationAndAmortization": 659000,
        "ebitda": -98267,
        "ebitdaratio": -0.0051572898,
        "operatingIncome": 7554000,
        "operatingIncomeRatio": 0.3964521885,
        "totalOtherIncomeExpensesNet": -7092456,
        "incomeBeforeTax": 6844000,
        "incomeBeforeTaxRatio": 0.3591896715,
        "incomeTaxExpense": -169606,
        "netIncome": 7503000,
        "netIncomeRatio": 0.3937755852,
        "eps": 0.65,
        "epsdiluted": 0.65,
        "weightedAverageShsOut": 11463750,
        "weightedAverageShsOutDil": 11463750,
        "link": "https://www.sec.gov/Archives/edgar/data/1703785/000121390017012077/0001213900-17-012077-index.htm",
        "finalLink": "https://www.sec.gov/Archives/edgar/data/1703785/000121390017012077/f10q0917_ospreyenergyacq.htm"
    },
    {
        "date": "2017-06-30",
        "symbol": "STR",
        "reportedCurrency": "USD",
        "cik": "0001949543",
        "fillingDate": "2017-09-05",
        "acceptedDate": "2017-09-05 16:31:14",
        "calendarYear": "2017",
        "period": "Q2",
        "revenue": 0,
        "costOfRevenue": 0,
        "grossProfit": 0,
        "grossProfitRatio": 0,
        "researchAndDevelopmentExpenses": 0,
        "generalAndAdministrativeExpenses": 0,
        "sellingAndMarketingExpenses": 0,
        "sellingGeneralAndAdministrativeExpenses": 0,
        "otherExpenses": 0,
        "operatingExpenses": 0,
        "costAndExpenses": 0,
        "interestIncome": 0,
        "interestExpense": 0,
        "depreciationAndAmortization": 0,
        "ebitda": 0,
        "ebitdaratio": 0,
        "operatingIncome": 0,
        "operatingIncomeRatio": 0,
        "totalOtherIncomeExpensesNet": 0,
        "incomeBeforeTax": 0,
        "incomeBeforeTaxRatio": 0,
        "incomeTaxExpense": 0,
        "netIncome": 0,
        "netIncomeRatio": 0,
        "eps": -1.408e-05,
        "epsdiluted": -1.408e-05,
        "weightedAverageShsOut": 6250000,
        "weightedAverageShsOutDil": 6250000,
        "link": "https://www.sec.gov/Archives/edgar/data/1703785/000121390017009433/0001213900-17-009433-index.htm",
        "finalLink": "https://www.sec.gov/Archives/edgar/data/1703785/000121390017009433/f10q0617_ospreyenergy.htm"
    },
    {
        "date": "2016-06-30",
        "symbol": "STR",
        "reportedCurrency": "USD",
        "cik": "0001949543",
        "fillingDate": "2016-08-04",
        "acceptedDate": "2016-08-03 18:09:41",
        "calendarYear": "2016",
        "period": "Q2",
        "revenue": 174100000,
        "costOfRevenue": 300000,
        "grossProfit": 173800000,
        "grossProfitRatio": 0.9982768524,
        "researchAndDevelopmentExpenses": 0,
        "generalAndAdministrativeExpenses": 26000000,
        "sellingAndMarketingExpenses": 83800000,
        "sellingGeneralAndAdministrativeExpenses": 109800000,
        "otherExpenses": 0,
        "operatingExpenses": 109800000,
        "costAndExpenses": 110100000,
        "interestIncome": 0,
        "interestExpense": 15500000,
        "depreciationAndAmortization": 76300000,
        "ebitda": 142700000,
        "ebitdaratio": 0.8196438828,
        "operatingIncome": 64400000,
        "operatingIncomeRatio": 0.369902355,
        "totalOtherIncomeExpensesNet": -13500000,
        "incomeBeforeTax": 50900000,
        "incomeBeforeTaxRatio": 0.2923607122,
        "incomeTaxExpense": 17800000,
        "netIncome": 33100000,
        "netIncomeRatio": 0.1901206203,
        "eps": 0.19,
        "epsdiluted": 0.19,
        "weightedAverageShsOut": 175900000,
        "weightedAverageShsOutDil": 176200000,
        "link": "https://www.sec.gov/Archives/edgar/data/751652/000075165216000410/0000751652-16-000410-index.htm",
        "finalLink": "https://www.sec.gov/Archives/edgar/data/751652/000075165216000410/str6301610-q.htm"
    },
    {
        "date": "2016-03-31",
        "symbol": "STR",
        "reportedCurrency": "USD",
        "cik": "0001949543",
        "fillingDate": "2016-04-28",
        "acceptedDate": "2016-04-28 15:26:35",
        "calendarYear": "2016",
        "period": "Q1",
        "revenue": 456300000,
        "costOfRevenue": 100000,
        "grossProfit": 456200000,
        "grossProfitRatio": 0.9997808459,
        "researchAndDevelopmentExpenses": 0,
        "generalAndAdministrativeExpenses": 29600000,
        "sellingAndMarketingExpenses": 291300000,
        "sellingGeneralAndAdministrativeExpenses": 320900000,
        "otherExpenses": 0,
        "operatingExpenses": 320900000,
        "costAndExpenses": 321000000,
        "interestIncome": 0,
        "interestExpense": 15800000,
        "depreciationAndAmortization": 74500000,
        "ebitda": 212200000,
        "ebitdaratio": 0.4650449266,
        "operatingIncome": 135700000,
        "operatingIncomeRatio": 0.2973920666,
        "totalOtherIncomeExpensesNet": -13800000,
        "incomeBeforeTax": 121900000,
        "incomeBeforeTaxRatio": 0.2671488056,
        "incomeTaxExpense": 43400000,
        "netIncome": 78500000,
        "netIncomeRatio": 0.1720359413,
        "eps": 0.45,
        "epsdiluted": 0.45,
        "weightedAverageShsOut": 175800000,
        "weightedAverageShsOutDil": 176100000,
        "link": "https://www.sec.gov/Archives/edgar/data/68589/000075165216000358/0000751652-16-000358-index.html",
        "finalLink": "https://www.sec.gov/Archives/edgar/data/68589/000075165216000358/str3311610-q.htm"
    },
    {
        "date": "2015-12-31",
        "symbol": "STR",
        "reportedCurrency": "USD",
        "cik": "0001949543",
        "fillingDate": "2016-02-18",
        "acceptedDate": "2016-02-18 16:19:15",
        "calendarYear": "2015",
        "period": "Q4",
        "revenue": 364700000,
        "costOfRevenue": 6600000,
        "grossProfit": 358100000,
        "grossProfitRatio": 0.9819029339,
        "researchAndDevelopmentExpenses": 0,
        "generalAndAdministrativeExpenses": 25700000,
        "sellingAndMarketingExpenses": 249400000,
        "sellingGeneralAndAdministrativeExpenses": 275100000,
        "otherExpenses": 0,
        "operatingExpenses": 275100000,
        "costAndExpenses": 281700000,
        "interestIncome": 0,
        "interestExpense": 15600000,
        "depreciationAndAmortization": 70800000,
        "ebitda": 161500000,
        "ebitdaratio": 0.4428297231,
        "operatingIncome": 89800000,
        "operatingIncomeRatio": 0.2462297779,
        "totalOtherIncomeExpensesNet": -14700000,
        "incomeBeforeTax": 75100000,
        "incomeBeforeTaxRatio": 0.2059226762,
        "incomeTaxExpense": 24200000,
        "netIncome": 50900000,
        "netIncomeRatio": 0.1395667672,
        "eps": 0.29,
        "epsdiluted": 0.29,
        "weightedAverageShsOut": 176100000,
        "weightedAverageShsOutDil": 176300000,
        "link": "https://www.sec.gov/Archives/edgar/data/68589/000075165216000260/0000751652-16-000260-index.html",
        "finalLink": "https://www.sec.gov/Archives/edgar/data/68589/000075165216000260/str12311510k.htm"
    },
    {
        "date": "2015-09-30",
        "symbol": "STR",
        "reportedCurrency": "USD",
        "cik": "0001949543",
        "fillingDate": "2015-11-05",
        "acceptedDate": "2015-11-05 14:35:04",
        "calendarYear": "2015",
        "period": "Q3",
        "revenue": 142300000,
        "costOfRevenue": 600000,
        "grossProfit": 141700000,
        "grossProfitRatio": 0.9957835559,
        "researchAndDevelopmentExpenses": 0,
        "generalAndAdministrativeExpenses": 26500000,
        "sellingAndMarketingExpenses": 53700000,
        "sellingGeneralAndAdministrativeExpenses": 80200000,
        "otherExpenses": 0,
        "operatingExpenses": 80200000,
        "costAndExpenses": 80800000,
        "interestIncome": 0,
        "interestExpense": 15700000,
        "depreciationAndAmortization": 72100000,
        "ebitda": 136600000,
        "ebitdaratio": 0.9599437807,
        "operatingIncome": 62300000,
        "operatingIncomeRatio": 0.4378074491,
        "totalOtherIncomeExpensesNet": -13500000,
        "incomeBeforeTax": 48800000,
        "incomeBeforeTaxRatio": 0.3429374561,
        "incomeTaxExpense": 16200000,
        "netIncome": 32600000,
        "netIncomeRatio": 0.2290934645,
        "eps": 0.18,
        "epsdiluted": 0.18,
        "weightedAverageShsOut": 176300000,
        "weightedAverageShsOutDil": 176500000,
        "link": "https://www.sec.gov/Archives/edgar/data/68589/000075165215000204/0000751652-15-000204-index.html",
        "finalLink": "https://www.sec.gov/Archives/edgar/data/68589/000075165215000204/str9301510-q.htm"
    },
    {
        "date": "2015-06-30",
        "symbol": "STR",
        "reportedCurrency": "USD",
        "cik": "0001949543",
        "fillingDate": "2015-08-06",
        "acceptedDate": "2015-08-06 11:06:14",
        "calendarYear": "2015",
        "period": "Q2",
        "revenue": 199300000,
        "costOfRevenue": 200000,
        "grossProfit": 199100000,
        "grossProfitRatio": 0.9989964877,
        "researchAndDevelopmentExpenses": 0,
        "generalAndAdministrativeExpenses": 27400000,
        "sellingAndMarketingExpenses": 98000000,
        "sellingGeneralAndAdministrativeExpenses": 125400000,
        "otherExpenses": 0,
        "operatingExpenses": 125400000,
        "costAndExpenses": 125200000,
        "interestIncome": 0,
        "interestExpense": 15800000,
        "depreciationAndAmortization": 70100000,
        "ebitda": 147900000,
        "ebitdaratio": 0.7420973407,
        "operatingIncome": 75300000,
        "operatingIncomeRatio": 0.3778223783,
        "totalOtherIncomeExpensesNet": -13300000,
        "incomeBeforeTax": 62000000,
        "incomeBeforeTaxRatio": 0.3110888108,
        "incomeTaxExpense": 21400000,
        "netIncome": 40600000,
        "netIncomeRatio": 0.2037129955,
        "eps": 0.23,
        "epsdiluted": 0.23,
        "weightedAverageShsOut": 176300000,
        "weightedAverageShsOutDil": 176500000,
        "link": "https://www.sec.gov/Archives/edgar/data/68589/000075165215000151/0000751652-15-000151-index.html",
        "finalLink": "https://www.sec.gov/Archives/edgar/data/68589/000075165215000151/str6301510-q.htm"
    },
    {
        "date": "2015-03-31",
        "symbol": "STR",
        "reportedCurrency": "USD",
        "cik": "0001949543",
        "fillingDate": "2015-04-30",
        "acceptedDate": "2015-04-30 10:22:28",
        "calendarYear": "2015",
        "period": "Q1",
        "revenue": 428600000,
        "costOfRevenue": 1900000,
        "grossProfit": 426700000,
        "grossProfitRatio": 0.9955669622,
        "researchAndDevelopmentExpenses": 0,
        "generalAndAdministrativeExpenses": 29400000,
        "sellingAndMarketingExpenses": 252200000,
        "sellingGeneralAndAdministrativeExpenses": 281600000,
        "otherExpenses": 0,
        "operatingExpenses": 281600000,
        "costAndExpenses": 283500000,
        "interestIncome": 0,
        "interestExpense": 15900000,
        "depreciationAndAmortization": 71100000,
        "ebitda": 220400000,
        "ebitdaratio": 0.5142323845,
        "operatingIncome": 147000000,
        "operatingIncomeRatio": 0.3429771349,
        "totalOtherIncomeExpensesNet": -13600000,
        "incomeBeforeTax": 133400000,
        "incomeBeforeTaxRatio": 0.3112459169,
        "incomeTaxExpense": 48800000,
        "netIncome": 84600000,
        "netIncomeRatio": 0.1973868409,
        "eps": 0.48,
        "epsdiluted": 0.48,
        "weightedAverageShsOut": 176200000,
        "weightedAverageShsOutDil": 176500000,
        "link": "https://www.sec.gov/Archives/edgar/data/68589/000075165215000111/0000751652-15-000111-index.html",
        "finalLink": "https://www.sec.gov/Archives/edgar/data/68589/000075165215000111/str3311510-q.htm"
    },
    {
        "date": "2014-12-31",
        "symbol": "STR",
        "reportedCurrency": "USD",
        "cik": "0001949543",
        "fillingDate": "2015-02-20",
        "acceptedDate": "2015-02-19 17:34:32",
        "calendarYear": "2014",
        "period": "Q4",
        "revenue": 373200000,
        "costOfRevenue": 1000000,
        "grossProfit": 372200000,
        "grossProfitRatio": 0.9973204716,
        "researchAndDevelopmentExpenses": 0,
        "generalAndAdministrativeExpenses": 39900000,
        "sellingAndMarketingExpenses": 221200000,
        "sellingGeneralAndAdministrativeExpenses": 261100000,
        "otherExpenses": 0,
        "operatingExpenses": 261100000,
        "costAndExpenses": 262100000,
        "interestIncome": 0,
        "interestExpense": 15800000,
        "depreciationAndAmortization": 79900000,
        "ebitda": 194000000,
        "ebitdaratio": 0.5198285102,
        "operatingIncome": 111700000,
        "operatingIncomeRatio": 0.2993033226,
        "totalOtherIncomeExpensesNet": -13400000,
        "incomeBeforeTax": 98300000,
        "incomeBeforeTaxRatio": 0.263397642,
        "incomeTaxExpense": 35800000,
        "netIncome": 62500000,
        "netIncomeRatio": 0.1674705252,
        "eps": 0.36,
        "epsdiluted": 0.35,
        "weightedAverageShsOut": 175800000,
        "weightedAverageShsOutDil": 176100000,
        "link": "https://www.sec.gov/Archives/edgar/data/751652/000075165215000024/0000751652-15-000024-index.htm",
        "finalLink": "https://www.sec.gov/Archives/edgar/data/751652/000075165215000024/str12311410k.htm"
    },
    {
        "date": "2014-09-30",
        "symbol": "STR",
        "reportedCurrency": "USD",
        "cik": "0001949543",
        "fillingDate": "2014-10-30",
        "acceptedDate": "2014-10-30 13:54:13",
        "calendarYear": "2014",
        "period": "Q3",
        "revenue": 157900000,
        "costOfRevenue": 600000,
        "grossProfit": 157300000,
        "grossProfitRatio": 0.9962001267,
        "researchAndDevelopmentExpenses": 0,
        "generalAndAdministrativeExpenses": 26000000,
        "sellingAndMarketingExpenses": 64500000,
        "sellingGeneralAndAdministrativeExpenses": 90500000,
        "otherExpenses": 0,
        "operatingExpenses": 90500000,
        "costAndExpenses": 91100000,
        "interestIncome": 0,
        "interestExpense": 15700000,
        "depreciationAndAmortization": 67500000,
        "ebitda": 139300000,
        "ebitdaratio": 0.8822039265,
        "operatingIncome": 68900000,
        "operatingIncomeRatio": 0.4363521216,
        "totalOtherIncomeExpensesNet": -12800000,
        "incomeBeforeTax": 56100000,
        "incomeBeforeTaxRatio": 0.3552881571,
        "incomeTaxExpense": 17500000,
        "netIncome": 38600000,
        "netIncomeRatio": 0.244458518,
        "eps": 0.22,
        "epsdiluted": 0.22,
        "weightedAverageShsOut": 175800000,
        "weightedAverageShsOutDil": 176100000,
        "link": "https://www.sec.gov/Archives/edgar/data/68589/000075165214000202/0000751652-14-000202-index.html",
        "finalLink": "https://www.sec.gov/Archives/edgar/data/68589/000075165214000202/str9301410-q.htm"
    },
    {
        "date": "2014-06-30",
        "symbol": "STR",
        "reportedCurrency": "USD",
        "cik": "0001949543",
        "fillingDate": "2014-07-31",
        "acceptedDate": "2014-07-31 13:35:54",
        "calendarYear": "2014",
        "period": "Q2",
        "revenue": 201300000,
        "costOfRevenue": 2400000,
        "grossProfit": 198900000,
        "grossProfitRatio": 0.9880774963,
        "researchAndDevelopmentExpenses": 0,
        "generalAndAdministrativeExpenses": 30500000,
        "sellingAndMarketingExpenses": 94400000,
        "sellingGeneralAndAdministrativeExpenses": 124900000,
        "otherExpenses": 0,
        "operatingExpenses": 124900000,
        "costAndExpenses": 127300000,
        "interestIncome": 0,
        "interestExpense": 15800000,
        "depreciationAndAmortization": 88600000,
        "ebitda": 167200000,
        "ebitdaratio": 0.8306010929,
        "operatingIncome": 76500000,
        "operatingIncomeRatio": 0.3800298063,
        "totalOtherIncomeExpensesNet": -13700000,
        "incomeBeforeTax": 62800000,
        "incomeBeforeTaxRatio": 0.3119721808,
        "incomeTaxExpense": 22500000,
        "netIncome": 40300000,
        "netIncomeRatio": 0.2001987084,
        "eps": 0.23,
        "epsdiluted": 0.23,
        "weightedAverageShsOut": 175700000,
        "weightedAverageShsOutDil": 176100000,
        "link": "https://www.sec.gov/Archives/edgar/data/68589/000075165214000167/0000751652-14-000167-index.html",
        "finalLink": "https://www.sec.gov/Archives/edgar/data/68589/000075165214000167/str6301410-q.htm"
    },
    {
        "date": "2014-03-31",
        "symbol": "STR",
        "reportedCurrency": "USD",
        "cik": "0001949543",
        "fillingDate": "2014-04-30",
        "acceptedDate": "2014-04-30 11:31:04",
        "calendarYear": "2014",
        "period": "Q1",
        "revenue": 456900000,
        "costOfRevenue": 148000000,
        "grossProfit": 308900000,
        "grossProfitRatio": 0.6760779164,
        "researchAndDevelopmentExpenses": 0,
        "generalAndAdministrativeExpenses": 31500000,
        "sellingAndMarketingExpenses": 277100000,
        "sellingGeneralAndAdministrativeExpenses": 308600000,
        "otherExpenses": 0,
        "operatingExpenses": 308600000,
        "costAndExpenses": 456600000,
        "interestIncome": 0,
        "interestExpense": 15800000,
        "depreciationAndAmortization": 57200000,
        "ebitda": 208200000,
        "ebitdaratio": 0.4556795798,
        "operatingIncome": 148300000,
        "operatingIncomeRatio": 0.3245786824,
        "totalOtherIncomeExpensesNet": -13100000,
        "incomeBeforeTax": 135200000,
        "incomeBeforeTaxRatio": 0.2959072007,
        "incomeTaxExpense": 50100000,
        "netIncome": 85100000,
        "netIncomeRatio": 0.1862551981,
        "eps": 0.48,
        "epsdiluted": 0.48,
        "weightedAverageShsOut": 175700000,
        "weightedAverageShsOutDil": 176100000,
        "link": "https://www.sec.gov/Archives/edgar/data/68589/000075165214000108/0000751652-14-000108-index.html",
        "finalLink": "https://www.sec.gov/Archives/edgar/data/68589/000075165214000108/str3311410q.htm"
    },
    {
        "date": "2013-12-31",
        "symbol": "STR",
        "reportedCurrency": "USD",
        "cik": "0001949543",
        "fillingDate": "2014-02-25",
        "acceptedDate": "2014-02-25 17:18:05",
        "calendarYear": "2013",
        "period": "Q4",
        "revenue": 397900000,
        "costOfRevenue": 3400000,
        "grossProfit": 394500000,
        "grossProfitRatio": 0.9914551395,
        "researchAndDevelopmentExpenses": 0,
        "generalAndAdministrativeExpenses": 30800000,
        "sellingAndMarketingExpenses": 244200000,
        "sellingGeneralAndAdministrativeExpenses": 275000000,
        "otherExpenses": 0,
        "operatingExpenses": 275000000,
        "costAndExpenses": 278400000,
        "interestIncome": 0,
        "interestExpense": 14200000,
        "depreciationAndAmortization": 67100000,
        "ebitda": 191300000,
        "ebitdaratio": 0.4807740638,
        "operatingIncome": 122600000,
        "operatingIncomeRatio": 0.3081176175,
        "totalOtherIncomeExpensesNet": -12600000,
        "incomeBeforeTax": 110000000,
        "incomeBeforeTaxRatio": 0.2764513697,
        "incomeTaxExpense": 41900000,
        "netIncome": 68100000,
        "netIncomeRatio": 0.1711485298,
        "eps": 0.39,
        "epsdiluted": 0.39,
        "weightedAverageShsOut": 175400000,
        "weightedAverageShsOutDil": 176000000,
        "link": "https://www.sec.gov/Archives/edgar/data/751652/000075165214000049/0000751652-14-000049-index.htm",
        "finalLink": "https://www.sec.gov/Archives/edgar/data/751652/000075165214000049/str12311310k.htm"
    },
    {
        "date": "2013-09-30",
        "symbol": "STR",
        "reportedCurrency": "USD",
        "cik": "0001949543",
        "fillingDate": "2013-10-31",
        "acceptedDate": "2013-10-31 13:42:51",
        "calendarYear": "2013",
        "period": "Q3",
        "revenue": 149600000,
        "costOfRevenue": 500000,
        "grossProfit": 149100000,
        "grossProfitRatio": 0.996657754,
        "researchAndDevelopmentExpenses": 0,
        "generalAndAdministrativeExpenses": 24400000,
        "sellingAndMarketingExpenses": 144600000,
        "sellingGeneralAndAdministrativeExpenses": 169000000,
        "otherExpenses": 0,
        "operatingExpenses": 169000000,
        "costAndExpenses": 169500000,
        "interestIncome": 0,
        "interestExpense": 13900000,
        "depreciationAndAmortization": 63000000,
        "ebitda": 47800000,
        "ebitdaratio": 0.3195187166,
        "operatingIncome": -19000000,
        "operatingIncomeRatio": -0.1270053476,
        "totalOtherIncomeExpensesNet": -10000000,
        "incomeBeforeTax": -29000000,
        "incomeBeforeTaxRatio": -0.1938502674,
        "incomeTaxExpense": -10100000,
        "netIncome": -19000000,
        "netIncomeRatio": -0.1270053476,
        "eps": -0.11,
        "epsdiluted": -0.11,
        "weightedAverageShsOut": 175400000,
        "weightedAverageShsOutDil": 176100000,
        "link": "https://www.sec.gov/Archives/edgar/data/68589/000075165213000119/0000751652-13-000119-index.html",
        "finalLink": "https://www.sec.gov/Archives/edgar/data/68589/000075165213000119/str9301310q.htm"
    },
    {
        "date": "2013-06-30",
        "symbol": "STR",
        "reportedCurrency": "USD",
        "cik": "0001949543",
        "fillingDate": "2013-08-01",
        "acceptedDate": "2013-08-01 13:16:43",
        "calendarYear": "2013",
        "period": "Q2",
        "revenue": 195600000,
        "costOfRevenue": 1000000,
        "grossProfit": 194600000,
        "grossProfitRatio": 0.9948875256,
        "researchAndDevelopmentExpenses": 0,
        "generalAndAdministrativeExpenses": 32000000,
        "sellingAndMarketingExpenses": 92500000,
        "sellingGeneralAndAdministrativeExpenses": 124500000,
        "otherExpenses": 0,
        "operatingExpenses": 124500000,
        "costAndExpenses": 125500000,
        "interestIncome": 0,
        "interestExpense": 14300000,
        "depreciationAndAmortization": 62800000,
        "ebitda": 138100000,
        "ebitdaratio": 0.7060327198,
        "operatingIncome": 71200000,
        "operatingIncomeRatio": 0.36400818,
        "totalOtherIncomeExpensesNet": -10200000,
        "incomeBeforeTax": 61000000,
        "incomeBeforeTaxRatio": 0.3118609407,
        "incomeTaxExpense": 21600000,
        "netIncome": 39400000,
        "netIncomeRatio": 0.2014314928,
        "eps": 0.22,
        "epsdiluted": 0.22,
        "weightedAverageShsOut": 175400000,
        "weightedAverageShsOutDil": 176200000,
        "link": "https://www.sec.gov/Archives/edgar/data/68589/000075165213000060/0000751652-13-000060-index.html",
        "finalLink": "https://www.sec.gov/Archives/edgar/data/68589/000075165213000060/str6301310q.htm"
    },
    {
        "date": "2013-03-31",
        "symbol": "STR",
        "reportedCurrency": "USD",
        "cik": "0001949543",
        "fillingDate": "2013-05-01",
        "acceptedDate": "2013-05-01 17:21:06",
        "calendarYear": "2013",
        "period": "Q1",
        "revenue": 476900000,
        "costOfRevenue": 1200000,
        "grossProfit": 475700000,
        "grossProfitRatio": 0.9974837492,
        "researchAndDevelopmentExpenses": 0,
        "generalAndAdministrativeExpenses": 33800000,
        "sellingAndMarketingExpenses": 311700000,
        "sellingGeneralAndAdministrativeExpenses": 345500000,
        "otherExpenses": 0,
        "operatingExpenses": 345500000,
        "costAndExpenses": 346700000,
        "interestIncome": 0,
        "interestExpense": 14500000,
        "depreciationAndAmortization": 63600000,
        "ebitda": 198900000,
        "ebitdaratio": 0.4170685678,
        "operatingIncome": 131400000,
        "operatingIncomeRatio": 0.2755294611,
        "totalOtherIncomeExpensesNet": -10600000,
        "incomeBeforeTax": 120800000,
        "incomeBeforeTaxRatio": 0.2533025792,
        "incomeTaxExpense": 47900000,
        "netIncome": 72900000,
        "netIncomeRatio": 0.1528622353,
        "eps": 0.42,
        "epsdiluted": 0.41,
        "weightedAverageShsOut": 175300000,
        "weightedAverageShsOutDil": 176100000,
        "link": "https://www.sec.gov/Archives/edgar/data/68589/000075165213000036/0000751652-13-000036-index.html",
        "finalLink": "https://www.sec.gov/Archives/edgar/data/68589/000075165213000036/str3311310q.htm"
    },
    {
        "date": "2012-12-31",
        "symbol": "STR",
        "reportedCurrency": "USD",
        "cik": "0001949543",
        "fillingDate": "2013-02-22",
        "acceptedDate": "2013-02-21 21:03:45",
        "calendarYear": "2012",
        "period": "Q4",
        "revenue": 343000000,
        "costOfRevenue": 4800000,
        "grossProfit": 338200000,
        "grossProfitRatio": 0.9860058309,
        "researchAndDevelopmentExpenses": 0,
        "generalAndAdministrativeExpenses": 32800000,
        "sellingAndMarketingExpenses": 201600000,
        "sellingGeneralAndAdministrativeExpenses": 234400000,
        "otherExpenses": 0,
        "operatingExpenses": 234400000,
        "costAndExpenses": 239200000,
        "interestIncome": 0,
        "interestExpense": 13600000,
        "depreciationAndAmortization": 61300000,
        "ebitda": 172100000,
        "ebitdaratio": 0.5017492711,
        "operatingIncome": 108600000,
        "operatingIncomeRatio": 0.3166180758,
        "totalOtherIncomeExpensesNet": -57600000,
        "incomeBeforeTax": 51000000,
        "incomeBeforeTaxRatio": 0.1486880466,
        "incomeTaxExpense": 33400000,
        "netIncome": 63800000,
        "netIncomeRatio": 0.1860058309,
        "eps": 0.36,
        "epsdiluted": 0.36,
        "weightedAverageShsOut": 176500000,
        "weightedAverageShsOutDil": 177500000,
        "link": "https://www.sec.gov/Archives/edgar/data/68589/000075165213000014/0000751652-13-000014-index.html",
        "finalLink": "https://www.sec.gov/Archives/edgar/data/68589/000075165213000014/str12311210k.htm"
    },
    {
        "date": "2012-09-30",
        "symbol": "STR",
        "reportedCurrency": "USD",
        "cik": "0001949543",
        "fillingDate": "2012-10-31",
        "acceptedDate": "2012-10-31 15:50:05",
        "calendarYear": "2012",
        "period": "Q3",
        "revenue": 141800000,
        "costOfRevenue": 700000,
        "grossProfit": 141100000,
        "grossProfitRatio": 0.9950634697,
        "researchAndDevelopmentExpenses": 0,
        "generalAndAdministrativeExpenses": 29000000,
        "sellingAndMarketingExpenses": 51700000,
        "sellingGeneralAndAdministrativeExpenses": 80700000,
        "otherExpenses": 0,
        "operatingExpenses": 80700000,
        "costAndExpenses": 81400000,
        "interestIncome": 0,
        "interestExpense": 14500000,
        "depreciationAndAmortization": 60300000,
        "ebitda": 126600000,
        "ebitdaratio": 0.8928067701,
        "operatingIncome": 63600000,
        "operatingIncomeRatio": 0.4485190409,
        "totalOtherIncomeExpensesNet": -11800000,
        "incomeBeforeTax": 51800000,
        "incomeBeforeTaxRatio": 0.365303244,
        "incomeTaxExpense": 18000000,
        "netIncome": 33800000,
        "netIncomeRatio": 0.2383638928,
        "eps": 0.19,
        "epsdiluted": 0.19,
        "weightedAverageShsOut": 177000000,
        "weightedAverageShsOutDil": 178100000,
        "link": "https://www.sec.gov/Archives/edgar/data/68589/000075165212000040/0000751652-12-000040-index.html",
        "finalLink": "https://www.sec.gov/Archives/edgar/data/68589/000075165212000040/str9301210q.htm"
    },
    {
        "date": "2012-06-30",
        "symbol": "STR",
        "reportedCurrency": "USD",
        "cik": "0001949543",
        "fillingDate": "2012-08-01",
        "acceptedDate": "2012-08-01 15:59:49",
        "calendarYear": "2012",
        "period": "Q2",
        "revenue": 188400000,
        "costOfRevenue": 700000,
        "grossProfit": 187700000,
        "grossProfitRatio": 0.9962845011,
        "researchAndDevelopmentExpenses": 0,
        "generalAndAdministrativeExpenses": 29900000,
        "sellingAndMarketingExpenses": 86300000,
        "sellingGeneralAndAdministrativeExpenses": 116200000,
        "otherExpenses": 0,
        "operatingExpenses": 116200000,
        "costAndExpenses": 116900000,
        "interestIncome": 0,
        "interestExpense": 15100000,
        "depreciationAndAmortization": 60400000,
        "ebitda": 136500000,
        "ebitdaratio": 0.724522293,
        "operatingIncome": 72600000,
        "operatingIncomeRatio": 0.3853503185,
        "totalOtherIncomeExpensesNet": 31700000,
        "incomeBeforeTax": 104300000,
        "incomeBeforeTaxRatio": 0.5536093418,
        "incomeTaxExpense": 21800000,
        "netIncome": 39200000,
        "netIncomeRatio": 0.2080679406,
        "eps": 0.22,
        "epsdiluted": 0.22,
        "weightedAverageShsOut": 177800000,
        "weightedAverageShsOutDil": 178900000,
        "link": "https://www.sec.gov/Archives/edgar/data/68589/000075165212000027/0000751652-12-000027-index.html",
        "finalLink": "https://www.sec.gov/Archives/edgar/data/68589/000075165212000027/str6301210q.htm"
    },
    {
        "date": "2012-03-31",
        "symbol": "STR",
        "reportedCurrency": "USD",
        "cik": "0001949543",
        "fillingDate": "2012-05-03",
        "acceptedDate": "2012-05-02 20:00:00",
        "calendarYear": "2012",
        "period": "Q1",
        "revenue": 425700000,
        "costOfRevenue": 500000,
        "grossProfit": 425200000,
        "grossProfitRatio": 0.9988254639,
        "researchAndDevelopmentExpenses": 0,
        "generalAndAdministrativeExpenses": 29100000,
        "sellingAndMarketingExpenses": 267900000,
        "sellingGeneralAndAdministrativeExpenses": 297000000,
        "otherExpenses": 0,
        "operatingExpenses": 297000000,
        "costAndExpenses": 297500000,
        "interestIncome": 0,
        "interestExpense": 14700000,
        "depreciationAndAmortization": 59300000,
        "ebitda": 192500000,
        "ebitdaratio": 0.4521963824,
        "operatingIncome": 130900000,
        "operatingIncomeRatio": 0.3074935401,
        "totalOtherIncomeExpensesNet": -55700000,
        "incomeBeforeTax": 75200000,
        "incomeBeforeTaxRatio": 0.1766502232,
        "incomeTaxExpense": 0,
        "netIncome": 75200000,
        "netIncomeRatio": 0.1766502232,
        "eps": 0.42,
        "epsdiluted": 0.42,
        "weightedAverageShsOut": 178200000,
        "weightedAverageShsOutDil": 179300000,
        "link": "https://www.sec.gov/Archives/edgar/data/751652/000075165212000014/0000751652-12-000014-index.htm",
        "finalLink": "https://www.sec.gov/Archives/edgar/data/751652/000075165212000014/str3311210q.htm"
    },
    {
        "date": "2011-12-31",
        "symbol": "STR",
        "reportedCurrency": "USD",
        "cik": "0001949543",
        "fillingDate": "2012-02-24",
        "acceptedDate": "2012-02-24 16:18:33",
        "calendarYear": "2011",
        "period": "Q4",
        "revenue": 1194400000,
        "costOfRevenue": 3100000,
        "grossProfit": 1191300000,
        "grossProfitRatio": 0.9974045546,
        "researchAndDevelopmentExpenses": 0,
        "generalAndAdministrativeExpenses": 117900000,
        "sellingAndMarketingExpenses": 709800000,
        "sellingGeneralAndAdministrativeExpenses": 827700000,
        "otherExpenses": 0,
        "operatingExpenses": 827700000,
        "costAndExpenses": 830800000,
        "interestIncome": 0,
        "interestExpense": 56800000,
        "depreciationAndAmortization": 218600000,
        "ebitda": 453400000,
        "ebitdaratio": 0.3796048225,
        "operatingIncome": 106600000,
        "operatingIncomeRatio": 0.0892498326,
        "totalOtherIncomeExpensesNet": 71400000,
        "incomeBeforeTax": 178000000,
        "incomeBeforeTaxRatio": 0.1490288011,
        "incomeTaxExpense": 116400000,
        "netIncome": 61600000,
        "netIncomeRatio": 0.0515740121,
        "eps": 0.35,
        "epsdiluted": 0.34,
        "weightedAverageShsOut": 177400000,
        "weightedAverageShsOutDil": 178800000,
        "link": "https://www.sec.gov/Archives/edgar/data/68589/000075165212000007/0000751652-12-000007-index.html",
        "finalLink": "https://www.sec.gov/Archives/edgar/data/68589/000075165212000007/str12311110k.htm"
    },
    {
        "date": "2011-09-30",
        "symbol": "STR",
        "reportedCurrency": "USD",
        "cik": "0001949543",
        "fillingDate": "2011-11-04",
        "acceptedDate": "2011-11-04 12:08:54",
        "calendarYear": "2011",
        "period": "Q3",
        "revenue": 146000000,
        "costOfRevenue": 30000000,
        "grossProfit": 116000000,
        "grossProfitRatio": 0.7945205479,
        "researchAndDevelopmentExpenses": 0,
        "generalAndAdministrativeExpenses": 24000000,
        "sellingAndMarketingExpenses": 59000000,
        "sellingGeneralAndAdministrativeExpenses": 83000000,
        "otherExpenses": 0,
        "operatingExpenses": 83000000,
        "costAndExpenses": 113000000,
        "interestIncome": 0,
        "interestExpense": 0,
        "depreciationAndAmortization": 14000000,
        "ebitda": 50100000,
        "ebitdaratio": 0.3431506849,
        "operatingIncome": 63800000,
        "operatingIncomeRatio": 0.4369863014,
        "totalOtherIncomeExpensesNet": -27700000,
        "incomeBeforeTax": 36100000,
        "incomeBeforeTaxRatio": 0.247260274,
        "incomeTaxExpense": 0,
        "netIncome": 36100000,
        "netIncomeRatio": 0.247260274,
        "eps": 0.2,
        "epsdiluted": 0.2,
        "weightedAverageShsOut": 177300000,
        "weightedAverageShsOutDil": 178700000,
        "link": "https://www.sec.gov/Archives/edgar/data/68589/000075165211000039/0000751652-11-000039-index.html",
        "finalLink": "https://www.sec.gov/Archives/edgar/data/68589/000075165211000039/str10q3q2011.htm"
    },
    {
        "date": "2011-06-30",
        "symbol": "STR",
        "reportedCurrency": "USD",
        "cik": "0001949543",
        "fillingDate": "2011-08-09",
        "acceptedDate": "2011-08-09 13:26:31",
        "calendarYear": "2011",
        "period": "Q2",
        "revenue": 156000000,
        "costOfRevenue": 31000000,
        "grossProfit": 125000000,
        "grossProfitRatio": 0.8012820513,
        "researchAndDevelopmentExpenses": 0,
        "generalAndAdministrativeExpenses": 13000000,
        "sellingAndMarketingExpenses": 99000000,
        "sellingGeneralAndAdministrativeExpenses": 112000000,
        "otherExpenses": 0,
        "operatingExpenses": 112000000,
        "costAndExpenses": 143000000,
        "interestIncome": 0,
        "interestExpense": 0,
        "depreciationAndAmortization": 13000000,
        "ebitda": 53300000,
        "ebitdaratio": 0.3416666667,
        "operatingIncome": 73700000,
        "operatingIncomeRatio": 0.4724358974,
        "totalOtherIncomeExpensesNet": -33400000,
        "incomeBeforeTax": 40300000,
        "incomeBeforeTaxRatio": 0.2583333333,
        "incomeTaxExpense": 0,
        "netIncome": 40300000,
        "netIncomeRatio": 0.2583333333,
        "eps": 0.23,
        "epsdiluted": 0.23,
        "weightedAverageShsOut": 177200000,
        "weightedAverageShsOutDil": 178700000,
        "link": "https://www.sec.gov/Archives/edgar/data/68589/000075165211000024/0000751652-11-000024-index.html",
        "finalLink": "https://www.sec.gov/Archives/edgar/data/68589/000075165211000024/str10q2q2011.htm"
    },
    {
        "date": "2011-03-31",
        "symbol": "STR",
        "reportedCurrency": "USD",
        "cik": "0001949543",
        "fillingDate": "2011-05-06",
        "acceptedDate": "2011-05-06 17:26:11",
        "calendarYear": "2011",
        "period": "Q1",
        "revenue": 66000000,
        "costOfRevenue": 0,
        "grossProfit": 66000000,
        "grossProfitRatio": 1,
        "researchAndDevelopmentExpenses": 0,
        "generalAndAdministrativeExpenses": 13000000,
        "sellingAndMarketingExpenses": 24000000,
        "sellingGeneralAndAdministrativeExpenses": 37000000,
        "otherExpenses": 0,
        "operatingExpenses": 37000000,
        "costAndExpenses": 37000000,
        "interestIncome": 0,
        "interestExpense": 0,
        "depreciationAndAmortization": 13000000,
        "ebitda": 82900000,
        "ebitdaratio": 1.2560606061,
        "operatingIncome": 122800000,
        "operatingIncomeRatio": 1.8606060606,
        "totalOtherIncomeExpensesNet": -52900000,
        "incomeBeforeTax": 69900000,
        "incomeBeforeTaxRatio": 1.0590909091,
        "incomeTaxExpense": 0,
        "netIncome": 69900000,
        "netIncomeRatio": 1.0590909091,
        "eps": 0.39,
        "epsdiluted": 0.39,
        "weightedAverageShsOut": 177000000,
        "weightedAverageShsOutDil": 178500000,
        "link": "https://www.sec.gov/Archives/edgar/data/68589/000006858911000005/0000068589-11-000005-index.html",
        "finalLink": "https://www.sec.gov/Archives/edgar/data/68589/000006858911000005/str10q1q2011.htm"
    },
    {
        "date": "2010-12-31",
        "symbol": "STR",
        "reportedCurrency": "USD",
        "cik": "0001949543",
        "fillingDate": "2011-03-01",
        "acceptedDate": "2011-02-28 19:00:00",
        "calendarYear": "2010",
        "period": "Q4",
        "revenue": 978000000,
        "costOfRevenue": 257000000,
        "grossProfit": 721000000,
        "grossProfitRatio": 0.7372188139,
        "researchAndDevelopmentExpenses": 0,
        "generalAndAdministrativeExpenses": 81000000,
        "sellingAndMarketingExpenses": 609000000,
        "sellingGeneralAndAdministrativeExpenses": 690000000,
        "otherExpenses": 0,
        "operatingExpenses": 690000000,
        "costAndExpenses": 947000000,
        "interestIncome": 0,
        "interestExpense": 0,
        "depreciationAndAmortization": 12000000,
        "ebitda": 269000000,
        "ebitdaratio": 0.2750511247,
        "operatingIncome": 289000000,
        "operatingIncomeRatio": 0.2955010225,
        "totalOtherIncomeExpensesNet": -32000000,
        "incomeBeforeTax": 257000000,
        "incomeBeforeTaxRatio": 0.2627811861,
        "incomeTaxExpense": 0,
        "netIncome": 257000000,
        "netIncomeRatio": 0.2627811861,
        "eps": 1.45,
        "epsdiluted": 1.44,
        "weightedAverageShsOut": 177000000,
        "weightedAverageShsOutDil": 178500000,
        "link": "https://www.sec.gov/Archives/edgar/data/751652/000075165211000008/0000751652-11-000008-index.htm",
        "finalLink": "https://www.sec.gov/Archives/edgar/data/751652/000075165211000008/str10k4q2010.htm"
    },
    {
        "date": "2010-09-30",
        "symbol": "STR",
        "reportedCurrency": "USD",
        "cik": "0001949543",
        "fillingDate": "2010-11-04",
        "acceptedDate": "2010-11-04 17:20:25",
        "calendarYear": "2010",
        "period": "Q3",
        "revenue": 145000000,
        "costOfRevenue": 23000000,
        "grossProfit": 122000000,
        "grossProfitRatio": 0.8413793103,
        "researchAndDevelopmentExpenses": 0,
        "generalAndAdministrativeExpenses": 27000000,
        "sellingAndMarketingExpenses": 63000000,
        "sellingGeneralAndAdministrativeExpenses": 90000000,
        "otherExpenses": 0,
        "operatingExpenses": 90000000,
        "costAndExpenses": 113000000,
        "interestIncome": 0,
        "interestExpense": 0,
        "depreciationAndAmortization": -43000000,
        "ebitda": 1000000,
        "ebitdaratio": 0.0068965517,
        "operatingIncome": 54000000,
        "operatingIncomeRatio": 0.3724137931,
        "totalOtherIncomeExpensesNet": -10000000,
        "incomeBeforeTax": 44000000,
        "incomeBeforeTaxRatio": 0.3034482759,
        "incomeTaxExpense": 0,
        "netIncome": 44000000,
        "netIncomeRatio": 0.3034482759,
        "eps": 0.25,
        "epsdiluted": 0.25,
        "weightedAverageShsOut": 177000000,
        "weightedAverageShsOutDil": 178500000,
        "link": "https://www.sec.gov/Archives/edgar/data/68589/000006858910000009/0000068589-10-000009-index.html",
        "finalLink": "https://www.sec.gov/Archives/edgar/data/68589/000006858910000009/str10q3q2010combined.htm"
    },
    {
        "date": "2010-06-30",
        "symbol": "STR",
        "reportedCurrency": "USD",
        "cik": "0001949543",
        "fillingDate": "2010-08-05",
        "acceptedDate": "2010-08-05 15:42:08",
        "calendarYear": "2010",
        "period": "Q2",
        "revenue": 10500000,
        "costOfRevenue": 18000000,
        "grossProfit": -7500000,
        "grossProfitRatio": -0.7142857143,
        "researchAndDevelopmentExpenses": 0,
        "generalAndAdministrativeExpenses": 25000000,
        "sellingAndMarketingExpenses": 119000000,
        "sellingGeneralAndAdministrativeExpenses": 144000000,
        "otherExpenses": 0,
        "operatingExpenses": 144000000,
        "costAndExpenses": 162000000,
        "interestIncome": 0,
        "interestExpense": 0,
        "depreciationAndAmortization": -106000000,
        "ebitda": -62800000,
        "ebitdaratio": -5.980952381,
        "operatingIncome": 66100000,
        "operatingIncomeRatio": 6.2952380952,
        "totalOtherIncomeExpensesNet": -22900000,
        "incomeBeforeTax": 43200000,
        "incomeBeforeTaxRatio": 4.1142857143,
        "incomeTaxExpense": 0,
        "netIncome": 43200000,
        "netIncomeRatio": 4.1142857143,
        "eps": 0.25,
        "epsdiluted": 0.24,
        "weightedAverageShsOut": 175000000,
        "weightedAverageShsOutDil": 177400000,
        "link": "https://www.sec.gov/Archives/edgar/data/751652/000075165210000048/0000751652-10-000048-index.html",
        "finalLink": "https://www.sec.gov/Archives/edgar/data/751652/000075165210000048/str10q2q2010.htm"
    },
    {
        "date": "2010-03-31",
        "symbol": "STR",
        "reportedCurrency": "USD",
        "cik": "0001949543",
        "fillingDate": "2010-05-05",
        "acceptedDate": "2010-05-05 16:57:38",
        "calendarYear": "2010",
        "period": "Q1",
        "revenue": 984000000,
        "costOfRevenue": 325000000,
        "grossProfit": 659000000,
        "grossProfitRatio": 0.6697154472,
        "researchAndDevelopmentExpenses": 0,
        "generalAndAdministrativeExpenses": 51000000,
        "sellingAndMarketingExpenses": 664000000,
        "sellingGeneralAndAdministrativeExpenses": 715000000,
        "otherExpenses": 0,
        "operatingExpenses": 715000000,
        "costAndExpenses": 1040000000,
        "interestIncome": 0,
        "interestExpense": 0,
        "depreciationAndAmortization": 186000000,
        "ebitda": 336000000,
        "ebitdaratio": 0.3414634146,
        "operatingIncome": 267000000,
        "operatingIncomeRatio": 0.2713414634,
        "totalOtherIncomeExpensesNet": -29000000,
        "incomeBeforeTax": 238000000,
        "incomeBeforeTaxRatio": 0.2418699187,
        "incomeTaxExpense": -29000000,
        "netIncome": 150000000,
        "netIncomeRatio": 0.1524390244,
        "eps": 0.86,
        "epsdiluted": 0.85,
        "weightedAverageShsOut": 175000000,
        "weightedAverageShsOutDil": 177400000,
        "link": "https://www.sec.gov/Archives/edgar/data/751652/000075165210000023/0000751652-10-000023-index.html",
        "finalLink": "https://www.sec.gov/Archives/edgar/data/751652/000075165210000023/str10q1q2010.htm"
    },
    {
        "date": "2009-12-31",
        "symbol": "STR",
        "reportedCurrency": "USD",
        "cik": "0001949543",
        "fillingDate": "2010-03-01",
        "acceptedDate": "2010-02-26 21:45:02",
        "calendarYear": "2009",
        "period": "Q4",
        "revenue": 2439000000,
        "costOfRevenue": 636000000,
        "grossProfit": 1803000000,
        "grossProfitRatio": 0.7392373924,
        "researchAndDevelopmentExpenses": 0,
        "generalAndAdministrativeExpenses": 136000000,
        "sellingAndMarketingExpenses": 1583000000,
        "sellingGeneralAndAdministrativeExpenses": 1719000000,
        "otherExpenses": 0,
        "operatingExpenses": 1719000000,
        "costAndExpenses": 2355000000,
        "interestIncome": 0,
        "interestExpense": 97000000,
        "depreciationAndAmortization": 546000000,
        "ebitda": 940000000,
        "ebitdaratio": 0.385403854,
        "operatingIncome": 722000000,
        "operatingIncomeRatio": 0.2960229602,
        "totalOtherIncomeExpensesNet": -259000000,
        "incomeBeforeTax": 463000000,
        "incomeBeforeTaxRatio": 0.1898318983,
        "incomeTaxExpense": -162000000,
        "netIncome": 297000000,
        "netIncomeRatio": 0.1217712177,
        "eps": 1.7,
        "epsdiluted": 1.67,
        "weightedAverageShsOut": 175000000,
        "weightedAverageShsOutDil": 177400000,
        "link": "https://www.sec.gov/Archives/edgar/data/751652/000075165210000006/0000751652-10-000006-index.html",
        "finalLink": "https://www.sec.gov/Archives/edgar/data/751652/000075165210000006/str10k4q2009.htm"
    },
    {
        "date": "2009-09-30",
        "symbol": "STR",
        "reportedCurrency": "USD",
        "cik": "0001949543",
        "fillingDate": "2009-11-05",
        "acceptedDate": "2009-11-05 16:57:07",
        "calendarYear": "2009",
        "period": "Q3",
        "revenue": 599000000,
        "costOfRevenue": 80000000,
        "grossProfit": 519000000,
        "grossProfitRatio": 0.8664440735,
        "researchAndDevelopmentExpenses": 0,
        "generalAndAdministrativeExpenses": 47000000,
        "sellingAndMarketingExpenses": 360000000,
        "sellingGeneralAndAdministrativeExpenses": 407000000,
        "otherExpenses": 0,
        "operatingExpenses": 407000000,
        "costAndExpenses": 487000000,
        "interestIncome": 0,
        "interestExpense": 31000000,
        "depreciationAndAmortization": -12000000,
        "ebitda": 117000000,
        "ebitdaratio": 0.1953255426,
        "operatingIncome": 191000000,
        "operatingIncomeRatio": 0.3188647746,
        "totalOtherIncomeExpensesNet": -37000000,
        "incomeBeforeTax": 154000000,
        "incomeBeforeTaxRatio": 0.2570951586,
        "incomeTaxExpense": -6000000,
        "netIncome": 98000000,
        "netIncomeRatio": 0.16360601,
        "eps": 0.56,
        "epsdiluted": 0.56,
        "weightedAverageShsOut": 174000000,
        "weightedAverageShsOutDil": 176000000,
        "link": "https://www.sec.gov/Archives/edgar/data/751652/000075165209000059/0000751652-09-000059-index.html",
        "finalLink": "https://www.sec.gov/Archives/edgar/data/751652/000075165209000059/str10q3q2009.htm"
    },
    {
        "date": "2009-06-30",
        "symbol": "STR",
        "reportedCurrency": "USD",
        "cik": "0001949543",
        "fillingDate": "2009-08-04",
        "acceptedDate": "2009-08-04 16:20:35",
        "calendarYear": "2009",
        "period": "Q2",
        "revenue": 613000000,
        "costOfRevenue": 88000000,
        "grossProfit": 525000000,
        "grossProfitRatio": 0.8564437194,
        "researchAndDevelopmentExpenses": 0,
        "generalAndAdministrativeExpenses": 47000000,
        "sellingAndMarketingExpenses": 390000000,
        "sellingGeneralAndAdministrativeExpenses": 437000000,
        "otherExpenses": 0,
        "operatingExpenses": 437000000,
        "costAndExpenses": 525000000,
        "interestIncome": 0,
        "interestExpense": 30000000,
        "depreciationAndAmortization": 19000000,
        "ebitda": 127000000,
        "ebitdaratio": 0.207177814,
        "operatingIncome": 175000000,
        "operatingIncomeRatio": 0.2854812398,
        "totalOtherIncomeExpensesNet": -52000000,
        "incomeBeforeTax": 123000000,
        "incomeBeforeTaxRatio": 0.2006525285,
        "incomeTaxExpense": -22000000,
        "netIncome": 78000000,
        "netIncomeRatio": 0.1272430669,
        "eps": 0.45,
        "epsdiluted": 0.44,
        "weightedAverageShsOut": 174000000,
        "weightedAverageShsOutDil": 176000000,
        "link": "https://www.sec.gov/Archives/edgar/data/751652/000075165209000048/0000751652-09-000048-index.html",
        "finalLink": "https://www.sec.gov/Archives/edgar/data/751652/000075165209000048/str10q2q2009.htm"
    },
    {
        "date": "2009-03-31",
        "symbol": "STR",
        "reportedCurrency": "USD",
        "cik": "0001949543",
        "fillingDate": "2009-05-07",
        "acceptedDate": "2009-05-06 20:09:17",
        "calendarYear": "2009",
        "period": "Q1",
        "revenue": 919000000,
        "costOfRevenue": 315000000,
        "grossProfit": 604000000,
        "grossProfitRatio": 0.6572361262,
        "researchAndDevelopmentExpenses": 0,
        "generalAndAdministrativeExpenses": 41000000,
        "sellingAndMarketingExpenses": 612000000,
        "sellingGeneralAndAdministrativeExpenses": 653000000,
        "otherExpenses": 0,
        "operatingExpenses": 653000000,
        "costAndExpenses": 968000000,
        "interestIncome": 0,
        "interestExpense": 31000000,
        "depreciationAndAmortization": 161000000,
        "ebitda": 259000000,
        "ebitdaratio": 0.281828074,
        "operatingIncome": 267000000,
        "operatingIncomeRatio": 0.2905331882,
        "totalOtherIncomeExpensesNet": -161000000,
        "incomeBeforeTax": 106000000,
        "incomeBeforeTaxRatio": 0.1153427639,
        "incomeTaxExpense": -130000000,
        "netIncome": 67000000,
        "netIncomeRatio": 0.0729053319,
        "eps": 0.39,
        "epsdiluted": 0.38,
        "weightedAverageShsOut": 173000000,
        "weightedAverageShsOutDil": 175000000,
        "link": "https://www.sec.gov/Archives/edgar/data/751652/000075165209000027/0000751652-09-000027-index.html",
        "finalLink": "https://www.sec.gov/Archives/edgar/data/751652/000075165209000027/str10q1q2009.htm"
    },
    {
        "date": "2008-12-31",
        "symbol": "STR",
        "reportedCurrency": "USD",
        "cik": "0001949543",
        "fillingDate": "2009-02-27",
        "acceptedDate": "2009-02-27 11:06:29",
        "calendarYear": "2008",
        "period": "Q4",
        "revenue": 2705000000,
        "costOfRevenue": 876000000,
        "grossProfit": 1829000000,
        "grossProfitRatio": 0.676155268,
        "researchAndDevelopmentExpenses": 0,
        "generalAndAdministrativeExpenses": 127000000,
        "sellingAndMarketingExpenses": 1719000000,
        "sellingGeneralAndAdministrativeExpenses": 1846000000,
        "otherExpenses": 0,
        "operatingExpenses": 1846000000,
        "costAndExpenses": 2722000000,
        "interestIncome": 0,
        "interestExpense": 87000000,
        "depreciationAndAmortization": 376000000,
        "ebitda": 942000000,
        "ebitdaratio": 0.3482439926,
        "operatingIncome": 865000000,
        "operatingIncomeRatio": 0.3197781885,
        "totalOtherIncomeExpensesNet": -129000000,
        "incomeBeforeTax": 736000000,
        "incomeBeforeTaxRatio": 0.2720887246,
        "incomeTaxExpense": -42000000,
        "netIncome": 479000000,
        "netIncomeRatio": 0.1770794824,
        "eps": 2.78,
        "epsdiluted": 2.72,
        "weightedAverageShsOut": 172000000,
        "weightedAverageShsOutDil": 176000000,
        "link": "https://www.sec.gov/Archives/edgar/data/751652/000075165209000009/0000751652-09-000009-index.html",
        "finalLink": "https://www.sec.gov/Archives/edgar/data/751652/000075165209000009/str10k4q2008.htm"
    },
    {
        "date": "2008-09-30",
        "symbol": "STR",
        "reportedCurrency": "USD",
        "cik": "0001949543",
        "fillingDate": "2008-10-31",
        "acceptedDate": "2008-10-30 17:49:04",
        "calendarYear": "2008",
        "period": "Q3",
        "revenue": 760000000,
        "costOfRevenue": 131000000,
        "grossProfit": 629000000,
        "grossProfitRatio": 0.8276315789,
        "researchAndDevelopmentExpenses": 0,
        "generalAndAdministrativeExpenses": 32000000,
        "sellingAndMarketingExpenses": 411000000,
        "sellingGeneralAndAdministrativeExpenses": 443000000,
        "otherExpenses": 0,
        "operatingExpenses": 443000000,
        "costAndExpenses": 574000000,
        "interestIncome": 0,
        "interestExpense": 32000000,
        "depreciationAndAmortization": 11000000,
        "ebitda": 247000000,
        "ebitdaratio": 0.325,
        "operatingIncome": 375000000,
        "operatingIncomeRatio": 0.4934210526,
        "totalOtherIncomeExpensesNet": -50000000,
        "incomeBeforeTax": 325000000,
        "incomeBeforeTaxRatio": 0.4276315789,
        "incomeTaxExpense": -18000000,
        "netIncome": 204000000,
        "netIncomeRatio": 0.2684210526,
        "eps": 1.19,
        "epsdiluted": 1.16,
        "weightedAverageShsOut": 172000000,
        "weightedAverageShsOutDil": 176000000,
        "link": "https://www.sec.gov/Archives/edgar/data/751652/000075165208000044/0000751652-08-000044-index.html",
        "finalLink": "https://www.sec.gov/Archives/edgar/data/751652/000075165208000044/str10q3q2008.htm"
    },
    {
        "date": "2008-06-30",
        "symbol": "STR",
        "reportedCurrency": "USD",
        "cik": "0001949543",
        "fillingDate": "2008-08-05",
        "acceptedDate": "2008-08-05 13:23:48",
        "calendarYear": "2008",
        "period": "Q2",
        "revenue": 857000000,
        "costOfRevenue": 258000000,
        "grossProfit": 599000000,
        "grossProfitRatio": 0.698949825,
        "researchAndDevelopmentExpenses": 0,
        "generalAndAdministrativeExpenses": 43000000,
        "sellingAndMarketingExpenses": 533000000,
        "sellingGeneralAndAdministrativeExpenses": 576000000,
        "otherExpenses": 0,
        "operatingExpenses": 576000000,
        "costAndExpenses": 834000000,
        "interestIncome": 0,
        "interestExpense": 32000000,
        "depreciationAndAmortization": 5000000,
        "ebitda": 209000000,
        "ebitdaratio": 0.243873979,
        "operatingIncome": 284000000,
        "operatingIncomeRatio": 0.3313885648,
        "totalOtherIncomeExpensesNet": -10000000,
        "incomeBeforeTax": 274000000,
        "incomeBeforeTaxRatio": 0.3197199533,
        "incomeTaxExpense": 22000000,
        "netIncome": 172000000,
        "netIncomeRatio": 0.2007001167,
        "eps": 1,
        "epsdiluted": 0.98,
        "weightedAverageShsOut": 172000000,
        "weightedAverageShsOutDil": 176000000,
        "link": "https://www.sec.gov/Archives/edgar/data/751652/000075165208000036/0000751652-08-000036-index.html",
        "finalLink": "https://www.sec.gov/Archives/edgar/data/751652/000075165208000036/str10q2q2008.htm"
    },
    {
        "date": "2008-03-31",
        "symbol": "STR",
        "reportedCurrency": "USD",
        "cik": "0001949543",
        "fillingDate": "2008-05-05",
        "acceptedDate": "2008-05-05 16:55:00",
        "calendarYear": "2008",
        "period": "Q1",
        "revenue": 1045000000,
        "costOfRevenue": 448000000,
        "grossProfit": 597000000,
        "grossProfitRatio": 0.571291866,
        "researchAndDevelopmentExpenses": 0,
        "generalAndAdministrativeExpenses": 40000000,
        "sellingAndMarketingExpenses": 696000000,
        "sellingGeneralAndAdministrativeExpenses": 736000000,
        "otherExpenses": 0,
        "operatingExpenses": 736000000,
        "costAndExpenses": 1184000000,
        "interestIncome": 0,
        "interestExpense": 25000000,
        "depreciationAndAmortization": 110000000,
        "ebitda": 320000000,
        "ebitdaratio": 0.3062200957,
        "operatingIncome": 308000000,
        "operatingIncomeRatio": 0.2947368421,
        "totalOtherIncomeExpensesNet": -12000000,
        "incomeBeforeTax": 296000000,
        "incomeBeforeTaxRatio": 0.2832535885,
        "incomeTaxExpense": 13000000,
        "netIncome": 185000000,
        "netIncomeRatio": 0.1770334928,
        "eps": 1.08,
        "epsdiluted": 1.05,
        "weightedAverageShsOut": 172000000,
        "weightedAverageShsOutDil": 176000000,
        "link": "https://www.sec.gov/Archives/edgar/data/751652/000075165208000020/0000751652-08-000020-index.html",
        "finalLink": "https://www.sec.gov/Archives/edgar/data/751652/000075165208000020/str10q1q2008.htm"
    },
    {
        "date": "2007-12-31",
        "symbol": "STR",
        "reportedCurrency": "USD",
        "cik": "0001949543",
        "fillingDate": "2008-02-27",
        "acceptedDate": "2008-02-26 18:43:33",
        "calendarYear": "2007",
        "period": "Q4",
        "revenue": 2229000000,
        "costOfRevenue": 828000000,
        "grossProfit": 1401000000,
        "grossProfitRatio": 0.6285329744,
        "researchAndDevelopmentExpenses": 0,
        "generalAndAdministrativeExpenses": 126000000,
        "sellingAndMarketingExpenses": 1443000000,
        "sellingGeneralAndAdministrativeExpenses": 1569000000,
        "otherExpenses": 0,
        "operatingExpenses": 1569000000,
        "costAndExpenses": 2397000000,
        "interestIncome": 0,
        "interestExpense": 55000000,
        "depreciationAndAmortization": 286000000,
        "ebitda": 735000000,
        "ebitdaratio": 0.3297442799,
        "operatingIncome": 659000000,
        "operatingIncomeRatio": 0.2956482728,
        "totalOtherIncomeExpensesNet": -40000000,
        "incomeBeforeTax": 619000000,
        "incomeBeforeTaxRatio": 0.2777030058,
        "incomeTaxExpense": 15000000,
        "netIncome": 394000000,
        "netIncomeRatio": 0.1767608793,
        "eps": 2.29,
        "epsdiluted": 2.25,
        "weightedAverageShsOut": 172000000,
        "weightedAverageShsOutDil": 175000000,
        "link": "https://www.sec.gov/Archives/edgar/data/751652/000075165208000012/0000751652-08-000012-index.htm",
        "finalLink": "https://www.sec.gov/Archives/edgar/data/751652/000075165208000012/str10k4q2007.htm"
    },
    {
        "date": "2007-09-30",
        "symbol": "STR",
        "reportedCurrency": "USD",
        "cik": "0001949543",
        "fillingDate": "2007-11-02",
        "acceptedDate": "2007-11-02 17:01:21",
        "calendarYear": "2007",
        "period": "Q3",
        "revenue": 497000000,
        "costOfRevenue": 89000000,
        "grossProfit": 408000000,
        "grossProfitRatio": 0.8209255533,
        "researchAndDevelopmentExpenses": 0,
        "generalAndAdministrativeExpenses": 39000000,
        "sellingAndMarketingExpenses": 276000000,
        "sellingGeneralAndAdministrativeExpenses": 315000000,
        "otherExpenses": 0,
        "operatingExpenses": 315000000,
        "costAndExpenses": 404000000,
        "interestIncome": 0,
        "interestExpense": 17000000,
        "depreciationAndAmortization": -3000000,
        "ebitda": 127000000,
        "ebitdaratio": 0.2555331992,
        "operatingIncome": 182000000,
        "operatingIncomeRatio": 0.3661971831,
        "totalOtherIncomeExpensesNet": -3000000,
        "incomeBeforeTax": 179000000,
        "incomeBeforeTaxRatio": 0.3601609658,
        "incomeTaxExpense": 14000000,
        "netIncome": 113000000,
        "netIncomeRatio": 0.2273641851,
        "eps": 0.66,
        "epsdiluted": 0.65,
        "weightedAverageShsOut": 172000000,
        "weightedAverageShsOutDil": 175000000,
        "link": "https://www.sec.gov/Archives/edgar/data/764044/000076404407000011/0000764044-07-000011-index.html",
        "finalLink": "https://www.sec.gov/Archives/edgar/data/764044/000076404407000011/qpc10q3q2007.htm"
    },
    {
        "date": "2007-06-20",
        "symbol": "STR",
        "reportedCurrency": "USD",
        "cik": "0001949543",
        "fillingDate": "2007-08-03",
        "acceptedDate": "2007-08-03 13:22:52",
        "calendarYear": "2007",
        "period": "Q2",
        "revenue": 556000000,
        "costOfRevenue": 119000000,
        "grossProfit": 437000000,
        "grossProfitRatio": 0.785971223,
        "researchAndDevelopmentExpenses": 0,
        "generalAndAdministrativeExpenses": 42000000,
        "sellingAndMarketingExpenses": 317000000,
        "sellingGeneralAndAdministrativeExpenses": 359000000,
        "otherExpenses": 0,
        "operatingExpenses": 359000000,
        "costAndExpenses": 478000000,
        "interestIncome": 0,
        "interestExpense": 17000000,
        "depreciationAndAmortization": 1000000,
        "ebitda": 130000000,
        "ebitdaratio": 0.2338129496,
        "operatingIncome": 197000000,
        "operatingIncomeRatio": 0.3543165468,
        "totalOtherIncomeExpensesNet": -19000000,
        "incomeBeforeTax": 178000000,
        "incomeBeforeTaxRatio": 0.3201438849,
        "incomeTaxExpense": -2000000,
        "netIncome": 112000000,
        "netIncomeRatio": 0.2014388489,
        "eps": 0.65,
        "epsdiluted": 0.64,
        "weightedAverageShsOut": 172000000,
        "weightedAverageShsOutDil": 175000000,
        "link": "https://www.sec.gov/Archives/edgar/data/751652/000075165207000041/0000751652-07-000041-index.html",
        "finalLink": "https://www.sec.gov/Archives/edgar/data/751652/000075165207000041/str10q_2q2007.htm"
    },
    {
        "date": "2007-03-31",
        "symbol": "STR",
        "reportedCurrency": "USD",
        "cik": "0001949543",
        "fillingDate": "2007-05-04",
        "acceptedDate": "2007-05-04 16:37:28",
        "calendarYear": "2007",
        "period": "Q1",
        "revenue": 872000000,
        "costOfRevenue": 392000000,
        "grossProfit": 480000000,
        "grossProfitRatio": 0.5504587156,
        "researchAndDevelopmentExpenses": 0,
        "generalAndAdministrativeExpenses": 37000000,
        "sellingAndMarketingExpenses": 595000000,
        "sellingGeneralAndAdministrativeExpenses": 632000000,
        "otherExpenses": 0,
        "operatingExpenses": 632000000,
        "costAndExpenses": 1024000000,
        "interestIncome": 0,
        "interestExpense": 18000000,
        "depreciationAndAmortization": 91000000,
        "ebitda": 260000000,
        "ebitdaratio": 0.2981651376,
        "operatingIncome": 240000000,
        "operatingIncomeRatio": 0.2752293578,
        "totalOtherIncomeExpensesNet": -1000000,
        "incomeBeforeTax": 239000000,
        "incomeBeforeTaxRatio": 0.2740825688,
        "incomeTaxExpense": 17000000,
        "netIncome": 151000000,
        "netIncomeRatio": 0.1731651376,
        "eps": 1.18,
        "epsdiluted": 1.15,
        "weightedAverageShsOut": 128500000,
        "weightedAverageShsOutDil": 131000000,
        "link": "https://www.sec.gov/Archives/edgar/data/751652/000075165207000021/0000751652-07-000021-index.html",
        "finalLink": "https://www.sec.gov/Archives/edgar/data/751652/000075165207000021/str10q_1q2007.htm"
    },
    {
        "date": "2006-12-31",
        "symbol": "STR",
        "reportedCurrency": "USD",
        "cik": "0001949543",
        "fillingDate": "2007-02-28",
        "acceptedDate": "2007-02-28 14:11:33",
        "calendarYear": "2006",
        "period": "Q4",
        "revenue": 2835000000,
        "costOfRevenue": 1223000000,
        "grossProfit": 1612000000,
        "grossProfitRatio": 0.5686067019,
        "researchAndDevelopmentExpenses": 0,
        "generalAndAdministrativeExpenses": 135000000,
        "sellingAndMarketingExpenses": 1969000000,
        "sellingGeneralAndAdministrativeExpenses": 2104000000,
        "otherExpenses": 0,
        "operatingExpenses": 2104000000,
        "costAndExpenses": 3327000000,
        "interestIncome": 0,
        "interestExpense": 73000000,
        "depreciationAndAmortization": -78492000000,
        "ebitda": -77975000000,
        "ebitdaratio": -27.5044091711,
        "operatingIncome": 756000000,
        "operatingIncomeRatio": 0.2666666667,
        "totalOtherIncomeExpensesNet": -57000000,
        "incomeBeforeTax": 699000000,
        "incomeBeforeTaxRatio": 0.2465608466,
        "incomeTaxExpense": 16000000,
        "netIncome": 444000000,
        "netIncomeRatio": 0.1566137566,
        "eps": 5.22,
        "epsdiluted": 5.1,
        "weightedAverageShsOut": 85000000,
        "weightedAverageShsOutDil": 87000000,
        "link": "https://www.sec.gov/Archives/edgar/data/751652/000075165207000007/0000751652-07-000007-index.htm",
        "finalLink": "https://www.sec.gov/Archives/edgar/data/751652/000075165207000007/str10k4q_2006.htm"
    },
    {
        "date": "2006-09-30",
        "symbol": "STR",
        "reportedCurrency": "USD",
        "cik": "0001949543",
        "fillingDate": "2006-11-03",
        "acceptedDate": "2006-11-03 17:04:14",
        "calendarYear": "2006",
        "period": "Q3",
        "revenue": 555143000,
        "costOfRevenue": 183684000,
        "grossProfit": 371459000,
        "grossProfitRatio": 0.6691230908,
        "researchAndDevelopmentExpenses": 0,
        "generalAndAdministrativeExpenses": 34083000,
        "sellingAndMarketingExpenses": 378640000,
        "sellingGeneralAndAdministrativeExpenses": 412723000,
        "otherExpenses": 0,
        "operatingExpenses": 412723000,
        "costAndExpenses": 596407000,
        "interestIncome": 0,
        "interestExpense": 17814000,
        "depreciationAndAmortization": 5539000,
        "ebitda": 118409000,
        "ebitdaratio": 0.2132945926,
        "operatingIncome": 142420000,
        "operatingIncomeRatio": 0.2565465114,
        "totalOtherIncomeExpensesNet": 7884000,
        "incomeBeforeTax": 150304000,
        "incomeBeforeTaxRatio": 0.2707482577,
        "incomeTaxExpense": 25698000,
        "netIncome": 95056000,
        "netIncomeRatio": 0.1712279539,
        "eps": 1.11,
        "epsdiluted": 1.08,
        "weightedAverageShsOut": 85544000,
        "weightedAverageShsOutDil": 87706000,
        "link": "https://www.sec.gov/Archives/edgar/data/751652/000075165206000048/0000751652-06-000048-index.htm",
        "finalLink": "https://www.sec.gov/Archives/edgar/data/751652/000075165206000048/str10q_3q2006.htm"
    },
    {
        "date": "2006-06-30",
        "symbol": "STR",
        "reportedCurrency": "USD",
        "cik": "0001949543",
        "fillingDate": "2006-08-04",
        "acceptedDate": "2006-08-04 15:55:38",
        "calendarYear": "2006",
        "period": "Q2",
        "revenue": 596230000,
        "costOfRevenue": 220854000,
        "grossProfit": 375376000,
        "grossProfitRatio": 0.6295825436,
        "researchAndDevelopmentExpenses": 0,
        "generalAndAdministrativeExpenses": 30292000,
        "sellingAndMarketingExpenses": 400175000,
        "sellingGeneralAndAdministrativeExpenses": 430467000,
        "otherExpenses": 0,
        "operatingExpenses": 430467000,
        "costAndExpenses": 651321000,
        "interestIncome": 0,
        "interestExpense": 19762000,
        "depreciationAndAmortization": 515000,
        "ebitda": 110639000,
        "ebitdaratio": 0.1855642957,
        "operatingIncome": 165763000,
        "operatingIncomeRatio": 0.2780185499,
        "totalOtherIncomeExpensesNet": -21711000,
        "incomeBeforeTax": 144052000,
        "incomeBeforeTaxRatio": 0.2416047498,
        "incomeTaxExpense": -1949000,
        "netIncome": 90362000,
        "netIncomeRatio": 0.1515556077,
        "eps": 1.06,
        "epsdiluted": 1.03,
        "weightedAverageShsOut": 85352000,
        "weightedAverageShsOutDil": 87492000,
        "link": "https://www.sec.gov/Archives/edgar/data/751652/000075165206000035/0000751652-06-000035-index.htm",
        "finalLink": "https://www.sec.gov/Archives/edgar/data/751652/000075165206000035/str10q_2q2006.htm"
    },
    {
        "date": "2006-03-31",
        "symbol": "STR",
        "reportedCurrency": "USD",
        "cik": "0001949543",
        "fillingDate": "2006-05-08",
        "acceptedDate": "2006-05-05 19:30:02",
        "calendarYear": "2006",
        "period": "Q1",
        "revenue": 911373000,
        "costOfRevenue": 462780000,
        "grossProfit": 448593000,
        "grossProfitRatio": 0.4922166884,
        "researchAndDevelopmentExpenses": 0,
        "generalAndAdministrativeExpenses": 32318000,
        "sellingAndMarketingExpenses": 648113000,
        "sellingGeneralAndAdministrativeExpenses": 680431000,
        "otherExpenses": 0,
        "operatingExpenses": 680431000,
        "costAndExpenses": 1143211000,
        "interestIncome": 0,
        "interestExpense": 17430000,
        "depreciationAndAmortization": 72754000,
        "ebitda": 227340000,
        "ebitdaratio": 0.2494478112,
        "operatingIncome": 230942000,
        "operatingIncomeRatio": 0.2534000898,
        "totalOtherIncomeExpensesNet": -13152000,
        "incomeBeforeTax": 217790000,
        "incomeBeforeTaxRatio": 0.2389691158,
        "incomeTaxExpense": 4278000,
        "netIncome": 137156000,
        "netIncomeRatio": 0.1504938154,
        "eps": 1.61,
        "epsdiluted": 1.57,
        "weightedAverageShsOut": 85240000,
        "weightedAverageShsOutDil": 87449000,
        "link": "https://www.sec.gov/Archives/edgar/data/751652/000075165206000020/0000751652-06-000020-index.htm",
        "finalLink": "https://www.sec.gov/Archives/edgar/data/751652/000075165206000020/str10q_1q2006.htm"
    },
    {
        "date": "2005-12-31",
        "symbol": "STR",
        "reportedCurrency": "USD",
        "cik": "0001949543",
        "fillingDate": "2006-03-02",
        "acceptedDate": "2006-03-02 16:28:54",
        "calendarYear": "2005",
        "period": "Q4",
        "revenue": 2141978000,
        "costOfRevenue": 1099603000,
        "grossProfit": 1042375000,
        "grossProfitRatio": 0.4866413194,
        "researchAndDevelopmentExpenses": 0,
        "generalAndAdministrativeExpenses": 123055000,
        "sellingAndMarketingExpenses": 1571519000,
        "sellingGeneralAndAdministrativeExpenses": 1694574000,
        "otherExpenses": 0,
        "operatingExpenses": 1694574000,
        "costAndExpenses": 2794177000,
        "interestIncome": 0,
        "interestExpense": 69295000,
        "depreciationAndAmortization": 191998000,
        "ebitda": 521217000,
        "ebitdaratio": 0.243334432,
        "operatingIncome": 447404000,
        "operatingIncomeRatio": 0.2088742275,
        "totalOtherIncomeExpensesNet": -225152000,
        "incomeBeforeTax": 222252000,
        "incomeBeforeTaxRatio": 0.1037601693,
        "incomeTaxExpense": -155857000,
        "netIncome": 259924000,
        "netIncomeRatio": 0.1213476516,
        "eps": 3.07,
        "epsdiluted": 2.98,
        "weightedAverageShsOut": 84791000,
        "weightedAverageShsOutDil": 87134000,
        "link": "https://www.sec.gov/Archives/edgar/data/751652/000075165206000010/0000751652-06-000010-index.htm",
        "finalLink": "https://www.sec.gov/Archives/edgar/data/751652/000075165206000010/str10k_4q2005.htm"
    },
    {
        "date": "2005-09-30",
        "symbol": "STR",
        "reportedCurrency": "USD",
        "cik": "0001949543",
        "fillingDate": "2005-11-04",
        "acceptedDate": "2005-11-04 13:32:49",
        "calendarYear": "2005",
        "period": "Q3",
        "revenue": 556660000,
        "costOfRevenue": 37597000,
        "grossProfit": 519063000,
        "grossProfitRatio": 0.9324596702,
        "researchAndDevelopmentExpenses": 0,
        "generalAndAdministrativeExpenses": 0,
        "sellingAndMarketingExpenses": 0,
        "sellingGeneralAndAdministrativeExpenses": 57023000,
        "otherExpenses": 0,
        "operatingExpenses": 57023000,
        "costAndExpenses": 94620000,
        "interestIncome": 0,
        "interestExpense": 0,
        "depreciationAndAmortization": 3735000,
        "ebitda": 8765000,
        "ebitdaratio": 0.0157456976,
        "operatingIncome": 5678000,
        "operatingIncomeRatio": 0.0102001222,
        "totalOtherIncomeExpensesNet": 1150000,
        "incomeBeforeTax": 6828000,
        "incomeBeforeTaxRatio": 0.0122660152,
        "incomeTaxExpense": 1150000,
        "netIncome": 5030000,
        "netIncomeRatio": 0.0090360364,
        "eps": 0.0592,
        "epsdiluted": 0.0576,
        "weightedAverageShsOut": 84930000,
        "weightedAverageShsOutDil": 87353000,
        "link": "https://www.sec.gov/Archives/edgar/data/751652/000075165205000048/0000751652-05-000048-index.htm",
        "finalLink": "https://www.sec.gov/Archives/edgar/data/751652/000075165205000048/str10q3q2005.htm"
    },
    {
        "date": "2005-06-30",
        "symbol": "STR",
        "reportedCurrency": "USD",
        "cik": "0001949543",
        "fillingDate": "2005-08-04",
        "acceptedDate": "2005-08-04 16:10:40",
        "calendarYear": "2005",
        "period": "Q2",
        "revenue": 26250000,
        "costOfRevenue": 234127000,
        "grossProfit": -207877000,
        "grossProfitRatio": -7.9191238095,
        "researchAndDevelopmentExpenses": 0,
        "generalAndAdministrativeExpenses": 0,
        "sellingAndMarketingExpenses": 0,
        "sellingGeneralAndAdministrativeExpenses": 411562000,
        "otherExpenses": 0,
        "operatingExpenses": 411562000,
        "costAndExpenses": 645689000,
        "interestIncome": 0,
        "interestExpense": 0,
        "depreciationAndAmortization": -428000,
        "ebitda": 60299000,
        "ebitdaratio": 2.2971047619,
        "operatingIncome": 108647000,
        "operatingIncomeRatio": 4.1389333333,
        "totalOtherIncomeExpensesNet": -12046000,
        "incomeBeforeTax": 96601000,
        "incomeBeforeTaxRatio": 3.6800380952,
        "incomeTaxExpense": -12046000,
        "netIncome": 60727000,
        "netIncomeRatio": 2.3134095238,
        "eps": 0.72,
        "epsdiluted": 0.7,
        "weightedAverageShsOut": 84679000,
        "weightedAverageShsOutDil": 87051000,
        "link": "https://www.sec.gov/Archives/edgar/data/751652/000075165205000036/0000751652-05-000036-index.htm",
        "finalLink": "https://www.sec.gov/Archives/edgar/data/751652/000075165205000036/str10q_2q2005.htm"
    },
    {
        "date": "2005-03-31",
        "symbol": "STR",
        "reportedCurrency": "USD",
        "cik": "0001949543",
        "fillingDate": "2005-05-16",
        "acceptedDate": "2005-05-16 15:52:29",
        "calendarYear": "2005",
        "period": "Q1",
        "revenue": 680324000,
        "costOfRevenue": 342786000,
        "grossProfit": 337538000,
        "grossProfitRatio": 0.4961430142,
        "researchAndDevelopmentExpenses": 0,
        "generalAndAdministrativeExpenses": 0,
        "sellingAndMarketingExpenses": 0,
        "sellingGeneralAndAdministrativeExpenses": 516623000,
        "otherExpenses": 0,
        "operatingExpenses": 516623000,
        "costAndExpenses": 859409000,
        "interestIncome": 0,
        "interestExpense": 0,
        "depreciationAndAmortization": 60235000,
        "ebitda": 155406000,
        "ebitdaratio": 0.2284293954,
        "operatingIncome": 163701000,
        "operatingIncomeRatio": 0.2406221153,
        "totalOtherIncomeExpensesNet": -12525000,
        "incomeBeforeTax": 151176000,
        "incomeBeforeTaxRatio": 0.2222117697,
        "incomeTaxExpense": -12525000,
        "netIncome": 95171000,
        "netIncomeRatio": 0.1398906991,
        "eps": 1.13,
        "epsdiluted": 1.1,
        "weightedAverageShsOut": 84417000,
        "weightedAverageShsOutDil": 86728000,
        "link": "https://www.sec.gov/Archives/edgar/data/764044/000076404405000010/0000764044-05-000010-index.html",
        "finalLink": "https://www.sec.gov/Archives/edgar/data/764044/000076404405000010/qpc10q1q2005.htm"
    },
    {
        "date": "2004-12-31",
        "symbol": "STR",
        "reportedCurrency": "USD",
        "cik": "0001949543",
        "fillingDate": "2005-03-07",
        "acceptedDate": "2005-03-07 17:25:01",
        "calendarYear": "2004",
        "period": "Q4",
        "revenue": 1541206000,
        "costOfRevenue": 706383000,
        "grossProfit": 834823000,
        "grossProfitRatio": 0.5416686673,
        "researchAndDevelopmentExpenses": 0,
        "generalAndAdministrativeExpenses": 0,
        "sellingAndMarketingExpenses": 0,
        "sellingGeneralAndAdministrativeExpenses": 1197419000,
        "otherExpenses": 0,
        "operatingExpenses": 1197419000,
        "costAndExpenses": 1903802000,
        "interestIncome": 0,
        "interestExpense": 0,
        "depreciationAndAmortization": 58264000,
        "ebitda": 250624000,
        "ebitdaratio": 0.1626155102,
        "operatingIncome": 343787000,
        "operatingIncomeRatio": 0.2230636268,
        "totalOtherIncomeExpensesNet": -21847000,
        "incomeBeforeTax": 321940000,
        "incomeBeforeTaxRatio": 0.208888364,
        "incomeTaxExpense": -21847000,
        "netIncome": 192360000,
        "netIncomeRatio": 0.124811349,
        "eps": 2.3,
        "epsdiluted": 2.24,
        "weightedAverageShsOut": 83759000,
        "weightedAverageShsOutDil": 85722000,
        "link": "https://www.sec.gov/Archives/edgar/data/751652/000104746905005570/0001047469-05-005570-index.htm",
        "finalLink": "https://www.sec.gov/Archives/edgar/data/751652/000104746905005570/a2153131z10-k.htm"
    },
    {
        "date": "2004-09-30",
        "symbol": "STR",
        "reportedCurrency": "USD",
        "cik": "0001949543",
        "fillingDate": "2004-11-09",
        "acceptedDate": "2004-11-08 18:32:41",
        "calendarYear": "2004",
        "period": "Q3",
        "revenue": 360225000,
        "costOfRevenue": 134161000,
        "grossProfit": 226064000,
        "grossProfitRatio": 0.6275633285,
        "researchAndDevelopmentExpenses": 0,
        "generalAndAdministrativeExpenses": 0,
        "sellingAndMarketingExpenses": 0,
        "sellingGeneralAndAdministrativeExpenses": 288425000,
        "otherExpenses": 0,
        "operatingExpenses": 288425000,
        "costAndExpenses": 422586000,
        "interestIncome": 0,
        "interestExpense": 0,
        "depreciationAndAmortization": 55049000,
        "ebitda": 91990000,
        "ebitdaratio": 0.2553681727,
        "operatingIncome": 71800000,
        "operatingIncomeRatio": 0.1993198695,
        "totalOtherIncomeExpensesNet": -34859000,
        "incomeBeforeTax": 36941000,
        "incomeBeforeTaxRatio": 0.1025497953,
        "incomeTaxExpense": 0,
        "netIncome": 36941000,
        "netIncomeRatio": 0.1025497953,
        "eps": 0.44,
        "epsdiluted": 0.44,
        "weightedAverageShsOut": 83759000,
        "weightedAverageShsOutDil": 83759000,
        "link": "https://www.sec.gov/Archives/edgar/data/751652/000075165204000031/0000751652-04-000031-index.htm",
        "finalLink": "https://www.sec.gov/Archives/edgar/data/751652/000075165204000031/str10q3q2004.htm"
    },
    {
        "date": "2004-06-30",
        "symbol": "STR",
        "reportedCurrency": "USD",
        "cik": "0001949543",
        "fillingDate": "2004-08-12",
        "acceptedDate": "2004-08-12 14:06:21",
        "calendarYear": "2004",
        "period": "Q2",
        "revenue": 369515000,
        "costOfRevenue": 127727000,
        "grossProfit": 241788000,
        "grossProfitRatio": 0.6543387954,
        "researchAndDevelopmentExpenses": 0,
        "generalAndAdministrativeExpenses": 0,
        "sellingAndMarketingExpenses": 0,
        "sellingGeneralAndAdministrativeExpenses": 287218000,
        "otherExpenses": 0,
        "operatingExpenses": 287218000,
        "costAndExpenses": 414945000,
        "interestIncome": 0,
        "interestExpense": 0,
        "depreciationAndAmortization": 57842000,
        "ebitda": 100398000,
        "ebitdaratio": 0.271702096,
        "operatingIncome": 82297000,
        "operatingIncomeRatio": 0.2227162632,
        "totalOtherIncomeExpensesNet": -39741000,
        "incomeBeforeTax": 42556000,
        "incomeBeforeTaxRatio": 0.1151671786,
        "incomeTaxExpense": 0,
        "netIncome": 42556000,
        "netIncomeRatio": 0.1151671786,
        "eps": 0.51,
        "epsdiluted": 0.51,
        "weightedAverageShsOut": 83759000,
        "weightedAverageShsOutDil": 83759000,
        "link": "https://www.sec.gov/Archives/edgar/data/764044/000076404404000008/0000764044-04-000008-index.html",
        "finalLink": "https://www.sec.gov/Archives/edgar/data/764044/000076404404000008/qpc10q_2q2004.htm"
    },
    {
        "date": "2004-03-31",
        "symbol": "STR",
        "reportedCurrency": "USD",
        "cik": "0001949543",
        "fillingDate": "2004-05-07",
        "acceptedDate": "2004-05-07 16:42:10",
        "calendarYear": "2004",
        "period": "Q1",
        "revenue": 563616000,
        "costOfRevenue": 266259000,
        "grossProfit": 297357000,
        "grossProfitRatio": 0.5275879322,
        "researchAndDevelopmentExpenses": 0,
        "generalAndAdministrativeExpenses": 0,
        "sellingAndMarketingExpenses": 0,
        "sellingGeneralAndAdministrativeExpenses": 426826000,
        "otherExpenses": 0,
        "operatingExpenses": 426826000,
        "costAndExpenses": 693085000,
        "interestIncome": 0,
        "interestExpense": 0,
        "depreciationAndAmortization": 54724000,
        "ebitda": 130857000,
        "ebitdaratio": 0.2321740334,
        "operatingIncome": 136790000,
        "operatingIncomeRatio": 0.242700704,
        "totalOtherIncomeExpensesNet": -60657000,
        "incomeBeforeTax": 76133000,
        "incomeBeforeTaxRatio": 0.1350795577,
        "incomeTaxExpense": 0,
        "netIncome": 76133000,
        "netIncomeRatio": 0.1350795577,
        "eps": 0.92,
        "epsdiluted": 0.9,
        "weightedAverageShsOut": 82697000,
        "weightedAverageShsOutDil": 84190000,
        "link": "https://www.sec.gov/Archives/edgar/data/751652/000075165204000012/0000751652-04-000012-index.html",
        "finalLink": "https://www.sec.gov/Archives/edgar/data/751652/000075165204000012/str10q_1q2004.htm"
    },
    {
        "date": "2003-12-31",
        "symbol": "STR",
        "reportedCurrency": "USD",
        "cik": "0001949543",
        "fillingDate": "2004-03-12",
        "acceptedDate": "2004-03-12 14:07:28",
        "calendarYear": "2003",
        "period": "Q4",
        "revenue": 1189685000,
        "costOfRevenue": 463018000,
        "grossProfit": 726667000,
        "grossProfitRatio": 0.6108062218,
        "researchAndDevelopmentExpenses": 0,
        "generalAndAdministrativeExpenses": 0,
        "sellingAndMarketingExpenses": 0,
        "sellingGeneralAndAdministrativeExpenses": 908700000,
        "otherExpenses": 0,
        "operatingExpenses": 908700000,
        "costAndExpenses": 1371718000,
        "interestIncome": 0,
        "interestExpense": 0,
        "depreciationAndAmortization": -146139000,
        "ebitda": -1214000,
        "ebitdaratio": -0.0010204382,
        "operatingIncome": 280985000,
        "operatingIncomeRatio": 0.2361843681,
        "totalOtherIncomeExpensesNet": -152093000,
        "incomeBeforeTax": 128892000,
        "incomeBeforeTaxRatio": 0.1083412836,
        "incomeTaxExpense": -152093000,
        "netIncome": 144925000,
        "netIncomeRatio": 0.1218179602,
        "eps": 1.75,
        "epsdiluted": 1.72,
        "weightedAverageShsOut": 82697000,
        "weightedAverageShsOutDil": 84190000,
        "link": "https://www.sec.gov/Archives/edgar/data/751652/000075165204000006/0000751652-04-000006-index.htm",
        "finalLink": "https://www.sec.gov/Archives/edgar/data/751652/000075165204000006/str10k_4q2003.htm"
    },
    {
        "date": "2003-09-30",
        "symbol": "STR",
        "reportedCurrency": "USD",
        "cik": "0001949543",
        "fillingDate": "2003-11-13",
        "acceptedDate": "2003-11-13 14:22:55",
        "calendarYear": "2003",
        "period": "Q3",
        "revenue": 2834000,
        "costOfRevenue": 9464000,
        "grossProfit": -6630000,
        "grossProfitRatio": -2.3394495413,
        "researchAndDevelopmentExpenses": 0,
        "generalAndAdministrativeExpenses": 0,
        "sellingAndMarketingExpenses": 0,
        "sellingGeneralAndAdministrativeExpenses": -10116000,
        "otherExpenses": 0,
        "operatingExpenses": -10116000,
        "costAndExpenses": -10116000,
        "interestIncome": 0,
        "interestExpense": 0,
        "depreciationAndAmortization": 49985000,
        "ebitda": 58404000,
        "ebitdaratio": 20.6083274524,
        "operatingIncome": 12950000,
        "operatingIncomeRatio": 4.5695130558,
        "totalOtherIncomeExpensesNet": 11502000,
        "incomeBeforeTax": 24452000,
        "incomeBeforeTaxRatio": 8.6280875088,
        "incomeTaxExpense": 11502000,
        "netIncome": 8419000,
        "netIncomeRatio": 2.9707127735,
        "eps": 0.1,
        "epsdiluted": 0.0998,
        "weightedAverageShsOut": 82896000,
        "weightedAverageShsOutDil": 84398000,
        "link": "https://www.sec.gov/Archives/edgar/data/751652/000110465903026161/0001104659-03-026161-index.htm",
        "finalLink": "https://www.sec.gov/Archives/edgar/data/751652/000110465903026161/a03-5504_110q.htm"
    },
    {
        "date": "2003-06-30",
        "symbol": "STR",
        "reportedCurrency": "USD",
        "cik": "0001949543",
        "fillingDate": "2003-08-13",
        "acceptedDate": "2003-08-13 17:25:40",
        "calendarYear": "2003",
        "period": "Q2",
        "revenue": 270669000,
        "costOfRevenue": 69959000,
        "grossProfit": 200710000,
        "grossProfitRatio": 0.7415330163,
        "researchAndDevelopmentExpenses": 0,
        "generalAndAdministrativeExpenses": 0,
        "sellingAndMarketingExpenses": 0,
        "sellingGeneralAndAdministrativeExpenses": 224774000,
        "otherExpenses": 0,
        "operatingExpenses": 224774000,
        "costAndExpenses": 294733000,
        "interestIncome": 0,
        "interestExpense": 0,
        "depreciationAndAmortization": 50257000,
        "ebitda": 70529000,
        "ebitdaratio": 0.2605728768,
        "operatingIncome": 45895000,
        "operatingIncomeRatio": 0.1695613461,
        "totalOtherIncomeExpensesNet": -25623000,
        "incomeBeforeTax": 20272000,
        "incomeBeforeTaxRatio": 0.0748959061,
        "incomeTaxExpense": 0,
        "netIncome": 20272000,
        "netIncomeRatio": 0.0748959061,
        "eps": 0.25,
        "epsdiluted": 0.24,
        "weightedAverageShsOut": 82678000,
        "weightedAverageShsOutDil": 84274000,
        "link": "https://www.sec.gov/Archives/edgar/data/751652/000075165203000025/0000751652-03-000025-index.htm",
        "finalLink": "https://www.sec.gov/Archives/edgar/data/751652/000075165203000025/str10q_2q2003.htm"
    },
    {
        "date": "2003-03-31",
        "symbol": "STR",
        "reportedCurrency": "USD",
        "cik": "0001949543",
        "fillingDate": "2003-05-15",
        "acceptedDate": "2003-05-15 13:09:02",
        "calendarYear": "2003",
        "period": "Q1",
        "revenue": 469804000,
        "costOfRevenue": 0,
        "grossProfit": 469804000,
        "grossProfitRatio": 1,
        "researchAndDevelopmentExpenses": 0,
        "generalAndAdministrativeExpenses": 0,
        "sellingAndMarketingExpenses": 0,
        "sellingGeneralAndAdministrativeExpenses": 341929000,
        "otherExpenses": 0,
        "operatingExpenses": 341929000,
        "costAndExpenses": 341929000,
        "interestIncome": 0,
        "interestExpense": 0,
        "depreciationAndAmortization": 47938000,
        "ebitda": 112560000,
        "ebitdaratio": 0.2395892755,
        "operatingIncome": 127875000,
        "operatingIncomeRatio": 0.2721879763,
        "totalOtherIncomeExpensesNet": -15210000,
        "incomeBeforeTax": 112665000,
        "incomeBeforeTaxRatio": 0.239812773,
        "incomeTaxExpense": -15210000,
        "netIncome": 64622000,
        "netIncomeRatio": 0.1375509787,
        "eps": 0.79,
        "epsdiluted": 0.77,
        "weightedAverageShsOut": 82222000,
        "weightedAverageShsOutDil": 83453000,
        "link": "https://www.sec.gov/Archives/edgar/data/751652/000110465903010217/0001104659-03-010217-index.htm",
        "finalLink": "https://www.sec.gov/Archives/edgar/data/751652/000110465903010217/j1156_10q.htm"
    },
    {
        "date": "2002-12-31",
        "symbol": "STR",
        "reportedCurrency": "USD",
        "cik": "0001949543",
        "fillingDate": "2003-03-27",
        "acceptedDate": "2003-03-27 17:22:33",
        "calendarYear": "2002",
        "period": "Q4",
        "revenue": 25490000,
        "costOfRevenue": 0,
        "grossProfit": 25490000,
        "grossProfitRatio": 1,
        "researchAndDevelopmentExpenses": 0,
        "generalAndAdministrativeExpenses": 0,
        "sellingAndMarketingExpenses": 0,
        "sellingGeneralAndAdministrativeExpenses": 16685000,
        "otherExpenses": 0,
        "operatingExpenses": 16685000,
        "costAndExpenses": 16685000,
        "interestIncome": 0,
        "interestExpense": 0,
        "depreciationAndAmortization": 50494000,
        "ebitda": 59363000,
        "ebitdaratio": 2.3288740683,
        "operatingIncome": 8805000,
        "operatingIncomeRatio": 0.3454295802,
        "totalOtherIncomeExpensesNet": 64000,
        "incomeBeforeTax": 8869000,
        "incomeBeforeTaxRatio": 0.3479403688,
        "incomeTaxExpense": 64000,
        "netIncome": 8869000,
        "netIncomeRatio": 0.3479403688,
        "eps": 0.0311,
        "epsdiluted": 0.0311,
        "weightedAverageShsOut": 285000000,
        "weightedAverageShsOutDil": 285000000,
        "link": "https://www.sec.gov/Archives/edgar/data/751652/000104746903010582/0001047469-03-010582-index.htm",
        "finalLink": "https://www.sec.gov/Archives/edgar/data/751652/000104746903010582/a2106653z10-k.htm"
    }
]