[
    {
        "date": "2025-09-30",
        "symbol": "SW",
        "reportedCurrency": "USD",
        "cik": "0002005951",
        "fillingDate": "2025-10-29",
        "acceptedDate": "2025-10-29 06:48:52",
        "calendarYear": "2025",
        "period": "Q3",
        "revenue": 8003000000,
        "costOfRevenue": 6434000000,
        "grossProfit": 1569000000,
        "grossProfitRatio": 0.1960514807,
        "researchAndDevelopmentExpenses": 0,
        "generalAndAdministrativeExpenses": 0,
        "sellingAndMarketingExpenses": 0,
        "sellingGeneralAndAdministrativeExpenses": 963000000,
        "otherExpenses": 80000000,
        "operatingExpenses": 1043000000,
        "costAndExpenses": 7477000000,
        "interestIncome": 0,
        "interestExpense": 177000000,
        "depreciationAndAmortization": 659000000,
        "ebitda": 1172000000,
        "ebitdaratio": 0.1464450831,
        "operatingIncome": 526000000,
        "operatingIncomeRatio": 0.065725353,
        "totalOtherIncomeExpensesNet": -190000000,
        "incomeBeforeTax": 336000000,
        "incomeBeforeTaxRatio": 0.0419842559,
        "incomeTaxExpense": 91000000,
        "netIncome": 246000000,
        "netIncomeRatio": 0.0307384731,
        "eps": 0.47,
        "epsdiluted": 0.47,
        "weightedAverageShsOut": 523404000,
        "weightedAverageShsOutDil": 523404000,
        "link": "https://www.sec.gov/Archives/edgar/data/2005951/000110465925103425/0001104659-25-103425-index.htm",
        "finalLink": "https://www.sec.gov/Archives/edgar/data/2005951/000110465925103425/tm2529644d1_ex99-1.htm"
    },
    {
        "date": "2025-06-30",
        "symbol": "SW",
        "reportedCurrency": "USD",
        "cik": "0002005951",
        "fillingDate": "2025-08-07",
        "acceptedDate": "2025-08-07 06:21:39",
        "calendarYear": "2025",
        "period": "Q2",
        "revenue": 6741060000,
        "costOfRevenue": 5454825000,
        "grossProfit": 1286235000,
        "grossProfitRatio": 0.1908060453,
        "researchAndDevelopmentExpenses": 0,
        "generalAndAdministrativeExpenses": 0,
        "sellingAndMarketingExpenses": 0,
        "sellingGeneralAndAdministrativeExpenses": 811644000,
        "otherExpenses": 261492000,
        "operatingExpenses": 1073136000,
        "costAndExpenses": 6527961000,
        "interestIncome": 22193600,
        "interestExpense": 177548800,
        "depreciationAndAmortization": 520437000,
        "ebitda": 995028000,
        "ebitdaratio": 0.1476070529,
        "operatingIncome": 213099000,
        "operatingIncomeRatio": 0.0316120907,
        "totalOtherIncomeExpensesNet": -163857000,
        "incomeBeforeTax": 49242000,
        "incomeBeforeTaxRatio": 0.0073047859,
        "incomeTaxExpense": 71316000,
        "netIncome": -23772000,
        "netIncomeRatio": -0.0035264484,
        "eps": -0.0536,
        "epsdiluted": -0.0536,
        "weightedAverageShsOut": 521000000,
        "weightedAverageShsOutDil": 526000000,
        "link": "https://www.sec.gov/Archives/edgar/data/2005951/000200595125000014/0002005951-25-000014-index.htm",
        "finalLink": "https://www.sec.gov/Archives/edgar/data/2005951/000200595125000014/smur-20250630.htm"
    },
    {
        "date": "2025-03-31",
        "symbol": "SW",
        "reportedCurrency": "USD",
        "cik": "0002005951",
        "fillingDate": "2025-05-09",
        "acceptedDate": "2025-05-09 06:35:11",
        "calendarYear": "2025",
        "period": "Q1",
        "revenue": 7076440800,
        "costOfRevenue": 5618819700,
        "grossProfit": 1457621100,
        "grossProfitRatio": 0.2059822362,
        "researchAndDevelopmentExpenses": 0,
        "generalAndAdministrativeExpenses": 0,
        "sellingAndMarketingExpenses": 0,
        "sellingGeneralAndAdministrativeExpenses": 904889700,
        "otherExpenses": 41593500,
        "operatingExpenses": 946483200,
        "costAndExpenses": 6565302900,
        "interestIncome": 25868640,
        "interestExpense": 180156600,
        "depreciationAndAmortization": 557352900,
        "ebitda": 1110084300,
        "ebitdaratio": 0.1568704284,
        "operatingIncome": 511137900,
        "operatingIncomeRatio": 0.07223093,
        "totalOtherIncomeExpensesNet": -150660900,
        "incomeBeforeTax": 360477000,
        "incomeBeforeTaxRatio": 0.0509404389,
        "incomeTaxExpense": 7394400,
        "netIncome": 354931200,
        "netIncomeRatio": 0.0501567398,
        "eps": 0.67367,
        "epsdiluted": 0.66457,
        "weightedAverageShsOut": 521000000,
        "weightedAverageShsOutDil": 526000000,
        "link": "https://www.sec.gov/Archives/edgar/data/2005951/000200595125000009/0002005951-25-000009-index.htm",
        "finalLink": "https://www.sec.gov/Archives/edgar/data/2005951/000200595125000009/smur-20250331.htm"
    },
    {
        "date": "2024-12-31",
        "symbol": "SW",
        "reportedCurrency": "USD",
        "cik": "0002005951",
        "fillingDate": "2025-03-07",
        "acceptedDate": "2025-03-07 06:21:17",
        "calendarYear": "2024",
        "period": "Q4",
        "revenue": 7277396700,
        "costOfRevenue": 6104557200,
        "grossProfit": 1172839500,
        "grossProfitRatio": 0.1611619578,
        "researchAndDevelopmentExpenses": 0,
        "generalAndAdministrativeExpenses": 0,
        "sellingAndMarketingExpenses": 0,
        "sellingGeneralAndAdministrativeExpenses": 954681700,
        "otherExpenses": -168927500,
        "operatingExpenses": 785754200,
        "costAndExpenses": 6890311400,
        "interestIncome": 29936700,
        "interestExpense": 197002800,
        "depreciationAndAmortization": 571457600,
        "ebitda": 789615400,
        "ebitdaratio": 0.1085024539,
        "operatingIncome": 387085300,
        "operatingIncomeRatio": 0.0531900783,
        "totalOtherIncomeExpensesNet": -171823400,
        "incomeBeforeTax": 215261900,
        "incomeBeforeTaxRatio": 0.0295795198,
        "incomeTaxExpense": 74328100,
        "netIncome": 140933800,
        "netIncomeRatio": 0.0193659637,
        "eps": 0.31,
        "epsdiluted": 0.31,
        "weightedAverageShsOut": 453500000,
        "weightedAverageShsOutDil": 457500000,
        "link": "https://www.sec.gov/Archives/edgar/data/2005951/000200595125000005/0002005951-25-000005-index.htm",
        "finalLink": "https://www.sec.gov/Archives/edgar/data/2005951/000200595125000005/smur-20241231.htm"
    },
    {
        "date": "2024-09-30",
        "symbol": "SW",
        "reportedCurrency": "USD",
        "cik": "0002005951",
        "fillingDate": "2024-11-08",
        "acceptedDate": "2024-11-08 06:31:09",
        "calendarYear": "2024",
        "period": "Q3",
        "revenue": 6889325100,
        "costOfRevenue": 5473021400,
        "grossProfit": 1416303700,
        "grossProfitRatio": 0.2055794551,
        "researchAndDevelopmentExpenses": 0,
        "generalAndAdministrativeExpenses": 0,
        "sellingAndMarketingExpenses": 0,
        "sellingGeneralAndAdministrativeExpenses": 916062000,
        "otherExpenses": 450846200,
        "operatingExpenses": 1366908200,
        "costAndExpenses": 6839929600,
        "interestIncome": 37601340,
        "interestExpense": 187111430,
        "depreciationAndAmortization": 506528400,
        "ebitda": 1006770100,
        "ebitdaratio": 0.1461347934,
        "operatingIncome": 49395500,
        "operatingIncomeRatio": 0.0071698605,
        "totalOtherIncomeExpensesNet": -154473200,
        "incomeBeforeTax": -105077700,
        "incomeBeforeTaxRatio": -0.0152522487,
        "incomeTaxExpense": 29637300,
        "netIncome": -134715000,
        "netIncomeRatio": -0.019554165,
        "eps": -0.27357,
        "epsdiluted": -0.27357,
        "weightedAverageShsOut": 508000000,
        "weightedAverageShsOutDil": 508000000,
        "link": "https://www.sec.gov/Archives/edgar/data/2005951/000200595124000010/0002005951-24-000010-index.htm",
        "finalLink": "https://www.sec.gov/Archives/edgar/data/2005951/000200595124000010/smur-20240930.htm"
    },
    {
        "date": "2024-06-30",
        "symbol": "SW",
        "reportedCurrency": "EUR",
        "cik": "0002005951",
        "fillingDate": "2024-09-06",
        "acceptedDate": "2024-09-07 06:21:17",
        "calendarYear": "2024",
        "period": "Q2",
        "revenue": 2771561500,
        "costOfRevenue": 2124646000,
        "grossProfit": 646915500,
        "grossProfitRatio": 0.2334119232,
        "researchAndDevelopmentExpenses": 0,
        "generalAndAdministrativeExpenses": 0,
        "sellingAndMarketingExpenses": 0,
        "sellingGeneralAndAdministrativeExpenses": 390203000,
        "otherExpenses": 28938500,
        "operatingExpenses": 419141500,
        "costAndExpenses": 2543787500,
        "interestIncome": 0,
        "interestExpense": 30749400,
        "depreciationAndAmortization": 149360000,
        "ebitda": 406072500,
        "ebitdaratio": 0.1465139778,
        "operatingIncome": 227774000,
        "operatingIncomeRatio": 0.082182553,
        "totalOtherIncomeExpensesNet": -53209500,
        "incomeBeforeTax": 174564500,
        "incomeBeforeTaxRatio": 0.0629841698,
        "incomeTaxExpense": 51342500,
        "netIncome": 123222000,
        "netIncomeRatio": 0.0444594139,
        "eps": 0.47522,
        "epsdiluted": 0.47522,
        "weightedAverageShsOut": 258823529,
        "weightedAverageShsOutDil": 258823529,
        "link": null,
        "finalLink": null
    },
    {
        "date": "2024-03-31",
        "symbol": "SW",
        "reportedCurrency": "EUR",
        "cik": "0002005951",
        "fillingDate": "2024-06-07",
        "acceptedDate": "2024-06-07 16:10:28",
        "calendarYear": "2024",
        "period": "Q1",
        "revenue": 2715231000,
        "costOfRevenue": 2057274000,
        "grossProfit": 657957000,
        "grossProfitRatio": 0.2423208191,
        "researchAndDevelopmentExpenses": 0,
        "generalAndAdministrativeExpenses": 0,
        "sellingAndMarketingExpenses": 0,
        "sellingGeneralAndAdministrativeExpenses": 361413000,
        "otherExpenses": 12047100,
        "operatingExpenses": 373460100,
        "costAndExpenses": 2430734100,
        "interestIncome": 0,
        "interestExpense": 0,
        "depreciationAndAmortization": 137151600,
        "ebitda": 433695600,
        "ebitdaratio": 0.1597269625,
        "operatingIncome": 284496900,
        "operatingIncomeRatio": 0.104778157,
        "totalOtherIncomeExpensesNet": -37068000,
        "incomeBeforeTax": 247428900,
        "incomeBeforeTaxRatio": 0.0911262799,
        "incomeTaxExpense": 70429200,
        "netIncome": 176999700,
        "netIncomeRatio": 0.0651877133,
        "eps": 0.68857,
        "epsdiluted": 0.67927,
        "weightedAverageShsOut": 259000000,
        "weightedAverageShsOutDil": 260000000,
        "link": "https://www.sec.gov/Archives/edgar/data/2005951/000141057824000999/0001410578-24-000999-index.htm",
        "finalLink": "https://www.sec.gov/Archives/edgar/data/2005951/000141057824000999/tmb-20240331x10q.htm"
    },
    {
        "date": "2023-12-31",
        "symbol": "SW",
        "reportedCurrency": "EUR",
        "cik": "0002005951",
        "fillingDate": "2023-12-31",
        "acceptedDate": "2023-12-30 19:00:00",
        "calendarYear": "2023",
        "period": "Q4",
        "revenue": 2592399600,
        "costOfRevenue": 1957433800,
        "grossProfit": 634965800,
        "grossProfitRatio": 0.2449336129,
        "researchAndDevelopmentExpenses": 0,
        "generalAndAdministrativeExpenses": 0,
        "sellingAndMarketingExpenses": 0,
        "sellingGeneralAndAdministrativeExpenses": 434784000,
        "otherExpenses": 37137800,
        "operatingExpenses": 471921800,
        "costAndExpenses": 2429355600,
        "interestIncome": 0,
        "interestExpense": 0,
        "depreciationAndAmortization": 135870000,
        "ebitda": 336051800,
        "ebitdaratio": 0.1296296296,
        "operatingIncome": 163044000,
        "operatingIncomeRatio": 0.0628930818,
        "totalOtherIncomeExpensesNet": -69746600,
        "incomeBeforeTax": 93297400,
        "incomeBeforeTaxRatio": 0.035988819,
        "incomeTaxExpense": 48913200,
        "netIncome": 43478400,
        "netIncomeRatio": 0.0167714885,
        "eps": 0.24,
        "epsdiluted": 0.23,
        "weightedAverageShsOut": 258000000,
        "weightedAverageShsOutDil": 259500000,
        "link": null,
        "finalLink": null
    },
    {
        "date": "2023-09-30",
        "symbol": "SW",
        "reportedCurrency": "EUR",
        "cik": "0002005951",
        "fillingDate": "2023-09-30",
        "acceptedDate": "2023-09-30 00:00:00",
        "calendarYear": "2023",
        "period": "Q3",
        "revenue": 2757298500,
        "costOfRevenue": 2055440700,
        "grossProfit": 701857800,
        "grossProfitRatio": 0.2545454545,
        "researchAndDevelopmentExpenses": 0,
        "generalAndAdministrativeExpenses": 0,
        "sellingAndMarketingExpenses": 0,
        "sellingGeneralAndAdministrativeExpenses": 359442000,
        "otherExpenses": 7567200,
        "operatingExpenses": 367009200,
        "costAndExpenses": 2422449900,
        "interestIncome": 0,
        "interestExpense": 0,
        "depreciationAndAmortization": 148436634,
        "ebitda": 490852434,
        "ebitdaratio": 0.1780193309,
        "operatingIncome": 334848600,
        "operatingIncomeRatio": 0.1214408233,
        "totalOtherIncomeExpensesNet": -49186800,
        "incomeBeforeTax": 285661800,
        "incomeBeforeTaxRatio": 0.1036020583,
        "incomeTaxExpense": 69050700,
        "netIncome": 216611100,
        "netIncomeRatio": 0.0785591767,
        "eps": 0.89,
        "epsdiluted": 0.88,
        "weightedAverageShsOut": 258000000,
        "weightedAverageShsOutDil": 259000000,
        "link": null,
        "finalLink": null
    },
    {
        "date": "2023-06-30",
        "symbol": "SW",
        "reportedCurrency": "EUR",
        "cik": "0002005951",
        "fillingDate": "2023-06-30",
        "acceptedDate": "2023-06-29 20:00:00",
        "calendarYear": "2023",
        "period": "Q2",
        "revenue": 2818846400,
        "costOfRevenue": 2096723200,
        "grossProfit": 722123200,
        "grossProfitRatio": 0.2561768531,
        "researchAndDevelopmentExpenses": 0,
        "generalAndAdministrativeExpenses": 0,
        "sellingAndMarketingExpenses": 0,
        "sellingGeneralAndAdministrativeExpenses": 370225600,
        "otherExpenses": -9164000,
        "operatingExpenses": 361061600,
        "costAndExpenses": 2457784800,
        "interestIncome": 0,
        "interestExpense": 0,
        "depreciationAndAmortization": 129056332,
        "ebitda": 480953932,
        "ebitdaratio": 0.1706208369,
        "operatingIncome": 361061600,
        "operatingIncomeRatio": 0.1280884265,
        "totalOtherIncomeExpensesNet": -50402000,
        "incomeBeforeTax": 310659600,
        "incomeBeforeTaxRatio": 0.1102080624,
        "incomeTaxExpense": 65980800,
        "netIncome": 244678800,
        "netIncomeRatio": 0.0868010403,
        "eps": 1.82,
        "epsdiluted": 1.82,
        "weightedAverageShsOut": 260354342,
        "weightedAverageShsOutDil": 260354342,
        "link": null,
        "finalLink": null
    },
    {
        "date": "2022-12-31",
        "symbol": "SW",
        "reportedCurrency": "EUR",
        "cik": "0002005951",
        "fillingDate": "2022-12-31",
        "acceptedDate": "2022-12-30 19:00:00",
        "calendarYear": "2022",
        "period": "Q4",
        "revenue": 3384438856,
        "costOfRevenue": 2773262022,
        "grossProfit": 611176834,
        "grossProfitRatio": 0.1805843923,
        "researchAndDevelopmentExpenses": 0,
        "generalAndAdministrativeExpenses": 0,
        "sellingAndMarketingExpenses": 0,
        "sellingGeneralAndAdministrativeExpenses": 196426240,
        "otherExpenses": 71407085,
        "operatingExpenses": 267833325,
        "costAndExpenses": 3041095347,
        "interestIncome": 0,
        "interestExpense": 0,
        "depreciationAndAmortization": 123705210,
        "ebitda": 538455805,
        "ebitdaratio": 0.159097513,
        "operatingIncome": 343343509,
        "operatingIncomeRatio": 0.1014476915,
        "totalOtherIncomeExpensesNet": -29585527,
        "incomeBeforeTax": 313757982,
        "incomeBeforeTaxRatio": 0.0927060571,
        "incomeTaxExpense": 93290090,
        "netIncome": 220000942,
        "netIncomeRatio": 0.0650036687,
        "eps": 1.36,
        "epsdiluted": 1.32,
        "weightedAverageShsOut": 257400037,
        "weightedAverageShsOutDil": 264164571,
        "link": null,
        "finalLink": null
    },
    {
        "date": "2022-06-30",
        "symbol": "SW",
        "reportedCurrency": "EUR",
        "cik": "0002005951",
        "fillingDate": "2022-06-30",
        "acceptedDate": "2022-06-28 20:00:00",
        "calendarYear": "2022",
        "period": "Q2",
        "revenue": 3192500000,
        "costOfRevenue": 2191500000,
        "grossProfit": 1001000000,
        "grossProfitRatio": 0.3135473767,
        "researchAndDevelopmentExpenses": 0,
        "generalAndAdministrativeExpenses": 0,
        "sellingAndMarketingExpenses": 0,
        "sellingGeneralAndAdministrativeExpenses": 583500000,
        "otherExpenses": -2000000,
        "operatingExpenses": 581500000,
        "costAndExpenses": 2773000000,
        "interestIncome": 0,
        "interestExpense": 0,
        "depreciationAndAmortization": 152500000,
        "ebitda": 570000000,
        "ebitdaratio": 0.1785434612,
        "operatingIncome": 419500000,
        "operatingIncomeRatio": 0.1314017228,
        "totalOtherIncomeExpensesNet": -35000000,
        "incomeBeforeTax": 384500000,
        "incomeBeforeTaxRatio": 0.1204385278,
        "incomeTaxExpense": 97500000,
        "netIncome": 287000000,
        "netIncomeRatio": 0.0898981989,
        "eps": 2.32,
        "epsdiluted": 2.31,
        "weightedAverageShsOut": 258000000,
        "weightedAverageShsOutDil": 259000000,
        "link": null,
        "finalLink": null
    },
    {
        "date": "2021-12-31",
        "symbol": "SW",
        "reportedCurrency": "EUR",
        "cik": "0002005951",
        "fillingDate": "2021-12-31",
        "acceptedDate": "2021-12-29 19:00:00",
        "calendarYear": "2021",
        "period": "Q4",
        "revenue": 3097221106,
        "costOfRevenue": 3015020634,
        "grossProfit": 82200471,
        "grossProfitRatio": 0.026540072,
        "researchAndDevelopmentExpenses": 3497212,
        "generalAndAdministrativeExpenses": 0,
        "sellingAndMarketingExpenses": 0,
        "sellingGeneralAndAdministrativeExpenses": 233104708,
        "otherExpenses": -484418807,
        "operatingExpenses": -247816887,
        "costAndExpenses": 2767203747,
        "interestIncome": 0,
        "interestExpense": 0,
        "depreciationAndAmortization": 125532276,
        "ebitda": 440837455,
        "ebitdaratio": 0.1423332206,
        "operatingIncome": 330017359,
        "operatingIncomeRatio": 0.1065527283,
        "totalOtherIncomeExpensesNet": -45358589,
        "incomeBeforeTax": 284658770,
        "incomeBeforeTaxRatio": 0.0919077974,
        "incomeTaxExpense": 73128578,
        "netIncome": 211530191,
        "netIncomeRatio": 0.0682967679,
        "eps": 1.48,
        "epsdiluted": 1.46,
        "weightedAverageShsOut": 257059283,
        "weightedAverageShsOutDil": 261684086,
        "link": null,
        "finalLink": null
    },
    {
        "date": "2021-06-30",
        "symbol": "SW",
        "reportedCurrency": "EUR",
        "cik": "0002005951",
        "fillingDate": "2021-06-30",
        "acceptedDate": "2021-06-28 20:00:00",
        "calendarYear": "2021",
        "period": "Q2",
        "revenue": 2339500000,
        "costOfRevenue": 1613000000,
        "grossProfit": 726500000,
        "grossProfitRatio": 0.3105364394,
        "researchAndDevelopmentExpenses": 0,
        "generalAndAdministrativeExpenses": 0,
        "sellingAndMarketingExpenses": 0,
        "sellingGeneralAndAdministrativeExpenses": 490000000,
        "otherExpenses": -2000000,
        "operatingExpenses": 488000000,
        "costAndExpenses": 2101000000,
        "interestIncome": 0,
        "interestExpense": 0,
        "depreciationAndAmortization": 136500000,
        "ebitda": 373000000,
        "ebitdaratio": 0.1594357769,
        "operatingIncome": 238500000,
        "operatingIncomeRatio": 0.10194486,
        "totalOtherIncomeExpensesNet": -32000000,
        "incomeBeforeTax": 206500000,
        "incomeBeforeTaxRatio": 0.0882667237,
        "incomeTaxExpense": 52500000,
        "netIncome": 154000000,
        "netIncomeRatio": 0.0658260312,
        "eps": 1.21,
        "epsdiluted": 1.21,
        "weightedAverageShsOut": 257000000,
        "weightedAverageShsOutDil": 258000000,
        "link": null,
        "finalLink": null
    },
    {
        "date": "2020-12-31",
        "symbol": "SW",
        "reportedCurrency": "EUR",
        "cik": "0002005951",
        "fillingDate": "2020-12-31",
        "acceptedDate": "2020-12-29 19:00:00",
        "calendarYear": "2020",
        "period": "Q4",
        "revenue": 2163500000,
        "costOfRevenue": 1431000000,
        "grossProfit": 732500000,
        "grossProfitRatio": 0.3385717587,
        "researchAndDevelopmentExpenses": 4000000,
        "generalAndAdministrativeExpenses": 0,
        "sellingAndMarketingExpenses": 0,
        "sellingGeneralAndAdministrativeExpenses": 499500000,
        "otherExpenses": 8500000,
        "operatingExpenses": 512000000,
        "costAndExpenses": 1943000000,
        "interestIncome": 0,
        "interestExpense": 0,
        "depreciationAndAmortization": 92000000,
        "ebitda": 325000000,
        "ebitdaratio": 0.1502195517,
        "operatingIncome": 220500000,
        "operatingIncomeRatio": 0.1019181881,
        "totalOtherIncomeExpensesNet": -38000000,
        "incomeBeforeTax": 182500000,
        "incomeBeforeTaxRatio": 0.0843540559,
        "incomeTaxExpense": 48000000,
        "netIncome": 134000000,
        "netIncomeRatio": 0.0619366767,
        "eps": 1.07,
        "epsdiluted": 1.06,
        "weightedAverageShsOut": 240602658,
        "weightedAverageShsOutDil": 244181278,
        "link": null,
        "finalLink": null
    },
    {
        "date": "2020-06-30",
        "symbol": "SW",
        "reportedCurrency": "EUR",
        "cik": "0002005951",
        "fillingDate": "2020-06-30",
        "acceptedDate": "2020-06-28 20:00:00",
        "calendarYear": "2020",
        "period": "Q2",
        "revenue": 2101500000,
        "costOfRevenue": 1397000000,
        "grossProfit": 704500000,
        "grossProfitRatio": 0.3352367357,
        "researchAndDevelopmentExpenses": 0,
        "generalAndAdministrativeExpenses": 0,
        "sellingAndMarketingExpenses": 0,
        "sellingGeneralAndAdministrativeExpenses": 482500000,
        "otherExpenses": -3000000,
        "operatingExpenses": 479500000,
        "costAndExpenses": 1876500000,
        "interestIncome": 0,
        "interestExpense": 0,
        "depreciationAndAmortization": 136500000,
        "ebitda": 358500000,
        "ebitdaratio": 0.170592434,
        "operatingIncome": 225000000,
        "operatingIncomeRatio": 0.1070663812,
        "totalOtherIncomeExpensesNet": -33500000,
        "incomeBeforeTax": 191500000,
        "incomeBeforeTaxRatio": 0.0911253866,
        "incomeTaxExpense": 52500000,
        "netIncome": 138500000,
        "netIncomeRatio": 0.0659053057,
        "eps": 1.15,
        "epsdiluted": 1.14,
        "weightedAverageShsOut": 237000000,
        "weightedAverageShsOutDil": 238000000,
        "link": null,
        "finalLink": null
    }
]