[
    {
        "date": "2024-06-30",
        "symbol": "SWN",
        "reportedCurrency": "USD",
        "cik": "0000007332",
        "fillingDate": "2024-08-01",
        "acceptedDate": "2024-08-01 16:19:20",
        "calendarYear": "2024",
        "period": "Q2",
        "revenue": 1083000000,
        "costOfRevenue": 1062000000,
        "grossProfit": 21000000,
        "grossProfitRatio": 0.0193905817,
        "researchAndDevelopmentExpenses": 0,
        "generalAndAdministrativeExpenses": 45000000,
        "sellingAndMarketingExpenses": 0,
        "sellingGeneralAndAdministrativeExpenses": 45000000,
        "otherExpenses": 1088000000,
        "operatingExpenses": 89000000,
        "costAndExpenses": 1151000000,
        "interestIncome": 0,
        "interestExpense": 37000000,
        "depreciationAndAmortization": 226000000,
        "ebitda": -556000000,
        "ebitdaratio": -0.513388735,
        "operatingIncome": -709000000,
        "operatingIncomeRatio": -0.6546629732,
        "totalOtherIncomeExpensesNet": -75000000,
        "incomeBeforeTax": -784000000,
        "incomeBeforeTaxRatio": -0.7239150508,
        "incomeTaxExpense": -176000000,
        "netIncome": -608000000,
        "netIncomeRatio": -0.5614035088,
        "eps": -0.55,
        "epsdiluted": -0.55,
        "weightedAverageShsOut": 1102737261,
        "weightedAverageShsOutDil": 1102737261,
        "link": "https://www.sec.gov/Archives/edgar/data/7332/000000733224000028/0000007332-24-000028-index.htm",
        "finalLink": "https://www.sec.gov/Archives/edgar/data/7332/000000733224000028/swn-20240630.htm"
    },
    {
        "date": "2024-03-31",
        "symbol": "SWN",
        "reportedCurrency": "USD",
        "cik": "0000007332",
        "fillingDate": "2024-05-02",
        "acceptedDate": "2024-05-02 16:22:34",
        "calendarYear": "2024",
        "period": "Q1",
        "revenue": 1417000000,
        "costOfRevenue": 1267000000,
        "grossProfit": 150000000,
        "grossProfitRatio": 0.1058574453,
        "researchAndDevelopmentExpenses": 0,
        "generalAndAdministrativeExpenses": 56000000,
        "sellingAndMarketingExpenses": 0,
        "sellingGeneralAndAdministrativeExpenses": 56000000,
        "otherExpenses": -49000000,
        "operatingExpenses": 105000000,
        "costAndExpenses": 1372000000,
        "interestIncome": 0,
        "interestExpense": 35000000,
        "depreciationAndAmortization": 262000000,
        "ebitda": -1668000000,
        "ebitdaratio": -1.1771347918,
        "operatingIncome": 45000000,
        "operatingIncomeRatio": 0.0317572336,
        "totalOtherIncomeExpensesNet": -2136000000,
        "incomeBeforeTax": -1965000000,
        "incomeBeforeTaxRatio": -1.3867325335,
        "incomeTaxExpense": -430000000,
        "netIncome": -1535000000,
        "netIncomeRatio": -1.0832745236,
        "eps": -1.39,
        "epsdiluted": -1.39,
        "weightedAverageShsOut": 1101824856,
        "weightedAverageShsOutDil": 1101824856,
        "link": "https://www.sec.gov/Archives/edgar/data/7332/000000733224000017/0000007332-24-000017-index.htm",
        "finalLink": "https://www.sec.gov/Archives/edgar/data/7332/000000733224000017/swn-20240331.htm"
    },
    {
        "date": "2023-12-31",
        "symbol": "SWN",
        "reportedCurrency": "USD",
        "cik": "0000007332",
        "fillingDate": "2024-04-29",
        "acceptedDate": "2024-04-29 16:06:12",
        "calendarYear": "2023",
        "period": "Q4",
        "revenue": 1692000000,
        "costOfRevenue": 966000000,
        "grossProfit": 726000000,
        "grossProfitRatio": 0.4290780142,
        "researchAndDevelopmentExpenses": 0,
        "generalAndAdministrativeExpenses": 54000000,
        "sellingAndMarketingExpenses": 0,
        "sellingGeneralAndAdministrativeExpenses": 54000000,
        "otherExpenses": 1000000,
        "operatingExpenses": 546000000,
        "costAndExpenses": 1512000000,
        "interestIncome": 0,
        "interestExpense": 36000000,
        "depreciationAndAmortization": 328000000,
        "ebitda": -676000000,
        "ebitdaratio": -0.3995271868,
        "operatingIncome": -1530000000,
        "operatingIncomeRatio": -0.9042553191,
        "totalOtherIncomeExpensesNet": 587000000,
        "incomeBeforeTax": -943000000,
        "incomeBeforeTaxRatio": -0.5573286052,
        "incomeTaxExpense": -285000000,
        "netIncome": -658000000,
        "netIncomeRatio": -0.3888888889,
        "eps": -0.6,
        "epsdiluted": -0.6,
        "weightedAverageShsOut": 1101231113,
        "weightedAverageShsOutDil": 1101231113,
        "link": "https://www.sec.gov/Archives/edgar/data/7332/000119312524122219/0001193125-24-122219-index.htm",
        "finalLink": "https://www.sec.gov/Archives/edgar/data/7332/000119312524122219/d823155d10ka.htm"
    },
    {
        "date": "2023-09-30",
        "symbol": "SWN",
        "reportedCurrency": "USD",
        "cik": "0000007332",
        "fillingDate": "2023-11-02",
        "acceptedDate": "2023-11-02 16:27:47",
        "calendarYear": "2023",
        "period": "Q3",
        "revenue": 890000000,
        "costOfRevenue": 883000000,
        "grossProfit": 7000000,
        "grossProfitRatio": 0.0078651685,
        "researchAndDevelopmentExpenses": 0,
        "generalAndAdministrativeExpenses": 46000000,
        "sellingAndMarketingExpenses": 553000000,
        "sellingGeneralAndAdministrativeExpenses": 599000000,
        "otherExpenses": 2000000,
        "operatingExpenses": 599000000,
        "costAndExpenses": 599000000,
        "interestIncome": 36000000,
        "interestExpense": 3000000,
        "depreciationAndAmortization": 338000000,
        "ebitda": 440000000,
        "ebitdaratio": 0.4943820225,
        "operatingIncome": 7000000,
        "operatingIncomeRatio": 0.0078651685,
        "totalOtherIncomeExpensesNet": 59000000,
        "incomeBeforeTax": 66000000,
        "incomeBeforeTaxRatio": 0.0741573034,
        "incomeTaxExpense": 21000000,
        "netIncome": 45000000,
        "netIncomeRatio": 0.0505617978,
        "eps": 0.0409,
        "epsdiluted": 0.0408,
        "weightedAverageShsOut": 1101231113,
        "weightedAverageShsOutDil": 1104027634,
        "link": "https://www.sec.gov/Archives/edgar/data/7332/000000733223000040/0000007332-23-000040-index.htm",
        "finalLink": "https://www.sec.gov/Archives/edgar/data/7332/000000733223000040/swn-20230930.htm"
    },
    {
        "date": "2023-06-30",
        "symbol": "SWN",
        "reportedCurrency": "USD",
        "cik": "0000007332",
        "fillingDate": "2023-08-03",
        "acceptedDate": "2023-08-03 16:24:56",
        "calendarYear": "2023",
        "period": "Q2",
        "revenue": 1269000000,
        "costOfRevenue": 809000000,
        "grossProfit": 460000000,
        "grossProfitRatio": 0.3624901497,
        "researchAndDevelopmentExpenses": 0,
        "generalAndAdministrativeExpenses": 41000000,
        "sellingAndMarketingExpenses": 0,
        "sellingGeneralAndAdministrativeExpenses": 41000000,
        "otherExpenses": -58000000,
        "operatingExpenses": 517000000,
        "costAndExpenses": 1326000000,
        "interestIncome": 34000000,
        "interestExpense": 34000000,
        "depreciationAndAmortization": 328000000,
        "ebitda": 588000000,
        "ebitdaratio": 0.463356974,
        "operatingIncome": -57000000,
        "operatingIncomeRatio": -0.0449172577,
        "totalOtherIncomeExpensesNet": 283000000,
        "incomeBeforeTax": 226000000,
        "incomeBeforeTaxRatio": 0.1780929866,
        "incomeTaxExpense": -5000000,
        "netIncome": 231000000,
        "netIncomeRatio": 0.1820330969,
        "eps": 0.21,
        "epsdiluted": 0.21,
        "weightedAverageShsOut": 1101167082,
        "weightedAverageShsOutDil": 1102724782,
        "link": "https://www.sec.gov/Archives/edgar/data/7332/000000733223000032/0000007332-23-000032-index.htm",
        "finalLink": "https://www.sec.gov/Archives/edgar/data/7332/000000733223000032/swn-20230630.htm"
    },
    {
        "date": "2023-03-31",
        "symbol": "SWN",
        "reportedCurrency": "USD",
        "cik": "0000007332",
        "fillingDate": "2023-04-27",
        "acceptedDate": "2023-04-27 16:21:37",
        "calendarYear": "2023",
        "period": "Q1",
        "revenue": 2118000000,
        "costOfRevenue": 980000000,
        "grossProfit": 1138000000,
        "grossProfitRatio": 0.537299339,
        "researchAndDevelopmentExpenses": 0,
        "generalAndAdministrativeExpenses": 46000000,
        "sellingAndMarketingExpenses": 0,
        "sellingGeneralAndAdministrativeExpenses": 46000000,
        "otherExpenses": 486000000,
        "operatingExpenses": 532000000,
        "costAndExpenses": 1512000000,
        "interestIncome": 36000000,
        "interestExpense": 36000000,
        "depreciationAndAmortization": 313000000,
        "ebitda": 2300000000,
        "ebitdaratio": 1.0859301228,
        "operatingIncome": 606000000,
        "operatingIncomeRatio": 0.2861189802,
        "totalOtherIncomeExpensesNet": 1345000000,
        "incomeBeforeTax": 1951000000,
        "incomeBeforeTaxRatio": 0.9211520302,
        "incomeTaxExpense": 12000000,
        "netIncome": 1939000000,
        "netIncomeRatio": 0.9154863078,
        "eps": 1.76,
        "epsdiluted": 1.76,
        "weightedAverageShsOut": 1100278261,
        "weightedAverageShsOutDil": 1102396636,
        "link": "https://www.sec.gov/Archives/edgar/data/7332/000000733223000019/0000007332-23-000019-index.htm",
        "finalLink": "https://www.sec.gov/Archives/edgar/data/7332/000000733223000019/swn-20230331.htm"
    },
    {
        "date": "2022-12-31",
        "symbol": "SWN",
        "reportedCurrency": "USD",
        "cik": "0000007332",
        "fillingDate": "2023-02-23",
        "acceptedDate": "2023-02-23 16:25:47",
        "calendarYear": "2022",
        "period": "Q4",
        "revenue": 3380000000,
        "costOfRevenue": 1339000000,
        "grossProfit": 2041000000,
        "grossProfitRatio": 0.6038461538,
        "researchAndDevelopmentExpenses": 0,
        "generalAndAdministrativeExpenses": 50000000,
        "sellingAndMarketingExpenses": 0,
        "sellingGeneralAndAdministrativeExpenses": 50000000,
        "otherExpenses": 481000000,
        "operatingExpenses": 531000000,
        "costAndExpenses": 1870000000,
        "interestIncome": 45000000,
        "interestExpense": 42000000,
        "depreciationAndAmortization": 313000000,
        "ebitda": 1511000000,
        "ebitdaratio": 0.4470414201,
        "operatingIncome": 1198000000,
        "operatingIncomeRatio": 0.3544378698,
        "totalOtherIncomeExpensesNet": -50000000,
        "incomeBeforeTax": 2911000000,
        "incomeBeforeTaxRatio": 0.8612426036,
        "incomeTaxExpense": 10000000,
        "netIncome": 2901000000,
        "netIncomeRatio": 0.8582840237,
        "eps": 2.63,
        "epsdiluted": 2.63,
        "weightedAverageShsOut": 1101245262,
        "weightedAverageShsOutDil": 1103844154,
        "link": "https://www.sec.gov/Archives/edgar/data/7332/000000733223000005/0000007332-23-000005-index.htm",
        "finalLink": "https://www.sec.gov/Archives/edgar/data/7332/000000733223000005/swn-20221231.htm"
    },
    {
        "date": "2022-09-30",
        "symbol": "SWN",
        "reportedCurrency": "USD",
        "cik": "0000007332",
        "fillingDate": "2022-10-27",
        "acceptedDate": "2022-10-27 16:21:02",
        "calendarYear": "2022",
        "period": "Q3",
        "revenue": 4541000000,
        "costOfRevenue": 1587000000,
        "grossProfit": 2954000000,
        "grossProfitRatio": 0.6505175072,
        "researchAndDevelopmentExpenses": 0,
        "generalAndAdministrativeExpenses": 41000000,
        "sellingAndMarketingExpenses": 0,
        "sellingGeneralAndAdministrativeExpenses": 41000000,
        "otherExpenses": 499000000,
        "operatingExpenses": 540000000,
        "costAndExpenses": 2127000000,
        "interestIncome": 50000000,
        "interestExpense": 47000000,
        "depreciationAndAmortization": 298000000,
        "ebitda": 809000000,
        "ebitdaratio": 0.1781545915,
        "operatingIncome": 2414000000,
        "operatingIncomeRatio": 0.5316009689,
        "totalOtherIncomeExpensesNet": -1953000000,
        "incomeBeforeTax": 461000000,
        "incomeBeforeTaxRatio": 0.1015194891,
        "incomeTaxExpense": 11000000,
        "netIncome": 450000000,
        "netIncomeRatio": 0.0990971152,
        "eps": 0.41,
        "epsdiluted": 0.4,
        "weightedAverageShsOut": 1110259907,
        "weightedAverageShsOutDil": 1112522861,
        "link": "https://www.sec.gov/Archives/edgar/data/7332/000000733222000062/0000007332-22-000062-index.htm",
        "finalLink": "https://www.sec.gov/Archives/edgar/data/7332/000000733222000062/swn-20220930.htm"
    },
    {
        "date": "2022-06-30",
        "symbol": "SWN",
        "reportedCurrency": "USD",
        "cik": "0000007332",
        "fillingDate": "2022-08-04",
        "acceptedDate": "2022-08-04 16:21:01",
        "calendarYear": "2022",
        "period": "Q2",
        "revenue": 4138000000,
        "costOfRevenue": 1503000000,
        "grossProfit": 2635000000,
        "grossProfitRatio": 0.6367810536,
        "researchAndDevelopmentExpenses": 0,
        "generalAndAdministrativeExpenses": 35000000,
        "sellingAndMarketingExpenses": 0,
        "sellingGeneralAndAdministrativeExpenses": 35000000,
        "otherExpenses": 467000000,
        "operatingExpenses": 502000000,
        "costAndExpenses": 2005000000,
        "interestIncome": 0,
        "interestExpense": 44000000,
        "depreciationAndAmortization": 288000000,
        "ebitda": 1535000000,
        "ebitdaratio": 0.3709521508,
        "operatingIncome": 2131000000,
        "operatingIncomeRatio": 0.5149830836,
        "totalOtherIncomeExpensesNet": -932000000,
        "incomeBeforeTax": 1199000000,
        "incomeBeforeTaxRatio": 0.2897535041,
        "incomeTaxExpense": 26000000,
        "netIncome": 1173000000,
        "netIncomeRatio": 0.2834702755,
        "eps": 1.05,
        "epsdiluted": 1.05,
        "weightedAverageShsOut": 1116175758,
        "weightedAverageShsOutDil": 1118244778,
        "link": "https://www.sec.gov/Archives/edgar/data/7332/000000733222000048/0000007332-22-000048-index.htm",
        "finalLink": "https://www.sec.gov/Archives/edgar/data/7332/000000733222000048/swn-20220630.htm"
    },
    {
        "date": "2022-03-31",
        "symbol": "SWN",
        "reportedCurrency": "USD",
        "cik": "0000007332",
        "fillingDate": "2022-04-28",
        "acceptedDate": "2022-04-28 16:22:26",
        "calendarYear": "2022",
        "period": "Q1",
        "revenue": 2943000000,
        "costOfRevenue": 1137000000,
        "grossProfit": 1806000000,
        "grossProfitRatio": 0.6136595311,
        "researchAndDevelopmentExpenses": 0,
        "generalAndAdministrativeExpenses": 44000000,
        "sellingAndMarketingExpenses": 0,
        "sellingGeneralAndAdministrativeExpenses": 44000000,
        "otherExpenses": 438000000,
        "operatingExpenses": 482000000,
        "costAndExpenses": 1619000000,
        "interestIncome": 0,
        "interestExpense": 38000000,
        "depreciationAndAmortization": 275000000,
        "ebitda": -2393000000,
        "ebitdaratio": -0.8131158682,
        "operatingIncome": 1299000000,
        "operatingIncomeRatio": 0.4413863405,
        "totalOtherIncomeExpensesNet": -3970000000,
        "incomeBeforeTax": -2671000000,
        "incomeBeforeTaxRatio": -0.9075773021,
        "incomeTaxExpense": 4000000,
        "netIncome": -2675000000,
        "netIncomeRatio": -0.9089364594,
        "eps": -2.4,
        "epsdiluted": -2.4,
        "weightedAverageShsOut": 1114583333,
        "weightedAverageShsOutDil": 1114610964,
        "link": "https://www.sec.gov/Archives/edgar/data/7332/000000733222000023/0000007332-22-000023-index.htm",
        "finalLink": "https://www.sec.gov/Archives/edgar/data/7332/000000733222000023/swn-20220331.htm"
    },
    {
        "date": "2021-12-31",
        "symbol": "SWN",
        "reportedCurrency": "USD",
        "cik": "0000007332",
        "fillingDate": "2022-03-01",
        "acceptedDate": "2022-03-01 07:57:22",
        "calendarYear": "2021",
        "period": "Q4",
        "revenue": 2947000000,
        "costOfRevenue": 1060000000,
        "grossProfit": 1887000000,
        "grossProfitRatio": 0.6403121819,
        "researchAndDevelopmentExpenses": 0,
        "generalAndAdministrativeExpenses": 34000000,
        "sellingAndMarketingExpenses": 0,
        "sellingGeneralAndAdministrativeExpenses": 34000000,
        "otherExpenses": 6000000,
        "operatingExpenses": 445000000,
        "costAndExpenses": 1505000000,
        "interestIncome": 0,
        "interestExpense": 41000000,
        "depreciationAndAmortization": 212000000,
        "ebitda": 2610000000,
        "ebitdaratio": 0.8856464201,
        "operatingIncome": 1405000000,
        "operatingIncomeRatio": 0.4767560231,
        "totalOtherIncomeExpensesNet": 956000000,
        "incomeBeforeTax": 2361000000,
        "incomeBeforeTaxRatio": 0.8011537156,
        "incomeTaxExpense": 0,
        "netIncome": 2361000000,
        "netIncomeRatio": 0.8011537156,
        "eps": 2.32,
        "epsdiluted": 2.31,
        "weightedAverageShsOut": 1015779264,
        "weightedAverageShsOutDil": 1020130445,
        "link": "https://www.sec.gov/Archives/edgar/data/7332/000000733222000009/0000007332-22-000009-index.htm",
        "finalLink": "https://www.sec.gov/Archives/edgar/data/7332/000000733222000009/swn-20211231.htm"
    },
    {
        "date": "2021-09-30",
        "symbol": "SWN",
        "reportedCurrency": "USD",
        "cik": "0000007332",
        "fillingDate": "2021-11-04",
        "acceptedDate": "2021-11-04 07:34:45",
        "calendarYear": "2021",
        "period": "Q3",
        "revenue": 1598000000,
        "costOfRevenue": 558000000,
        "grossProfit": 1040000000,
        "grossProfitRatio": 0.6508135169,
        "researchAndDevelopmentExpenses": 0,
        "generalAndAdministrativeExpenses": 32000000,
        "sellingAndMarketingExpenses": 0,
        "sellingGeneralAndAdministrativeExpenses": 32000000,
        "otherExpenses": -1000000,
        "operatingExpenses": 363000000,
        "costAndExpenses": 921000000,
        "interestIncome": 0,
        "interestExpense": 34000000,
        "depreciationAndAmortization": 138000000,
        "ebitda": -1585000000,
        "ebitdaratio": -0.991864831,
        "operatingIncome": 636000000,
        "operatingIncomeRatio": 0.3979974969,
        "totalOtherIncomeExpensesNet": -2493000000,
        "incomeBeforeTax": -1857000000,
        "incomeBeforeTaxRatio": -1.162077597,
        "incomeTaxExpense": 0,
        "netIncome": -1857000000,
        "netIncomeRatio": -1.162077597,
        "eps": -2.36,
        "epsdiluted": -2.36,
        "weightedAverageShsOut": 786864740,
        "weightedAverageShsOutDil": 787032414,
        "link": "https://www.sec.gov/Archives/edgar/data/7332/000000733221000087/0000007332-21-000087-index.htm",
        "finalLink": "https://www.sec.gov/Archives/edgar/data/7332/000000733221000087/swn-20210930.htm"
    },
    {
        "date": "2021-06-30",
        "symbol": "SWN",
        "reportedCurrency": "USD",
        "cik": "0000007332",
        "fillingDate": "2021-07-29",
        "acceptedDate": "2021-07-29 16:21:43",
        "calendarYear": "2021",
        "period": "Q2",
        "revenue": 1050000000,
        "costOfRevenue": 433000000,
        "grossProfit": 617000000,
        "grossProfitRatio": 0.5876190476,
        "researchAndDevelopmentExpenses": 0,
        "generalAndAdministrativeExpenses": 34000000,
        "sellingAndMarketingExpenses": 0,
        "sellingGeneralAndAdministrativeExpenses": 34000000,
        "otherExpenses": -1000000,
        "operatingExpenses": 320000000,
        "costAndExpenses": 753000000,
        "interestIncome": 30000000,
        "interestExpense": 0,
        "depreciationAndAmortization": 100000000,
        "ebitda": -474000000,
        "ebitdaratio": -0.4514285714,
        "operatingIncome": 293000000,
        "operatingIncomeRatio": 0.279047619,
        "totalOtherIncomeExpensesNet": -902000000,
        "incomeBeforeTax": -609000000,
        "incomeBeforeTaxRatio": -0.58,
        "incomeTaxExpense": 0,
        "netIncome": -609000000,
        "netIncomeRatio": -0.58,
        "eps": -0.9,
        "epsdiluted": -0.9,
        "weightedAverageShsOut": 676667418,
        "weightedAverageShsOutDil": 676722999,
        "link": "https://www.sec.gov/Archives/edgar/data/7332/000000733221000058/0000007332-21-000058-index.htm",
        "finalLink": "https://www.sec.gov/Archives/edgar/data/7332/000000733221000058/swn-20210630.htm"
    },
    {
        "date": "2021-03-31",
        "symbol": "SWN",
        "reportedCurrency": "USD",
        "cik": "0000007332",
        "fillingDate": "2021-04-29",
        "acceptedDate": "2021-04-29 16:19:19",
        "calendarYear": "2021",
        "period": "Q1",
        "revenue": 1072000000,
        "costOfRevenue": 452000000,
        "grossProfit": 620000000,
        "grossProfitRatio": 0.578358209,
        "researchAndDevelopmentExpenses": 0,
        "generalAndAdministrativeExpenses": 38000000,
        "sellingAndMarketingExpenses": 0,
        "sellingGeneralAndAdministrativeExpenses": 38000000,
        "otherExpenses": 1000000,
        "operatingExpenses": 312000000,
        "costAndExpenses": 764000000,
        "interestIncome": 30000000,
        "interestExpense": 0,
        "depreciationAndAmortization": 96000000,
        "ebitda": 204000000,
        "ebitdaratio": 0.1902985075,
        "operatingIncome": 301000000,
        "operatingIncomeRatio": 0.2807835821,
        "totalOtherIncomeExpensesNet": -221000000,
        "incomeBeforeTax": 80000000,
        "incomeBeforeTaxRatio": 0.0746268657,
        "incomeTaxExpense": 0,
        "netIncome": 80000000,
        "netIncomeRatio": 0.0746268657,
        "eps": 0.12,
        "epsdiluted": 0.12,
        "weightedAverageShsOut": 675385145,
        "weightedAverageShsOutDil": 679867825,
        "link": "https://www.sec.gov/Archives/edgar/data/7332/000000733221000022/0000007332-21-000022-index.htm",
        "finalLink": "https://www.sec.gov/Archives/edgar/data/7332/000000733221000022/swn-20210331.htm"
    },
    {
        "date": "2020-12-31",
        "symbol": "SWN",
        "reportedCurrency": "USD",
        "cik": "0000007332",
        "fillingDate": "2021-03-01",
        "acceptedDate": "2021-03-01 06:11:57",
        "calendarYear": "2020",
        "period": "Q4",
        "revenue": 779000000,
        "costOfRevenue": 361000000,
        "grossProfit": 418000000,
        "grossProfitRatio": 0.5365853659,
        "researchAndDevelopmentExpenses": 0,
        "generalAndAdministrativeExpenses": 32000000,
        "sellingAndMarketingExpenses": 0,
        "sellingGeneralAndAdministrativeExpenses": 32000000,
        "otherExpenses": -2000000,
        "operatingExpenses": 285000000,
        "costAndExpenses": 646000000,
        "interestIncome": 0,
        "interestExpense": 31000000,
        "depreciationAndAmortization": 90000000,
        "ebitda": -57000000,
        "ebitdaratio": -0.0731707317,
        "operatingIncome": -244000000,
        "operatingIncomeRatio": -0.3132220796,
        "totalOtherIncomeExpensesNet": 153000000,
        "incomeBeforeTax": -91000000,
        "incomeBeforeTaxRatio": -0.1168164313,
        "incomeTaxExpense": 1000000,
        "netIncome": -92000000,
        "netIncomeRatio": -0.1181001284,
        "eps": -0.14,
        "epsdiluted": -0.14,
        "weightedAverageShsOut": 641576267,
        "weightedAverageShsOutDil": 641576267,
        "link": "https://www.sec.gov/Archives/edgar/data/7332/000000733221000016/0000007332-21-000016-index.htm",
        "finalLink": "https://www.sec.gov/Archives/edgar/data/7332/000000733221000016/swn-20201231.htm"
    },
    {
        "date": "2020-09-30",
        "symbol": "SWN",
        "reportedCurrency": "USD",
        "cik": "0000007332",
        "fillingDate": "2020-10-29",
        "acceptedDate": "2020-10-29 16:19:44",
        "calendarYear": "2020",
        "period": "Q3",
        "revenue": 527000000,
        "costOfRevenue": 296000000,
        "grossProfit": 231000000,
        "grossProfitRatio": 0.4383301708,
        "researchAndDevelopmentExpenses": 0,
        "generalAndAdministrativeExpenses": 31000000,
        "sellingAndMarketingExpenses": 0,
        "sellingGeneralAndAdministrativeExpenses": 31000000,
        "otherExpenses": 2000000,
        "operatingExpenses": 248000000,
        "costAndExpenses": 544000000,
        "interestIncome": 22000000,
        "interestExpense": 0,
        "depreciationAndAmortization": 70000000,
        "ebitda": -311000000,
        "ebitdaratio": -0.5901328273,
        "operatingIncome": -381000000,
        "operatingIncomeRatio": -0.7229601518,
        "totalOtherIncomeExpensesNet": -212000000,
        "incomeBeforeTax": -593000000,
        "incomeBeforeTaxRatio": -1.1252371917,
        "incomeTaxExpense": 0,
        "netIncome": -593000000,
        "netIncomeRatio": -1.1252371917,
        "eps": -1.04,
        "epsdiluted": -1.04,
        "weightedAverageShsOut": 570192307,
        "weightedAverageShsOutDil": 571872413,
        "link": "https://www.sec.gov/Archives/edgar/data/7332/000000733220000069/0000007332-20-000069-index.htm",
        "finalLink": "https://www.sec.gov/Archives/edgar/data/7332/000000733220000069/swn-20200930.htm"
    },
    {
        "date": "2020-06-30",
        "symbol": "SWN",
        "reportedCurrency": "USD",
        "cik": "0000007332",
        "fillingDate": "2020-07-30",
        "acceptedDate": "2020-07-31 08:56:46",
        "calendarYear": "2020",
        "period": "Q2",
        "revenue": 410000000,
        "costOfRevenue": 285000000,
        "grossProfit": 125000000,
        "grossProfitRatio": 0.3048780488,
        "researchAndDevelopmentExpenses": 0,
        "generalAndAdministrativeExpenses": 32000000,
        "sellingAndMarketingExpenses": 0,
        "sellingGeneralAndAdministrativeExpenses": 32000000,
        "otherExpenses": 192000000,
        "operatingExpenses": 224000000,
        "costAndExpenses": 509000000,
        "interestIncome": 21000000,
        "interestExpense": 0,
        "depreciationAndAmortization": 84000000,
        "ebitda": -672000000,
        "ebitdaratio": -1.6390243902,
        "operatingIncome": -756000000,
        "operatingIncomeRatio": -1.843902439,
        "totalOtherIncomeExpensesNet": -124000000,
        "incomeBeforeTax": -880000000,
        "incomeBeforeTaxRatio": -2.1463414634,
        "incomeTaxExpense": 0,
        "netIncome": -880000000,
        "netIncomeRatio": -2.1463414634,
        "eps": -1.63,
        "epsdiluted": -1.63,
        "weightedAverageShsOut": 539877300,
        "weightedAverageShsOutDil": 541079192,
        "link": "https://www.sec.gov/Archives/edgar/data/7332/000000733220000055/0000007332-20-000055-index.htm",
        "finalLink": "https://www.sec.gov/Archives/edgar/data/7332/000000733220000055/swn-20200630.htm"
    },
    {
        "date": "2020-03-31",
        "symbol": "SWN",
        "reportedCurrency": "USD",
        "cik": "0000007332",
        "fillingDate": "2020-04-30",
        "acceptedDate": "2020-04-30 16:23:43",
        "calendarYear": "2020",
        "period": "Q1",
        "revenue": 592000000,
        "costOfRevenue": 361000000,
        "grossProfit": 231000000,
        "grossProfitRatio": 0.3902027027,
        "researchAndDevelopmentExpenses": 0,
        "generalAndAdministrativeExpenses": 26000000,
        "sellingAndMarketingExpenses": 0,
        "sellingGeneralAndAdministrativeExpenses": 26000000,
        "otherExpenses": 1000000,
        "operatingExpenses": 232000000,
        "costAndExpenses": 593000000,
        "interestIncome": 20000000,
        "interestExpense": 0,
        "depreciationAndAmortization": 113000000,
        "ebitda": -1026000000,
        "ebitdaratio": -1.7331081081,
        "operatingIncome": -1490000000,
        "operatingIncomeRatio": -2.5168918919,
        "totalOtherIncomeExpensesNet": 349000000,
        "incomeBeforeTax": -1141000000,
        "incomeBeforeTaxRatio": -1.9273648649,
        "incomeTaxExpense": 406000000,
        "netIncome": -1547000000,
        "netIncomeRatio": -2.6131756757,
        "eps": -2.86,
        "epsdiluted": -2.86,
        "weightedAverageShsOut": 540308491,
        "weightedAverageShsOutDil": 540308491,
        "link": "https://www.sec.gov/Archives/edgar/data/7332/000000733220000026/0000007332-20-000026-index.htm",
        "finalLink": "https://www.sec.gov/Archives/edgar/data/7332/000000733220000026/swn-20200331.htm"
    },
    {
        "date": "2019-12-31",
        "symbol": "SWN",
        "reportedCurrency": "USD",
        "cik": "0000007332",
        "fillingDate": "2020-02-27",
        "acceptedDate": "2020-02-27 16:45:12",
        "calendarYear": "2019",
        "period": "Q4",
        "revenue": 745000000,
        "costOfRevenue": 417000000,
        "grossProfit": 328000000,
        "grossProfitRatio": 0.4402684564,
        "researchAndDevelopmentExpenses": 0,
        "generalAndAdministrativeExpenses": 47000000,
        "sellingAndMarketingExpenses": 0,
        "sellingGeneralAndAdministrativeExpenses": 47000000,
        "otherExpenses": 208000000,
        "operatingExpenses": 255000000,
        "costAndExpenses": 672000000,
        "interestIncome": 0,
        "interestExpense": 19000000,
        "depreciationAndAmortization": 119000000,
        "ebitda": 235000000,
        "ebitdaratio": 0.3154362416,
        "operatingIncome": 64000000,
        "operatingIncomeRatio": 0.0859060403,
        "totalOtherIncomeExpensesNet": 36000000,
        "incomeBeforeTax": 100000000,
        "incomeBeforeTaxRatio": 0.1342281879,
        "incomeTaxExpense": -10000000,
        "netIncome": 110000000,
        "netIncomeRatio": 0.1476510067,
        "eps": 0.2,
        "epsdiluted": 0.2,
        "weightedAverageShsOut": 539434877,
        "weightedAverageShsOutDil": 540574288,
        "link": "https://www.sec.gov/Archives/edgar/data/7332/000000733220000017/0000007332-20-000017-index.htm",
        "finalLink": "https://www.sec.gov/Archives/edgar/data/7332/000000733220000017/swn-20191231.htm"
    },
    {
        "date": "2019-09-30",
        "symbol": "SWN",
        "reportedCurrency": "USD",
        "cik": "0000007332",
        "fillingDate": "2019-10-24",
        "acceptedDate": "2019-10-24 19:00:51",
        "calendarYear": "2019",
        "period": "Q3",
        "revenue": 636000000,
        "costOfRevenue": 413000000,
        "grossProfit": 223000000,
        "grossProfitRatio": 0.3506289308,
        "researchAndDevelopmentExpenses": 0,
        "generalAndAdministrativeExpenses": 42000000,
        "sellingAndMarketingExpenses": 0,
        "sellingGeneralAndAdministrativeExpenses": 42000000,
        "otherExpenses": -2000000,
        "operatingExpenses": 246000000,
        "costAndExpenses": 659000000,
        "interestIncome": 16000000,
        "interestExpense": 0,
        "depreciationAndAmortization": 119000000,
        "ebitda": 199000000,
        "ebitdaratio": 0.3128930818,
        "operatingIncome": -29000000,
        "operatingIncomeRatio": -0.0455974843,
        "totalOtherIncomeExpensesNet": 88000000,
        "incomeBeforeTax": 59000000,
        "incomeBeforeTaxRatio": 0.0927672956,
        "incomeTaxExpense": 10000000,
        "netIncome": 49000000,
        "netIncomeRatio": 0.0770440252,
        "eps": 0.09,
        "epsdiluted": 0.09,
        "weightedAverageShsOut": 539221101,
        "weightedAverageShsOutDil": 540038187,
        "link": "https://www.sec.gov/Archives/edgar/data/7332/000000733219000066/0000007332-19-000066-index.htm",
        "finalLink": "https://www.sec.gov/Archives/edgar/data/7332/000000733219000066/swn-20190930.htm"
    },
    {
        "date": "2019-06-30",
        "symbol": "SWN",
        "reportedCurrency": "USD",
        "cik": "0000007332",
        "fillingDate": "2019-08-06",
        "acceptedDate": "2019-08-06 16:38:17",
        "calendarYear": "2019",
        "period": "Q2",
        "revenue": 667000000,
        "costOfRevenue": 414000000,
        "grossProfit": 253000000,
        "grossProfitRatio": 0.3793103448,
        "researchAndDevelopmentExpenses": 0,
        "generalAndAdministrativeExpenses": 40000000,
        "sellingAndMarketingExpenses": 0,
        "sellingGeneralAndAdministrativeExpenses": 40000000,
        "otherExpenses": -6000000,
        "operatingExpenses": 226000000,
        "costAndExpenses": 640000000,
        "interestIncome": 17000000,
        "interestExpense": 0,
        "depreciationAndAmortization": 121000000,
        "ebitda": 276000000,
        "ebitdaratio": 0.4137931034,
        "operatingIncome": 22000000,
        "operatingIncomeRatio": 0.0329835082,
        "totalOtherIncomeExpensesNet": 131000000,
        "incomeBeforeTax": 153000000,
        "incomeBeforeTaxRatio": 0.2293853073,
        "incomeTaxExpense": 15000000,
        "netIncome": 138000000,
        "netIncomeRatio": 0.2068965517,
        "eps": 0.26,
        "epsdiluted": 0.26,
        "weightedAverageShsOut": 539005941,
        "weightedAverageShsOutDil": 539947053,
        "link": "https://www.sec.gov/Archives/edgar/data/7332/000000733219000046/0000007332-19-000046-index.htm",
        "finalLink": "https://www.sec.gov/Archives/edgar/data/7332/000000733219000046/swn-20190630x10q.htm"
    },
    {
        "date": "2019-03-31",
        "symbol": "SWN",
        "reportedCurrency": "USD",
        "cik": "0000007332",
        "fillingDate": "2019-04-25",
        "acceptedDate": "2019-04-25 16:25:57",
        "calendarYear": "2019",
        "period": "Q1",
        "revenue": 990000000,
        "costOfRevenue": 553000000,
        "grossProfit": 437000000,
        "grossProfitRatio": 0.4414141414,
        "researchAndDevelopmentExpenses": 0,
        "generalAndAdministrativeExpenses": 37000000,
        "sellingAndMarketingExpenses": 0,
        "sellingGeneralAndAdministrativeExpenses": 37000000,
        "otherExpenses": 1000000,
        "operatingExpenses": 221000000,
        "costAndExpenses": 774000000,
        "interestIncome": 14000000,
        "interestExpense": 0,
        "depreciationAndAmortization": 112000000,
        "ebitda": 293000000,
        "ebitdaratio": 0.295959596,
        "operatingIncome": 213000000,
        "operatingIncomeRatio": 0.2151515152,
        "totalOtherIncomeExpensesNet": -45000000,
        "incomeBeforeTax": 168000000,
        "incomeBeforeTaxRatio": 0.1696969697,
        "incomeTaxExpense": -426000000,
        "netIncome": 594000000,
        "netIncomeRatio": 0.6,
        "eps": 1.1,
        "epsdiluted": 1.1,
        "weightedAverageShsOut": 539721751,
        "weightedAverageShsOutDil": 541320487,
        "link": "https://www.sec.gov/Archives/edgar/data/7332/000000733219000021/0000007332-19-000021-index.htm",
        "finalLink": "https://www.sec.gov/Archives/edgar/data/7332/000000733219000021/swn-20190331x10q.htm"
    },
    {
        "date": "2018-12-31",
        "symbol": "SWN",
        "reportedCurrency": "USD",
        "cik": "0000007332",
        "fillingDate": "2019-02-28",
        "acceptedDate": "2019-02-28 16:22:15",
        "calendarYear": "2018",
        "period": "Q4",
        "revenue": 1175000000,
        "costOfRevenue": 555000000,
        "grossProfit": 620000000,
        "grossProfitRatio": 0.5276595745,
        "researchAndDevelopmentExpenses": 0,
        "generalAndAdministrativeExpenses": 44000000,
        "sellingAndMarketingExpenses": 0,
        "sellingGeneralAndAdministrativeExpenses": 44000000,
        "otherExpenses": -1000000,
        "operatingExpenses": 266000000,
        "costAndExpenses": 821000000,
        "interestIncome": 0,
        "interestExpense": 24000000,
        "depreciationAndAmortization": 124000000,
        "ebitda": 454000000,
        "ebitdaratio": 0.3863829787,
        "operatingIncome": 352000000,
        "operatingIncomeRatio": 0.2995744681,
        "totalOtherIncomeExpensesNet": -44000000,
        "incomeBeforeTax": 308000000,
        "incomeBeforeTaxRatio": 0.2621276596,
        "incomeTaxExpense": 1000000,
        "netIncome": 307000000,
        "netIncomeRatio": 0.2612765957,
        "eps": 0.54,
        "epsdiluted": 0.54,
        "weightedAverageShsOut": 564863538,
        "weightedAverageShsOutDil": 567773371,
        "link": "https://www.sec.gov/Archives/edgar/data/7332/000000733219000010/0000007332-19-000010-index.htm",
        "finalLink": "https://www.sec.gov/Archives/edgar/data/7332/000000733219000010/swn-20181231x10k.htm"
    },
    {
        "date": "2018-09-30",
        "symbol": "SWN",
        "reportedCurrency": "USD",
        "cik": "0000007332",
        "fillingDate": "2018-10-25",
        "acceptedDate": "2018-10-25 17:27:31",
        "calendarYear": "2018",
        "period": "Q3",
        "revenue": 951000000,
        "costOfRevenue": 439000000,
        "grossProfit": 512000000,
        "grossProfitRatio": 0.5383806519,
        "researchAndDevelopmentExpenses": 0,
        "generalAndAdministrativeExpenses": 51000000,
        "sellingAndMarketingExpenses": 0,
        "sellingGeneralAndAdministrativeExpenses": 51000000,
        "otherExpenses": -1000000,
        "operatingExpenses": 283000000,
        "costAndExpenses": 722000000,
        "interestIncome": 28000000,
        "interestExpense": 0,
        "depreciationAndAmortization": 151000000,
        "ebitda": 0,
        "ebitdaratio": 0,
        "operatingIncome": 66000000,
        "operatingIncomeRatio": 0.0694006309,
        "totalOtherIncomeExpensesNet": -95000000,
        "incomeBeforeTax": -29000000,
        "incomeBeforeTaxRatio": -0.0304942166,
        "incomeTaxExpense": 0,
        "netIncome": -29000000,
        "netIncomeRatio": -0.0304942166,
        "eps": -0.05,
        "epsdiluted": -0.0499,
        "weightedAverageShsOut": 580000000,
        "weightedAverageShsOutDil": 581171753,
        "link": "https://www.sec.gov/Archives/edgar/data/7332/000000733218000051/0000007332-18-000051-index.htm",
        "finalLink": "https://www.sec.gov/Archives/edgar/data/7332/000000733218000051/swn-20180930x10q.htm"
    },
    {
        "date": "2018-06-30",
        "symbol": "SWN",
        "reportedCurrency": "USD",
        "cik": "0000007332",
        "fillingDate": "2018-08-02",
        "acceptedDate": "2018-08-02 16:26:32",
        "calendarYear": "2018",
        "period": "Q2",
        "revenue": 816000000,
        "costOfRevenue": 407000000,
        "grossProfit": 409000000,
        "grossProfitRatio": 0.5012254902,
        "researchAndDevelopmentExpenses": 0,
        "generalAndAdministrativeExpenses": 59000000,
        "sellingAndMarketingExpenses": 0,
        "sellingGeneralAndAdministrativeExpenses": 59000000,
        "otherExpenses": 3000000,
        "operatingExpenses": 267000000,
        "costAndExpenses": 674000000,
        "interestIncome": 32000000,
        "interestExpense": 0,
        "depreciationAndAmortization": 142000000,
        "ebitda": 285000000,
        "ebitdaratio": 0.3492647059,
        "operatingIncome": 124000000,
        "operatingIncomeRatio": 0.1519607843,
        "totalOtherIncomeExpensesNet": -63900000,
        "incomeBeforeTax": 51000000,
        "incomeBeforeTaxRatio": 0.0625,
        "incomeTaxExpense": 33000000,
        "netIncome": 51000000,
        "netIncomeRatio": 0.0625,
        "eps": 0.09,
        "epsdiluted": 0.09,
        "weightedAverageShsOut": 581159200,
        "weightedAverageShsOutDil": 582878106,
        "link": "https://www.sec.gov/Archives/edgar/data/7332/000000733218000043/0000007332-18-000043-index.htm",
        "finalLink": "https://www.sec.gov/Archives/edgar/data/7332/000000733218000043/swn-20180630x10q.htm"
    },
    {
        "date": "2018-03-31",
        "symbol": "SWN",
        "reportedCurrency": "USD",
        "cik": "0000007332",
        "fillingDate": "2018-05-07",
        "acceptedDate": "2018-05-04 20:10:26",
        "calendarYear": "2018",
        "period": "Q1",
        "revenue": 920000000,
        "costOfRevenue": 398000000,
        "grossProfit": 522000000,
        "grossProfitRatio": 0.5673913043,
        "researchAndDevelopmentExpenses": 0,
        "generalAndAdministrativeExpenses": 55000000,
        "sellingAndMarketingExpenses": 0,
        "sellingGeneralAndAdministrativeExpenses": 55000000,
        "otherExpenses": -1000000,
        "operatingExpenses": 267000000,
        "costAndExpenses": 665000000,
        "interestIncome": 0,
        "interestExpense": 39000000,
        "depreciationAndAmortization": 143000000,
        "ebitda": 388000000,
        "ebitdaratio": 0.4217391304,
        "operatingIncome": 255000000,
        "operatingIncomeRatio": 0.277173913,
        "totalOtherIncomeExpensesNet": -47000000,
        "incomeBeforeTax": 208000000,
        "incomeBeforeTaxRatio": 0.2260869565,
        "incomeTaxExpense": 0,
        "netIncome": 208000000,
        "netIncomeRatio": 0.2260869565,
        "eps": 0.36,
        "epsdiluted": 0.36,
        "weightedAverageShsOut": 571297804,
        "weightedAverageShsOutDil": 573844459,
        "link": "https://www.sec.gov/Archives/edgar/data/7332/000000733218000029/0000007332-18-000029-index.htm",
        "finalLink": "https://www.sec.gov/Archives/edgar/data/7332/000000733218000029/swn-20180331x10q.htm"
    },
    {
        "date": "2017-12-31",
        "symbol": "SWN",
        "reportedCurrency": "USD",
        "cik": "0000007332",
        "fillingDate": "2017-12-31",
        "acceptedDate": "2017-12-31 00:00:00",
        "calendarYear": "2017",
        "period": "Q4",
        "revenue": 809000000,
        "costOfRevenue": 376000000,
        "grossProfit": 433000000,
        "grossProfitRatio": 0.5352286774,
        "researchAndDevelopmentExpenses": 0,
        "generalAndAdministrativeExpenses": 63000000,
        "sellingAndMarketingExpenses": 0,
        "sellingGeneralAndAdministrativeExpenses": 63000000,
        "otherExpenses": -1000000,
        "operatingExpenses": 272000000,
        "costAndExpenses": 648000000,
        "interestIncome": 0,
        "interestExpense": 38000000,
        "depreciationAndAmortization": 140000000,
        "ebitda": 431000000,
        "ebitdaratio": 0.5327564895,
        "operatingIncome": 167000000,
        "operatingIncomeRatio": 0.2064276885,
        "totalOtherIncomeExpensesNet": -28000000,
        "incomeBeforeTax": 255000000,
        "incomeBeforeTaxRatio": 0.3152039555,
        "incomeTaxExpense": -79000000,
        "netIncome": 334000000,
        "netIncomeRatio": 0.412855377,
        "eps": 0.53,
        "epsdiluted": 0.53,
        "weightedAverageShsOut": 503614377,
        "weightedAverageShsOutDil": 507137867,
        "link": null,
        "finalLink": null
    },
    {
        "date": "2017-09-30",
        "symbol": "SWN",
        "reportedCurrency": "USD",
        "cik": "0000007332",
        "fillingDate": "2017-10-26",
        "acceptedDate": "2017-10-26 16:35:06",
        "calendarYear": "2017",
        "period": "Q3",
        "revenue": 737000000,
        "costOfRevenue": 371000000,
        "grossProfit": 366000000,
        "grossProfitRatio": 0.4966078697,
        "researchAndDevelopmentExpenses": 0,
        "generalAndAdministrativeExpenses": 62000000,
        "sellingAndMarketingExpenses": 0,
        "sellingGeneralAndAdministrativeExpenses": 62000000,
        "otherExpenses": -2000000,
        "operatingExpenses": 256000000,
        "costAndExpenses": 627000000,
        "interestIncome": 30000000,
        "interestExpense": 0,
        "depreciationAndAmortization": 135000000,
        "ebitda": 227000000,
        "ebitdaratio": 0.3080054274,
        "operatingIncome": 110000000,
        "operatingIncomeRatio": 0.1492537313,
        "totalOtherIncomeExpensesNet": -47000000,
        "incomeBeforeTax": 63000000,
        "incomeBeforeTaxRatio": 0.0854816825,
        "incomeTaxExpense": -14000000,
        "netIncome": 77000000,
        "netIncomeRatio": 0.1044776119,
        "eps": 0.09,
        "epsdiluted": 0.09,
        "weightedAverageShsOut": 499812926,
        "weightedAverageShsOutDil": 502290779,
        "link": "https://www.sec.gov/Archives/edgar/data/7332/000000733217000034/0000007332-17-000034-index.htm",
        "finalLink": "https://www.sec.gov/Archives/edgar/data/7332/000000733217000034/swn-20170930x10q.htm"
    },
    {
        "date": "2017-06-30",
        "symbol": "SWN",
        "reportedCurrency": "USD",
        "cik": "0000007332",
        "fillingDate": "2017-08-03",
        "acceptedDate": "2017-08-03 16:36:07",
        "calendarYear": "2017",
        "period": "Q2",
        "revenue": 811000000,
        "costOfRevenue": 376000000,
        "grossProfit": 435000000,
        "grossProfitRatio": 0.5363748459,
        "researchAndDevelopmentExpenses": 0,
        "generalAndAdministrativeExpenses": 58000000,
        "sellingAndMarketingExpenses": 0,
        "sellingGeneralAndAdministrativeExpenses": 58000000,
        "otherExpenses": 6000000,
        "operatingExpenses": 247000000,
        "costAndExpenses": 623000000,
        "interestIncome": 35000000,
        "interestExpense": 0,
        "depreciationAndAmortization": 123000000,
        "ebitda": 438000000,
        "ebitdaratio": 0.5400739827,
        "operatingIncome": 188000000,
        "operatingIncomeRatio": 0.2318125771,
        "totalOtherIncomeExpensesNet": 96000000,
        "incomeBeforeTax": 284000000,
        "incomeBeforeTaxRatio": 0.3501849568,
        "incomeTaxExpense": 0,
        "netIncome": 284000000,
        "netIncomeRatio": 0.3501849568,
        "eps": 0.45,
        "epsdiluted": 0.45,
        "weightedAverageShsOut": 496419815,
        "weightedAverageShsOutDil": 498224599,
        "link": "https://www.sec.gov/Archives/edgar/data/7332/000000733217000026/0000007332-17-000026-index.htm",
        "finalLink": "https://www.sec.gov/Archives/edgar/data/7332/000000733217000026/swn20170630x10q.htm"
    },
    {
        "date": "2017-03-31",
        "symbol": "SWN",
        "reportedCurrency": "USD",
        "cik": "0000007332",
        "fillingDate": "2017-04-27",
        "acceptedDate": "2017-04-27 16:31:35",
        "calendarYear": "2017",
        "period": "Q1",
        "revenue": 846000000,
        "costOfRevenue": 357000000,
        "grossProfit": 489000000,
        "grossProfitRatio": 0.5780141844,
        "researchAndDevelopmentExpenses": 0,
        "generalAndAdministrativeExpenses": 50000000,
        "sellingAndMarketingExpenses": 0,
        "sellingGeneralAndAdministrativeExpenses": 50000000,
        "otherExpenses": 2000000,
        "operatingExpenses": 223000000,
        "costAndExpenses": 580000000,
        "interestIncome": 31000000,
        "interestExpense": 0,
        "depreciationAndAmortization": 106000000,
        "ebitda": 487000000,
        "ebitdaratio": 0.5756501182,
        "operatingIncome": 266000000,
        "operatingIncomeRatio": 0.3144208038,
        "totalOtherIncomeExpensesNet": 85000000,
        "incomeBeforeTax": 351000000,
        "incomeBeforeTaxRatio": 0.414893617,
        "incomeTaxExpense": 0,
        "netIncome": 351000000,
        "netIncomeRatio": 0.414893617,
        "eps": 0.57,
        "epsdiluted": 0.57,
        "weightedAverageShsOut": 493068000,
        "weightedAverageShsOutDil": 494494995,
        "link": "",
        "finalLink": ""
    },
    {
        "date": "2016-12-31",
        "symbol": "SWN",
        "reportedCurrency": "USD",
        "cik": "0000007332",
        "fillingDate": "2017-02-23",
        "acceptedDate": "2017-02-23 16:46:02",
        "calendarYear": "2016",
        "period": "Q4",
        "revenue": 684000000,
        "costOfRevenue": 324000000,
        "grossProfit": 360000000,
        "grossProfitRatio": 0.5263157895,
        "researchAndDevelopmentExpenses": 0,
        "generalAndAdministrativeExpenses": 76000000,
        "sellingAndMarketingExpenses": 0,
        "sellingGeneralAndAdministrativeExpenses": 76000000,
        "otherExpenses": 1000000,
        "operatingExpenses": 237000000,
        "costAndExpenses": 561000000,
        "interestIncome": 0,
        "interestExpense": 31000000,
        "depreciationAndAmortization": 87000000,
        "ebitda": -106000000,
        "ebitdaratio": -0.1549707602,
        "operatingIncome": 122000000,
        "operatingIncomeRatio": 0.1783625731,
        "totalOtherIncomeExpensesNet": -341000000,
        "incomeBeforeTax": -219000000,
        "incomeBeforeTaxRatio": -0.3201754386,
        "incomeTaxExpense": -9000000,
        "netIncome": -210000000,
        "netIncomeRatio": -0.3070175439,
        "eps": -0.43,
        "epsdiluted": -0.43,
        "weightedAverageShsOut": 483873931,
        "weightedAverageShsOutDil": 489287827,
        "link": "https://www.sec.gov/Archives/edgar/data/7332/000000733217000009/0000007332-17-000009-index.htm",
        "finalLink": "https://www.sec.gov/Archives/edgar/data/7332/000000733217000009/swn20161231x10k.htm"
    },
    {
        "date": "2016-09-30",
        "symbol": "SWN",
        "reportedCurrency": "USD",
        "cik": "0000007332",
        "fillingDate": "2016-10-20",
        "acceptedDate": "2016-10-20 17:04:18",
        "calendarYear": "2016",
        "period": "Q3",
        "revenue": 651000000,
        "costOfRevenue": 333000000,
        "grossProfit": 318000000,
        "grossProfitRatio": 0.4884792627,
        "researchAndDevelopmentExpenses": 0,
        "generalAndAdministrativeExpenses": 61000000,
        "sellingAndMarketingExpenses": 0,
        "sellingGeneralAndAdministrativeExpenses": 61000000,
        "otherExpenses": 3000000,
        "operatingExpenses": 224000000,
        "costAndExpenses": 557000000,
        "interestIncome": 27000000,
        "interestExpense": 0,
        "depreciationAndAmortization": 99000000,
        "ebitda": -621000000,
        "ebitdaratio": -0.9539170507,
        "operatingIncome": -725000000,
        "operatingIncomeRatio": -1.113671275,
        "totalOtherIncomeExpensesNet": -719000000,
        "incomeBeforeTax": -728000000,
        "incomeBeforeTaxRatio": -1.1182795699,
        "incomeTaxExpense": -20000000,
        "netIncome": -708000000,
        "netIncomeRatio": -1.0875576037,
        "eps": -1.47,
        "epsdiluted": -1.47,
        "weightedAverageShsOut": 482485150,
        "weightedAverageShsOutDil": 482485150,
        "link": "https://www.sec.gov/Archives/edgar/data/7332/000000733216000069/0000007332-16-000069-index.htm",
        "finalLink": "https://www.sec.gov/Archives/edgar/data/7332/000000733216000069/swn20160930x10q.htm"
    },
    {
        "date": "2016-06-30",
        "symbol": "SWN",
        "reportedCurrency": "USD",
        "cik": "0000007332",
        "fillingDate": "2016-07-21",
        "acceptedDate": "2016-07-21 17:27:26",
        "calendarYear": "2016",
        "period": "Q2",
        "revenue": 522000000,
        "costOfRevenue": 304000000,
        "grossProfit": 218000000,
        "grossProfitRatio": 0.4176245211,
        "researchAndDevelopmentExpenses": 0,
        "generalAndAdministrativeExpenses": 56000000,
        "sellingAndMarketingExpenses": 0,
        "sellingGeneralAndAdministrativeExpenses": 56000000,
        "otherExpenses": 173000000,
        "operatingExpenses": 229000000,
        "costAndExpenses": 533000000,
        "interestIncome": 17000000,
        "interestExpense": 0,
        "depreciationAndAmortization": 107000000,
        "ebitda": -485000000,
        "ebitdaratio": -0.9291187739,
        "operatingIncome": -492000000,
        "operatingIncomeRatio": -0.9425287356,
        "totalOtherIncomeExpensesNet": -498000000,
        "incomeBeforeTax": -594000000,
        "incomeBeforeTaxRatio": -1.1379310345,
        "incomeTaxExpense": -1000000,
        "netIncome": -593000000,
        "netIncomeRatio": -1.1360153257,
        "eps": -1.54,
        "epsdiluted": -1.54,
        "weightedAverageShsOut": 385093406,
        "weightedAverageShsOutDil": 385594815,
        "link": "https://www.sec.gov/Archives/edgar/data/7332/000000733216000060/0000007332-16-000060-index.htm",
        "finalLink": "https://www.sec.gov/Archives/edgar/data/7332/000000733216000060/swn20160630x10q.htm"
    },
    {
        "date": "2016-03-31",
        "symbol": "SWN",
        "reportedCurrency": "USD",
        "cik": "0000007332",
        "fillingDate": "2016-04-21",
        "acceptedDate": "2016-04-21 16:36:01",
        "calendarYear": "2016",
        "period": "Q1",
        "revenue": 579000000,
        "costOfRevenue": 339000000,
        "grossProfit": 240000000,
        "grossProfitRatio": 0.414507772,
        "researchAndDevelopmentExpenses": 0,
        "generalAndAdministrativeExpenses": 54000000,
        "sellingAndMarketingExpenses": 0,
        "sellingGeneralAndAdministrativeExpenses": 54000000,
        "otherExpenses": -3000000,
        "operatingExpenses": 242000000,
        "costAndExpenses": 581000000,
        "interestIncome": 18000000,
        "interestExpense": 0,
        "depreciationAndAmortization": 143000000,
        "ebitda": -986000000,
        "ebitdaratio": -1.7029360967,
        "operatingIncome": -1100000000,
        "operatingIncomeRatio": -1.8998272884,
        "totalOtherIncomeExpensesNet": -31000000,
        "incomeBeforeTax": -1131000000,
        "incomeBeforeTaxRatio": -1.9533678756,
        "incomeTaxExpense": 1000000,
        "netIncome": -1132000000,
        "netIncomeRatio": -1.9550949914,
        "eps": -2.96,
        "epsdiluted": -2.96,
        "weightedAverageShsOut": 382508377,
        "weightedAverageShsOutDil": 382870847,
        "link": "https://www.sec.gov/Archives/edgar/data/7332/000000733216000050/0000007332-16-000050-index.htm",
        "finalLink": "https://www.sec.gov/Archives/edgar/data/7332/000000733216000050/swn20160331x10q.htm"
    },
    {
        "date": "2015-12-31",
        "symbol": "SWN",
        "reportedCurrency": "USD",
        "cik": "0000007332",
        "fillingDate": "2016-02-25",
        "acceptedDate": "2016-02-25 17:09:21",
        "calendarYear": "2015",
        "period": "Q4",
        "revenue": 687000000,
        "costOfRevenue": 413000000,
        "grossProfit": 274000000,
        "grossProfitRatio": 0.3988355167,
        "researchAndDevelopmentExpenses": 0,
        "generalAndAdministrativeExpenses": 58000000,
        "sellingAndMarketingExpenses": 0,
        "sellingGeneralAndAdministrativeExpenses": 58000000,
        "otherExpenses": -32000000,
        "operatingExpenses": 266000000,
        "costAndExpenses": 679000000,
        "interestIncome": 0,
        "interestExpense": 4000000,
        "depreciationAndAmortization": 215000000,
        "ebitda": -2364000000,
        "ebitdaratio": -3.4410480349,
        "operatingIncome": -2561000000,
        "operatingIncomeRatio": -3.7278020378,
        "totalOtherIncomeExpensesNet": -19000000,
        "incomeBeforeTax": -2580000000,
        "incomeBeforeTaxRatio": -3.7554585153,
        "incomeTaxExpense": -473000000,
        "netIncome": -2107000000,
        "netIncomeRatio": -3.0669577875,
        "eps": -5.51,
        "epsdiluted": -5.51,
        "weightedAverageShsOut": 382159012,
        "weightedAverageShsOutDil": 382334978,
        "link": "https://www.sec.gov/Archives/edgar/data/7332/000000733216000038/0000007332-16-000038-index.htm",
        "finalLink": "https://www.sec.gov/Archives/edgar/data/7332/000000733216000038/swn20151231x10k.htm"
    },
    {
        "date": "2015-09-30",
        "symbol": "SWN",
        "reportedCurrency": "USD",
        "cik": "0000007332",
        "fillingDate": "2015-10-22",
        "acceptedDate": "2015-10-22 17:01:58",
        "calendarYear": "2015",
        "period": "Q3",
        "revenue": 749000000,
        "costOfRevenue": 488000000,
        "grossProfit": 261000000,
        "grossProfitRatio": 0.3484646195,
        "researchAndDevelopmentExpenses": 0,
        "generalAndAdministrativeExpenses": 60000000,
        "sellingAndMarketingExpenses": 0,
        "sellingGeneralAndAdministrativeExpenses": 60000000,
        "otherExpenses": 203000000,
        "operatingExpenses": 263000000,
        "costAndExpenses": 751000000,
        "interestIncome": 0,
        "interestExpense": 0,
        "depreciationAndAmortization": 274000000,
        "ebitda": -2550000000,
        "ebitdaratio": -3.4045393858,
        "operatingIncome": -2842000000,
        "operatingIncomeRatio": -3.7943925234,
        "totalOtherIncomeExpensesNet": 15000000,
        "incomeBeforeTax": -2827000000,
        "incomeBeforeTaxRatio": -3.7743658211,
        "incomeTaxExpense": -1088000000,
        "netIncome": -1739000000,
        "netIncomeRatio": -2.3217623498,
        "eps": -4.55,
        "epsdiluted": -4.55,
        "weightedAverageShsOut": 382098080,
        "weightedAverageShsOutDil": 382098080,
        "link": "https://www.sec.gov/Archives/edgar/data/7332/000000733215000028/0000007332-15-000028-index.htm",
        "finalLink": "https://www.sec.gov/Archives/edgar/data/7332/000000733215000028/swn20151930x10q.htm"
    },
    {
        "date": "2015-06-30",
        "symbol": "SWN",
        "reportedCurrency": "USD",
        "cik": "0000007332",
        "fillingDate": "2015-07-27",
        "acceptedDate": "2015-07-27 17:16:48",
        "calendarYear": "2015",
        "period": "Q2",
        "revenue": 764000000,
        "costOfRevenue": 527000000,
        "grossProfit": 237000000,
        "grossProfitRatio": 0.3102094241,
        "researchAndDevelopmentExpenses": 0,
        "generalAndAdministrativeExpenses": 60000000,
        "sellingAndMarketingExpenses": 0,
        "sellingGeneralAndAdministrativeExpenses": 60000000,
        "otherExpenses": 3000000,
        "operatingExpenses": 263000000,
        "costAndExpenses": 790000000,
        "interestIncome": 0,
        "interestExpense": 0,
        "depreciationAndAmortization": 310000000,
        "ebitda": -973000000,
        "ebitdaratio": -1.2735602094,
        "operatingIncome": -1284000000,
        "operatingIncomeRatio": -1.6806282723,
        "totalOtherIncomeExpensesNet": 3000000,
        "incomeBeforeTax": -1281000000,
        "incomeBeforeTaxRatio": -1.6767015707,
        "incomeTaxExpense": -493000000,
        "netIncome": -788000000,
        "netIncomeRatio": -1.0314136126,
        "eps": -2.06,
        "epsdiluted": -2.06,
        "weightedAverageShsOut": 382114011,
        "weightedAverageShsOutDil": 382114011,
        "link": "https://www.sec.gov/Archives/edgar/data/7332/000000733215000022/0000007332-15-000022-index.htm",
        "finalLink": "https://www.sec.gov/Archives/edgar/data/7332/000000733215000022/swn20150630x10q.htm"
    },
    {
        "date": "2015-03-31",
        "symbol": "SWN",
        "reportedCurrency": "USD",
        "cik": "0000007332",
        "fillingDate": "2015-04-23",
        "acceptedDate": "2015-04-23 16:15:40",
        "calendarYear": "2015",
        "period": "Q1",
        "revenue": 933000000,
        "costOfRevenue": 515000000,
        "grossProfit": 418000000,
        "grossProfitRatio": 0.448017149,
        "researchAndDevelopmentExpenses": 0,
        "generalAndAdministrativeExpenses": 68000000,
        "sellingAndMarketingExpenses": 0,
        "sellingGeneralAndAdministrativeExpenses": 68000000,
        "otherExpenses": -1000000,
        "operatingExpenses": 253000000,
        "costAndExpenses": 768000000,
        "interestIncome": 55000000,
        "interestExpense": 0,
        "depreciationAndAmortization": 293000000,
        "ebitda": 422000000,
        "ebitdaratio": 0.4523043944,
        "operatingIncome": 165000000,
        "operatingIncomeRatio": 0.1768488746,
        "totalOtherIncomeExpensesNet": -38000000,
        "incomeBeforeTax": 127000000,
        "incomeBeforeTaxRatio": 0.1361200429,
        "incomeTaxExpense": 49000000,
        "netIncome": 78000000,
        "netIncomeRatio": 0.0836012862,
        "eps": 0.12,
        "epsdiluted": 0.12,
        "weightedAverageShsOut": 375444030,
        "weightedAverageShsOutDil": 375578054,
        "link": "https://www.sec.gov/Archives/edgar/data/7332/000000733215000013/0000007332-15-000013-index.htm",
        "finalLink": "https://www.sec.gov/Archives/edgar/data/7332/000000733215000013/swn20150331x10q.htm"
    },
    {
        "date": "2014-12-31",
        "symbol": "SWN",
        "reportedCurrency": "USD",
        "cik": "0000007332",
        "fillingDate": "2015-02-26",
        "acceptedDate": "2015-02-26 17:19:54",
        "calendarYear": "2014",
        "period": "Q4",
        "revenue": 962000000,
        "costOfRevenue": 477000000,
        "grossProfit": 485000000,
        "grossProfitRatio": 0.5041580042,
        "researchAndDevelopmentExpenses": 0,
        "generalAndAdministrativeExpenses": 59000000,
        "sellingAndMarketingExpenses": 0,
        "sellingGeneralAndAdministrativeExpenses": 59000000,
        "otherExpenses": -5000000,
        "operatingExpenses": 200000000,
        "costAndExpenses": 677000000,
        "interestIncome": 23000000,
        "interestExpense": 0,
        "depreciationAndAmortization": 249000000,
        "ebitda": 520000000,
        "ebitdaratio": 0.5405405405,
        "operatingIncome": 285000000,
        "operatingIncomeRatio": 0.2962577963,
        "totalOtherIncomeExpensesNet": -29000000,
        "incomeBeforeTax": 428000000,
        "incomeBeforeTaxRatio": 0.4449064449,
        "incomeTaxExpense": 116000000,
        "netIncome": 312000000,
        "netIncomeRatio": 0.3243243243,
        "eps": 0.89,
        "epsdiluted": 0.89,
        "weightedAverageShsOut": 351446747,
        "weightedAverageShsOutDil": 352410683,
        "link": "https://www.sec.gov/Archives/edgar/data/7332/000000733215000004/0000007332-15-000004-index.htm",
        "finalLink": "https://www.sec.gov/Archives/edgar/data/7332/000000733215000004/swn20141231x10k.htm"
    },
    {
        "date": "2014-09-30",
        "symbol": "SWN",
        "reportedCurrency": "USD",
        "cik": "0000007332",
        "fillingDate": "2014-10-23",
        "acceptedDate": "2014-10-23 16:52:51",
        "calendarYear": "2014",
        "period": "Q3",
        "revenue": 928000000,
        "costOfRevenue": 458000000,
        "grossProfit": 470000000,
        "grossProfitRatio": 0.5064655172,
        "researchAndDevelopmentExpenses": 0,
        "generalAndAdministrativeExpenses": 54000000,
        "sellingAndMarketingExpenses": 0,
        "sellingGeneralAndAdministrativeExpenses": 54000000,
        "otherExpenses": 130000000,
        "operatingExpenses": 184000000,
        "costAndExpenses": 642000000,
        "interestIncome": 12000000,
        "interestExpense": 0,
        "depreciationAndAmortization": 238000000,
        "ebitda": 600000000,
        "ebitdaratio": 0.6465517241,
        "operatingIncome": 286000000,
        "operatingIncomeRatio": 0.3081896552,
        "totalOtherIncomeExpensesNet": 65000000,
        "incomeBeforeTax": 351000000,
        "incomeBeforeTaxRatio": 0.3782327586,
        "incomeTaxExpense": 140000000,
        "netIncome": 211000000,
        "netIncomeRatio": 0.2273706897,
        "eps": 0.6,
        "epsdiluted": 0.6,
        "weightedAverageShsOut": 351457043,
        "weightedAverageShsOutDil": 352327250,
        "link": "https://www.sec.gov/Archives/edgar/data/7332/000000733214000033/0000007332-14-000033-index.htm",
        "finalLink": "https://www.sec.gov/Archives/edgar/data/7332/000000733214000033/swn20140930x10q.htm"
    },
    {
        "date": "2014-06-30",
        "symbol": "SWN",
        "reportedCurrency": "USD",
        "cik": "0000007332",
        "fillingDate": "2014-07-31",
        "acceptedDate": "2014-07-31 17:26:42",
        "calendarYear": "2014",
        "period": "Q2",
        "revenue": 1035000000,
        "costOfRevenue": 491000000,
        "grossProfit": 544000000,
        "grossProfitRatio": 0.5256038647,
        "researchAndDevelopmentExpenses": 0,
        "generalAndAdministrativeExpenses": 52000000,
        "sellingAndMarketingExpenses": 0,
        "sellingGeneralAndAdministrativeExpenses": 52000000,
        "otherExpenses": 125000000,
        "operatingExpenses": 177000000,
        "costAndExpenses": 668000000,
        "interestIncome": 0,
        "interestExpense": 12000000,
        "depreciationAndAmortization": 228920000,
        "ebitda": 589000000,
        "ebitdaratio": 0.5690821256,
        "operatingIncome": 367000000,
        "operatingIncomeRatio": 0.354589372,
        "totalOtherIncomeExpensesNet": -20000000,
        "incomeBeforeTax": 347000000,
        "incomeBeforeTaxRatio": 0.3352657005,
        "incomeTaxExpense": 140000000,
        "netIncome": 207000000,
        "netIncomeRatio": 0.2,
        "eps": 0.59,
        "epsdiluted": 0.59,
        "weightedAverageShsOut": 351391582,
        "weightedAverageShsOutDil": 352579522,
        "link": "https://www.sec.gov/Archives/edgar/data/7332/000000733214000025/0000007332-14-000025-index.htm",
        "finalLink": "https://www.sec.gov/Archives/edgar/data/7332/000000733214000025/swn20140630x10q.htm"
    },
    {
        "date": "2014-03-31",
        "symbol": "SWN",
        "reportedCurrency": "USD",
        "cik": "0000007332",
        "fillingDate": "2014-05-01",
        "acceptedDate": "2014-05-01 16:31:42",
        "calendarYear": "2014",
        "period": "Q1",
        "revenue": 1112777000,
        "costOfRevenue": 496196000,
        "grossProfit": 616581000,
        "grossProfitRatio": 0.5540921496,
        "researchAndDevelopmentExpenses": 0,
        "generalAndAdministrativeExpenses": 56387000,
        "sellingAndMarketingExpenses": 0,
        "sellingGeneralAndAdministrativeExpenses": 56387000,
        "otherExpenses": 1193000,
        "operatingExpenses": 181962000,
        "costAndExpenses": 678158000,
        "interestIncome": 15000000,
        "interestExpense": 0,
        "depreciationAndAmortization": 226080000,
        "ebitda": 661892000,
        "ebitdaratio": 0.5948109999,
        "operatingIncome": 434619000,
        "operatingIncomeRatio": 0.3905715161,
        "totalOtherIncomeExpensesNet": -112000000,
        "incomeBeforeTax": 323185000,
        "incomeBeforeTaxRatio": 0.2904310567,
        "incomeTaxExpense": 128995000,
        "netIncome": 194190000,
        "netIncomeRatio": 0.1745093581,
        "eps": 0.55,
        "epsdiluted": 0.55,
        "weightedAverageShsOut": 351222538,
        "weightedAverageShsOutDil": 351985821,
        "link": "https://www.sec.gov/Archives/edgar/data/7332/000000733214000014/0000007332-14-000014-index.htm",
        "finalLink": "https://www.sec.gov/Archives/edgar/data/7332/000000733214000014/swn-20140331x10q.htm"
    },
    {
        "date": "2013-12-31",
        "symbol": "SWN",
        "reportedCurrency": "USD",
        "cik": "0000007332",
        "fillingDate": "2014-02-27",
        "acceptedDate": "2014-02-27 17:22:11",
        "calendarYear": "2013",
        "period": "Q4",
        "revenue": 907089000,
        "costOfRevenue": 421633000,
        "grossProfit": 485456000,
        "grossProfitRatio": 0.5351801201,
        "researchAndDevelopmentExpenses": 0,
        "generalAndAdministrativeExpenses": 55556000,
        "sellingAndMarketingExpenses": 0,
        "sellingGeneralAndAdministrativeExpenses": 55556000,
        "otherExpenses": 2705000,
        "operatingExpenses": 168339000,
        "costAndExpenses": 589972000,
        "interestIncome": 0,
        "interestExpense": 12277000,
        "depreciationAndAmortization": 216332000,
        "ebitda": 485364000,
        "ebitdaratio": 0.5350786968,
        "operatingIncome": 317117000,
        "operatingIncomeRatio": 0.349598551,
        "totalOtherIncomeExpensesNet": -59210000,
        "incomeBeforeTax": 257907000,
        "incomeBeforeTaxRatio": 0.2843238095,
        "incomeTaxExpense": 113417000,
        "netIncome": 144490000,
        "netIncomeRatio": 0.159289772,
        "eps": 0.41,
        "epsdiluted": 0.41,
        "weightedAverageShsOut": 350851141,
        "weightedAverageShsOutDil": 351364481,
        "link": "https://www.sec.gov/Archives/edgar/data/7332/000000733214000004/0000007332-14-000004-index.htm",
        "finalLink": "https://www.sec.gov/Archives/edgar/data/7332/000000733214000004/swn-20131231x10k.htm"
    },
    {
        "date": "2013-09-30",
        "symbol": "SWN",
        "reportedCurrency": "USD",
        "cik": "0000007332",
        "fillingDate": "2013-10-31",
        "acceptedDate": "2013-10-31 16:39:13",
        "calendarYear": "2013",
        "period": "Q3",
        "revenue": 868366000,
        "costOfRevenue": 400205000,
        "grossProfit": 468161000,
        "grossProfitRatio": 0.5391286623,
        "researchAndDevelopmentExpenses": 0,
        "generalAndAdministrativeExpenses": 50969000,
        "sellingAndMarketingExpenses": 0,
        "sellingGeneralAndAdministrativeExpenses": 50969000,
        "otherExpenses": -319000,
        "operatingExpenses": 158932000,
        "costAndExpenses": 559137000,
        "interestIncome": 12000000,
        "interestExpense": 0,
        "depreciationAndAmortization": 205916000,
        "ebitda": 513777000,
        "ebitdaratio": 0.5916595076,
        "operatingIncome": 309229000,
        "operatingIncomeRatio": 0.3561044537,
        "totalOtherIncomeExpensesNet": -11984000,
        "incomeBeforeTax": 310016000,
        "incomeBeforeTaxRatio": 0.3570107535,
        "incomeTaxExpense": 124149000,
        "netIncome": 185867000,
        "netIncomeRatio": 0.2140422356,
        "eps": 0.53,
        "epsdiluted": 0.53,
        "weightedAverageShsOut": 350517337,
        "weightedAverageShsOutDil": 351222830,
        "link": "https://www.sec.gov/Archives/edgar/data/7332/000000733213000044/0000007332-13-000044-index.htm",
        "finalLink": "https://www.sec.gov/Archives/edgar/data/7332/000000733213000044/swn-20130930x10q.htm"
    },
    {
        "date": "2013-06-30",
        "symbol": "SWN",
        "reportedCurrency": "USD",
        "cik": "0000007332",
        "fillingDate": "2013-08-01",
        "acceptedDate": "2013-08-01 17:25:30",
        "calendarYear": "2013",
        "period": "Q2",
        "revenue": 862041000,
        "costOfRevenue": 386977000,
        "grossProfit": 475064000,
        "grossProfitRatio": 0.5510921174,
        "researchAndDevelopmentExpenses": 0,
        "generalAndAdministrativeExpenses": 47570000,
        "sellingAndMarketingExpenses": 0,
        "sellingGeneralAndAdministrativeExpenses": 47570000,
        "otherExpenses": 354000,
        "operatingExpenses": 149747000,
        "costAndExpenses": 536724000,
        "interestIncome": 6000000,
        "interestExpense": 0,
        "depreciationAndAmortization": 187847000,
        "ebitda": 512474000,
        "ebitdaratio": 0.5944891252,
        "operatingIncome": 325317000,
        "operatingIncomeRatio": 0.3773799622,
        "totalOtherIncomeExpensesNet": -5158000,
        "incomeBeforeTax": 409842000,
        "incomeBeforeTaxRatio": 0.475432143,
        "incomeTaxExpense": 164211000,
        "netIncome": 245631000,
        "netIncomeRatio": 0.2849412035,
        "eps": 0.7,
        "epsdiluted": 0.7,
        "weightedAverageShsOut": 350448806,
        "weightedAverageShsOutDil": 351082807,
        "link": "https://www.sec.gov/Archives/edgar/data/7332/000000733213000030/0000007332-13-000030-index.htm",
        "finalLink": "https://www.sec.gov/Archives/edgar/data/7332/000000733213000030/swn-063013form10q.htm"
    },
    {
        "date": "2013-03-31",
        "symbol": "SWN",
        "reportedCurrency": "USD",
        "cik": "0000007332",
        "fillingDate": "2013-05-02",
        "acceptedDate": "2013-05-02 17:24:57",
        "calendarYear": "2013",
        "period": "Q1",
        "revenue": 733649000,
        "costOfRevenue": 359423000,
        "grossProfit": 374226000,
        "grossProfitRatio": 0.5100886119,
        "researchAndDevelopmentExpenses": 0,
        "generalAndAdministrativeExpenses": 37215000,
        "sellingAndMarketingExpenses": 0,
        "sellingGeneralAndAdministrativeExpenses": 37215000,
        "otherExpenses": -533000,
        "operatingExpenses": 122266000,
        "costAndExpenses": 481689000,
        "interestIncome": 9021000,
        "interestExpense": 0,
        "depreciationAndAmortization": 180458000,
        "ebitda": 400981000,
        "ebitdaratio": 0.5465570048,
        "operatingIncome": 251960000,
        "operatingIncomeRatio": 0.3434339855,
        "totalOtherIncomeExpensesNet": -39348000,
        "incomeBeforeTax": 212612000,
        "incomeBeforeTaxRatio": 0.2898007085,
        "incomeTaxExpense": 85097000,
        "netIncome": 127515000,
        "netIncomeRatio": 0.1738092739,
        "eps": 0.36,
        "epsdiluted": 0.36,
        "weightedAverageShsOut": 350032430,
        "weightedAverageShsOutDil": 350738309,
        "link": "https://www.sec.gov/Archives/edgar/data/7332/000000733213000017/0000007332-13-000017-index.htm",
        "finalLink": "https://www.sec.gov/Archives/edgar/data/7332/000000733213000017/swn-20130331x10q.htm"
    },
    {
        "date": "2012-12-31",
        "symbol": "SWN",
        "reportedCurrency": "USD",
        "cik": "0000007332",
        "fillingDate": "2013-02-21",
        "acceptedDate": "2013-02-20 20:05:39",
        "calendarYear": "2012",
        "period": "Q4",
        "revenue": 772998000,
        "costOfRevenue": 374086000,
        "grossProfit": 398912000,
        "grossProfitRatio": 0.5160582563,
        "researchAndDevelopmentExpenses": 0,
        "generalAndAdministrativeExpenses": 45268000,
        "sellingAndMarketingExpenses": 0,
        "sellingGeneralAndAdministrativeExpenses": 45268000,
        "otherExpenses": -1585000,
        "operatingExpenses": 126955000,
        "costAndExpenses": 501041000,
        "interestIncome": 0,
        "interestExpense": 9352000,
        "depreciationAndAmortization": 209823000,
        "ebitda": -89909000,
        "ebitdaratio": -0.1163120733,
        "operatingIncome": -577304000,
        "operatingIncomeRatio": -0.7468376374,
        "totalOtherIncomeExpensesNet": -576587000,
        "incomeBeforeTax": -588241000,
        "incomeBeforeTaxRatio": -0.760986445,
        "incomeTaxExpense": -232658000,
        "netIncome": -355583000,
        "netIncomeRatio": -0.4600050712,
        "eps": -1.02,
        "epsdiluted": -1.02,
        "weightedAverageShsOut": 349282982,
        "weightedAverageShsOutDil": 349618083,
        "link": "https://www.sec.gov/Archives/edgar/data/7332/000000733213000007/0000007332-13-000007-index.htm",
        "finalLink": "https://www.sec.gov/Archives/edgar/data/7332/000000733213000007/swn20121231x10k.htm"
    },
    {
        "date": "2012-09-30",
        "symbol": "SWN",
        "reportedCurrency": "USD",
        "cik": "0000007332",
        "fillingDate": "2012-11-01",
        "acceptedDate": "2012-11-01 17:26:34",
        "calendarYear": "2012",
        "period": "Q3",
        "revenue": 685848000,
        "costOfRevenue": 211557000,
        "grossProfit": 474291000,
        "grossProfitRatio": 0.6915395248,
        "researchAndDevelopmentExpenses": 0,
        "generalAndAdministrativeExpenses": 36121000,
        "sellingAndMarketingExpenses": 0,
        "sellingGeneralAndAdministrativeExpenses": 36121000,
        "otherExpenses": 216907000,
        "operatingExpenses": 253028000,
        "costAndExpenses": 464585000,
        "interestIncome": 0,
        "interestExpense": 10606000,
        "depreciationAndAmortization": 201637000,
        "ebitda": 132259000,
        "ebitdaratio": 0.1928401045,
        "operatingIncome": -220202000,
        "operatingIncomeRatio": -0.3210653089,
        "totalOtherIncomeExpensesNet": -16247000,
        "incomeBeforeTax": -230570000,
        "incomeBeforeTaxRatio": -0.3361823611,
        "incomeTaxExpense": -85755000,
        "netIncome": -144815000,
        "netIncomeRatio": -0.2111473679,
        "eps": -0.42,
        "epsdiluted": -0.42,
        "weightedAverageShsOut": 348649630,
        "weightedAverageShsOutDil": 348649630,
        "link": "https://www.sec.gov/Archives/edgar/data/7332/000000733212000033/0000007332-12-000033-index.htm",
        "finalLink": "https://www.sec.gov/Archives/edgar/data/7332/000000733212000033/swn093012form10q.htm"
    },
    {
        "date": "2012-06-30",
        "symbol": "SWN",
        "reportedCurrency": "USD",
        "cik": "0000007332",
        "fillingDate": "2012-08-02",
        "acceptedDate": "2012-08-02 17:18:48",
        "calendarYear": "2012",
        "period": "Q2",
        "revenue": 599728000,
        "costOfRevenue": 184228000,
        "grossProfit": 415500000,
        "grossProfitRatio": 0.6928140757,
        "researchAndDevelopmentExpenses": 0,
        "generalAndAdministrativeExpenses": 44932000,
        "sellingAndMarketingExpenses": 0,
        "sellingGeneralAndAdministrativeExpenses": 44932000,
        "otherExpenses": 222310000,
        "operatingExpenses": 267242000,
        "costAndExpenses": 451470000,
        "interestIncome": 0,
        "interestExpense": 8361000,
        "depreciationAndAmortization": 208811000,
        "ebitda": -442053000,
        "ebitdaratio": -0.7370891471,
        "operatingIncome": -787641000,
        "operatingIncomeRatio": -1.3133303764,
        "totalOtherIncomeExpensesNet": 129463000,
        "incomeBeforeTax": -793425000,
        "incomeBeforeTaxRatio": -1.3229747486,
        "incomeTaxExpense": -305325000,
        "netIncome": -488100000,
        "netIncomeRatio": -0.8138689539,
        "eps": -1.4,
        "epsdiluted": -1.4,
        "weightedAverageShsOut": 348162723,
        "weightedAverageShsOutDil": 348162723,
        "link": "https://www.sec.gov/Archives/edgar/data/7332/000000733212000023/0000007332-12-000023-index.htm",
        "finalLink": "https://www.sec.gov/Archives/edgar/data/7332/000000733212000023/swn063012form10q.htm"
    },
    {
        "date": "2012-03-31",
        "symbol": "SWN",
        "reportedCurrency": "USD",
        "cik": "0000007332",
        "fillingDate": "2012-05-03",
        "acceptedDate": "2012-05-03 16:54:49",
        "calendarYear": "2012",
        "period": "Q1",
        "revenue": 656469000,
        "costOfRevenue": 207634000,
        "grossProfit": 448835000,
        "grossProfitRatio": 0.6837108835,
        "researchAndDevelopmentExpenses": 0,
        "generalAndAdministrativeExpenses": 48826000,
        "sellingAndMarketingExpenses": 0,
        "sellingGeneralAndAdministrativeExpenses": 48826000,
        "otherExpenses": 214049000,
        "operatingExpenses": 262875000,
        "costAndExpenses": 470509000,
        "interestIncome": 0,
        "interestExpense": 7338000,
        "depreciationAndAmortization": 194439000,
        "ebitda": 379208000,
        "ebitdaratio": 0.5776479925,
        "operatingIncome": 185960000,
        "operatingIncomeRatio": 0.2832730868,
        "totalOtherIncomeExpensesNet": -5904000,
        "incomeBeforeTax": 178422000,
        "incomeBeforeTaxRatio": 0.2717904425,
        "incomeTaxExpense": 70718000,
        "netIncome": 107704000,
        "netIncomeRatio": 0.1640656299,
        "eps": 0.31,
        "epsdiluted": 0.31,
        "weightedAverageShsOut": 348000074,
        "weightedAverageShsOutDil": 349990725,
        "link": "https://www.sec.gov/Archives/edgar/data/7332/000000733212000011/0000007332-12-000011-index.htm",
        "finalLink": "https://www.sec.gov/Archives/edgar/data/7332/000000733212000011/swn033112form10q.htm"
    },
    {
        "date": "2011-12-31",
        "symbol": "SWN",
        "reportedCurrency": "USD",
        "cik": "0000007332",
        "fillingDate": "2011-12-31",
        "acceptedDate": "2011-12-31 00:00:00",
        "calendarYear": "2011",
        "period": "Q4",
        "revenue": 744150000,
        "costOfRevenue": 228754000,
        "grossProfit": 515396000,
        "grossProfitRatio": 0.6925969227,
        "researchAndDevelopmentExpenses": 0,
        "generalAndAdministrativeExpenses": 0,
        "sellingAndMarketingExpenses": 0,
        "sellingGeneralAndAdministrativeExpenses": 45086000,
        "otherExpenses": 206420000,
        "operatingExpenses": 251506000,
        "costAndExpenses": 480260000,
        "interestIncome": 0,
        "interestExpense": 4812000,
        "depreciationAndAmortization": 191075000,
        "ebitda": 454965000,
        "ebitdaratio": 0.6113888329,
        "operatingIncome": 263890000,
        "operatingIncomeRatio": 0.3546193644,
        "totalOtherIncomeExpensesNet": -4869000,
        "incomeBeforeTax": 259021000,
        "incomeBeforeTaxRatio": 0.3480763287,
        "incomeTaxExpense": 100488000,
        "netIncome": 158533000,
        "netIncomeRatio": 0.2130390378,
        "eps": 0.46,
        "epsdiluted": 0.45,
        "weightedAverageShsOut": 347205316,
        "weightedAverageShsOutDil": 349921413,
        "link": null,
        "finalLink": null
    },
    {
        "date": "2011-09-30",
        "symbol": "SWN",
        "reportedCurrency": "USD",
        "cik": "0000007332",
        "fillingDate": "2011-10-27",
        "acceptedDate": "2011-10-27 17:25:24",
        "calendarYear": "2011",
        "period": "Q3",
        "revenue": 767255000,
        "costOfRevenue": 239147000,
        "grossProfit": 528108000,
        "grossProfitRatio": 0.6883083199,
        "researchAndDevelopmentExpenses": 0,
        "generalAndAdministrativeExpenses": 35600000,
        "sellingAndMarketingExpenses": 0,
        "sellingGeneralAndAdministrativeExpenses": 35600000,
        "otherExpenses": 196790000,
        "operatingExpenses": 232390000,
        "costAndExpenses": 471537000,
        "interestIncome": 0,
        "interestExpense": 5657000,
        "depreciationAndAmortization": 179856000,
        "ebitda": 475574000,
        "ebitdaratio": 0.6198382546,
        "operatingIncome": 295718000,
        "operatingIncomeRatio": 0.3854233599,
        "totalOtherIncomeExpensesNet": -5779000,
        "incomeBeforeTax": 289939000,
        "incomeBeforeTaxRatio": 0.3778913138,
        "incomeTaxExpense": 114766000,
        "netIncome": 175173000,
        "netIncomeRatio": 0.2283113176,
        "eps": 0.5,
        "epsdiluted": 0.5,
        "weightedAverageShsOut": 347239793,
        "weightedAverageShsOutDil": 349998789,
        "link": "https://www.sec.gov/Archives/edgar/data/7332/000000733211000026/0000007332-11-000026-index.htm",
        "finalLink": "https://www.sec.gov/Archives/edgar/data/7332/000000733211000026/swn093011form10q.htm"
    },
    {
        "date": "2011-06-30",
        "symbol": "SWN",
        "reportedCurrency": "USD",
        "cik": "0000007332",
        "fillingDate": "2011-07-28",
        "acceptedDate": "2011-07-28 17:13:53",
        "calendarYear": "2011",
        "period": "Q2",
        "revenue": 765166000,
        "costOfRevenue": 255106000,
        "grossProfit": 510060000,
        "grossProfitRatio": 0.6666004501,
        "researchAndDevelopmentExpenses": 0,
        "generalAndAdministrativeExpenses": 40238000,
        "sellingAndMarketingExpenses": 0,
        "sellingGeneralAndAdministrativeExpenses": 40238000,
        "otherExpenses": 187280000,
        "operatingExpenses": 227518000,
        "costAndExpenses": 482624000,
        "interestIncome": 0,
        "interestExpense": 6170000,
        "depreciationAndAmortization": 172368000,
        "ebitda": 454979000,
        "ebitdaratio": 0.5946147633,
        "operatingIncome": 282542000,
        "operatingIncomeRatio": 0.3692558216,
        "totalOtherIncomeExpensesNet": -6101000,
        "incomeBeforeTax": 276441000,
        "incomeBeforeTaxRatio": 0.3612823884,
        "incomeTaxExpense": 108987000,
        "netIncome": 167454000,
        "netIncomeRatio": 0.2188466294,
        "eps": 0.48,
        "epsdiluted": 0.48,
        "weightedAverageShsOut": 347132830,
        "weightedAverageShsOutDil": 349970819,
        "link": "https://www.sec.gov/Archives/edgar/data/7332/000000733211000019/0000007332-11-000019-index.htm",
        "finalLink": "https://www.sec.gov/Archives/edgar/data/7332/000000733211000019/swn063011form10q.htm"
    },
    {
        "date": "2011-03-31",
        "symbol": "SWN",
        "reportedCurrency": "USD",
        "cik": "0000007332",
        "fillingDate": "2011-04-28",
        "acceptedDate": "2011-04-28 17:24:16",
        "calendarYear": "2011",
        "period": "Q1",
        "revenue": 676335000,
        "costOfRevenue": 227028000,
        "grossProfit": 449307000,
        "grossProfitRatio": 0.6643261106,
        "researchAndDevelopmentExpenses": 0,
        "generalAndAdministrativeExpenses": 37117000,
        "sellingAndMarketingExpenses": 0,
        "sellingGeneralAndAdministrativeExpenses": 37117000,
        "otherExpenses": 179539000,
        "operatingExpenses": 216656000,
        "costAndExpenses": 443684000,
        "interestIncome": 0,
        "interestExpense": 7436000,
        "depreciationAndAmortization": 164667000,
        "ebitda": 397692000,
        "ebitdaratio": 0.5880103795,
        "operatingIncome": 232651000,
        "operatingIncomeRatio": 0.3439878167,
        "totalOtherIncomeExpensesNet": -7062000,
        "incomeBeforeTax": 225589000,
        "incomeBeforeTaxRatio": 0.3335462456,
        "incomeTaxExpense": 88980000,
        "netIncome": 136609000,
        "netIncomeRatio": 0.2019842238,
        "eps": 0.39,
        "epsdiluted": 0.39,
        "weightedAverageShsOut": 346833906,
        "weightedAverageShsOutDil": 349697327,
        "link": "https://www.sec.gov/Archives/edgar/data/7332/000000733211000010/0000007332-11-000010-index.htm",
        "finalLink": "https://www.sec.gov/Archives/edgar/data/7332/000000733211000010/swn033111form10q.htm"
    },
    {
        "date": "2010-12-31",
        "symbol": "SWN",
        "reportedCurrency": "USD",
        "cik": "0000007332",
        "fillingDate": "2011-02-25",
        "acceptedDate": "2011-02-25 06:02:31",
        "calendarYear": "2010",
        "period": "Q4",
        "revenue": 670431000,
        "costOfRevenue": 204939000,
        "grossProfit": 465492000,
        "grossProfitRatio": 0.694317536,
        "researchAndDevelopmentExpenses": 0,
        "generalAndAdministrativeExpenses": 40828000,
        "sellingAndMarketingExpenses": 0,
        "sellingGeneralAndAdministrativeExpenses": 40828000,
        "otherExpenses": 167979000,
        "operatingExpenses": 208807000,
        "costAndExpenses": 413746000,
        "interestIncome": 0,
        "interestExpense": 6886000,
        "depreciationAndAmortization": 156428000,
        "ebitda": 413275000,
        "ebitdaratio": 0.6164318177,
        "operatingIncome": 256685000,
        "operatingIncomeRatio": 0.3828656491,
        "totalOtherIncomeExpensesNet": -6724000,
        "incomeBeforeTax": 249961000,
        "incomeBeforeTaxRatio": 0.3728362799,
        "incomeTaxExpense": 100543000,
        "netIncome": 149511000,
        "netIncomeRatio": 0.2230072893,
        "eps": 0.43,
        "epsdiluted": 0.43,
        "weightedAverageShsOut": 345581568,
        "weightedAverageShsOutDil": 349310666,
        "link": "https://www.sec.gov/Archives/edgar/data/7332/000000733211000003/0000007332-11-000003-index.htm",
        "finalLink": "https://www.sec.gov/Archives/edgar/data/7332/000000733211000003/swn123110form10k.htm"
    },
    {
        "date": "2010-09-30",
        "symbol": "SWN",
        "reportedCurrency": "USD",
        "cik": "0000007332",
        "fillingDate": "2010-10-28",
        "acceptedDate": "2010-10-28 17:22:33",
        "calendarYear": "2010",
        "period": "Q3",
        "revenue": 682172000,
        "costOfRevenue": 211024000,
        "grossProfit": 471148000,
        "grossProfitRatio": 0.6906586609,
        "researchAndDevelopmentExpenses": 0,
        "generalAndAdministrativeExpenses": 35158000,
        "sellingAndMarketingExpenses": 0,
        "sellingGeneralAndAdministrativeExpenses": 35158000,
        "otherExpenses": 165854000,
        "operatingExpenses": 201012000,
        "costAndExpenses": 412036000,
        "interestIncome": 0,
        "interestExpense": 6589000,
        "depreciationAndAmortization": 151687000,
        "ebitda": 421420000,
        "ebitdaratio": 0.6177620893,
        "operatingIncome": 270136000,
        "operatingIncomeRatio": 0.3959939722,
        "totalOtherIncomeExpensesNet": -6263000,
        "incomeBeforeTax": 263873000,
        "incomeBeforeTaxRatio": 0.3868130032,
        "incomeTaxExpense": 103235000,
        "netIncome": 160741000,
        "netIncomeRatio": 0.2356311898,
        "eps": 0.47,
        "epsdiluted": 0.46,
        "weightedAverageShsOut": 345587569,
        "weightedAverageShsOutDil": 349228576,
        "link": "https://www.sec.gov/Archives/edgar/data/7332/000000733210000041/0000007332-10-000041-index.htm",
        "finalLink": "https://www.sec.gov/Archives/edgar/data/7332/000000733210000041/swn093010form10q.htm"
    },
    {
        "date": "2010-06-30",
        "symbol": "SWN",
        "reportedCurrency": "USD",
        "cik": "0000007332",
        "fillingDate": "2010-08-05",
        "acceptedDate": "2010-08-05 16:37:37",
        "calendarYear": "2010",
        "period": "Q2",
        "revenue": 589943000,
        "costOfRevenue": 192735000,
        "grossProfit": 397208000,
        "grossProfitRatio": 0.6732989458,
        "researchAndDevelopmentExpenses": 0,
        "generalAndAdministrativeExpenses": 36633000,
        "sellingAndMarketingExpenses": 0,
        "sellingGeneralAndAdministrativeExpenses": 36633000,
        "otherExpenses": 154258000,
        "operatingExpenses": 190891000,
        "costAndExpenses": 383626000,
        "interestIncome": 0,
        "interestExpense": 6180000,
        "depreciationAndAmortization": 144409000,
        "ebitda": 350642000,
        "ebitdaratio": 0.5943658964,
        "operatingIncome": 206317000,
        "operatingIncomeRatio": 0.3497236174,
        "totalOtherIncomeExpensesNet": -6264000,
        "incomeBeforeTax": 200053000,
        "incomeBeforeTaxRatio": 0.3391056424,
        "incomeTaxExpense": 78044000,
        "netIncome": 122069000,
        "netIncomeRatio": 0.2069166004,
        "eps": 0.35,
        "epsdiluted": 0.35,
        "weightedAverageShsOut": 345288773,
        "weightedAverageShsOutDil": 349341731,
        "link": "https://www.sec.gov/Archives/edgar/data/7332/000000733210000032/0000007332-10-000032-index.htm",
        "finalLink": "https://www.sec.gov/Archives/edgar/data/7332/000000733210000032/swn063010form10q.htm"
    },
    {
        "date": "2010-03-31",
        "symbol": "SWN",
        "reportedCurrency": "USD",
        "cik": "0000007332",
        "fillingDate": "2010-04-29",
        "acceptedDate": "2010-04-29 17:28:19",
        "calendarYear": "2010",
        "period": "Q1",
        "revenue": 668117000,
        "costOfRevenue": 194234000,
        "grossProfit": 473883000,
        "grossProfitRatio": 0.7092814582,
        "researchAndDevelopmentExpenses": 0,
        "generalAndAdministrativeExpenses": 32944000,
        "sellingAndMarketingExpenses": 0,
        "sellingGeneralAndAdministrativeExpenses": 32944000,
        "otherExpenses": 152849000,
        "operatingExpenses": 185793000,
        "costAndExpenses": 380027000,
        "interestIncome": 0,
        "interestExpense": 6508000,
        "depreciationAndAmortization": 139419000,
        "ebitda": 427532000,
        "ebitdaratio": 0.6399058847,
        "operatingIncome": 288090000,
        "operatingIncomeRatio": 0.4311969311,
        "totalOtherIncomeExpensesNet": -6485000,
        "incomeBeforeTax": 281605000,
        "incomeBeforeTaxRatio": 0.4214905473,
        "incomeTaxExpense": 109837000,
        "netIncome": 171797000,
        "netIncomeRatio": 0.2571361004,
        "eps": 0.5,
        "epsdiluted": 0.49,
        "weightedAverageShsOut": 345099247,
        "weightedAverageShsOutDil": 349397997,
        "link": "https://www.sec.gov/Archives/edgar/data/7332/000000733210000019/0000007332-10-000019-index.htm",
        "finalLink": "https://www.sec.gov/Archives/edgar/data/7332/000000733210000019/swn033110form10q.htm"
    },
    {
        "date": "2009-12-31",
        "symbol": "SWN",
        "reportedCurrency": "USD",
        "cik": "0000007332",
        "fillingDate": "2010-02-25",
        "acceptedDate": "2010-02-25 17:26:00",
        "calendarYear": "2009",
        "period": "Q4",
        "revenue": 624493000,
        "costOfRevenue": 169478000,
        "grossProfit": 455015000,
        "grossProfitRatio": 0.7286150525,
        "researchAndDevelopmentExpenses": 0,
        "generalAndAdministrativeExpenses": 37767000,
        "sellingAndMarketingExpenses": 0,
        "sellingGeneralAndAdministrativeExpenses": 37767000,
        "otherExpenses": 150987000,
        "operatingExpenses": 188754000,
        "costAndExpenses": 358232000,
        "interestIncome": 0,
        "interestExpense": 6611000,
        "depreciationAndAmortization": 138073000,
        "ebitda": 404695000,
        "ebitdaratio": 0.6480376882,
        "operatingIncome": 266261000,
        "operatingIncomeRatio": 0.426363466,
        "totalOtherIncomeExpensesNet": -6250000,
        "incomeBeforeTax": 260011000,
        "incomeBeforeTaxRatio": 0.4163553475,
        "incomeTaxExpense": 102219000,
        "netIncome": 157826000,
        "netIncomeRatio": 0.2527266118,
        "eps": 0.46,
        "epsdiluted": 0.46,
        "weightedAverageShsOut": 343420568,
        "weightedAverageShsOutDil": 343420568,
        "link": "https://www.sec.gov/Archives/edgar/data/7332/000000733210000005/0000007332-10-000005-index.htm",
        "finalLink": "https://www.sec.gov/Archives/edgar/data/7332/000000733210000005/swn123109form10k.htm"
    },
    {
        "date": "2009-09-30",
        "symbol": "SWN",
        "reportedCurrency": "USD",
        "cik": "0000007332",
        "fillingDate": "2009-10-30",
        "acceptedDate": "2009-10-29 18:04:57",
        "calendarYear": "2009",
        "period": "Q3",
        "revenue": 502949000,
        "costOfRevenue": 151854000,
        "grossProfit": 351095000,
        "grossProfitRatio": 0.6980727668,
        "researchAndDevelopmentExpenses": 0,
        "generalAndAdministrativeExpenses": 31942000,
        "sellingAndMarketingExpenses": 0,
        "sellingGeneralAndAdministrativeExpenses": 31942000,
        "otherExpenses": 122115000,
        "operatingExpenses": 154057000,
        "costAndExpenses": 305911000,
        "interestIncome": 0,
        "interestExpense": 5277000,
        "depreciationAndAmortization": 114235000,
        "ebitda": 310871000,
        "ebitdaratio": 0.618096467,
        "operatingIncome": 197038000,
        "operatingIncomeRatio": 0.3917653679,
        "totalOtherIncomeExpensesNet": -4723000,
        "incomeBeforeTax": 192315000,
        "incomeBeforeTaxRatio": 0.3823747537,
        "incomeTaxExpense": 74105000,
        "netIncome": 118254000,
        "netIncomeRatio": 0.2351212548,
        "eps": 0.34,
        "epsdiluted": 0.34,
        "weightedAverageShsOut": 343717232,
        "weightedAverageShsOutDil": 349000241,
        "link": "https://www.sec.gov/Archives/edgar/data/7332/000000733209000034/0000007332-09-000034-index.htm",
        "finalLink": "https://www.sec.gov/Archives/edgar/data/7332/000000733209000034/swn093009form10q.htm"
    },
    {
        "date": "2009-06-30",
        "symbol": "SWN",
        "reportedCurrency": "USD",
        "cik": "0000007332",
        "fillingDate": "2009-07-31",
        "acceptedDate": "2009-07-30 18:53:50",
        "calendarYear": "2009",
        "period": "Q2",
        "revenue": 477520000,
        "costOfRevenue": 121693000,
        "grossProfit": 355827000,
        "grossProfitRatio": 0.7451562238,
        "researchAndDevelopmentExpenses": 0,
        "generalAndAdministrativeExpenses": 29200000,
        "sellingAndMarketingExpenses": 0,
        "sellingGeneralAndAdministrativeExpenses": 29200000,
        "otherExpenses": 124400000,
        "operatingExpenses": 153600000,
        "costAndExpenses": 275293000,
        "interestIncome": 0,
        "interestExpense": 3066000,
        "depreciationAndAmortization": 118336000,
        "ebitda": 320732000,
        "ebitdaratio": 0.6716619199,
        "operatingIncome": 202227000,
        "operatingIncomeRatio": 0.4234943039,
        "totalOtherIncomeExpensesNet": -2897000,
        "incomeBeforeTax": 199330000,
        "incomeBeforeTaxRatio": 0.4174275423,
        "incomeTaxExpense": 78272000,
        "netIncome": 121100000,
        "netIncomeRatio": 0.2536019434,
        "eps": 0.35,
        "epsdiluted": 0.35,
        "weightedAverageShsOut": 342960373,
        "weightedAverageShsOutDil": 348806860,
        "link": "https://www.sec.gov/Archives/edgar/data/7332/000000733209000022/0000007332-09-000022-index.htm",
        "finalLink": "https://www.sec.gov/Archives/edgar/data/7332/000000733209000022/swn063009form10q.htm"
    },
    {
        "date": "2009-03-31",
        "symbol": "SWN",
        "reportedCurrency": "USD",
        "cik": "0000007332",
        "fillingDate": "2009-04-28",
        "acceptedDate": "2009-04-27 20:38:31",
        "calendarYear": "2009",
        "period": "Q1",
        "revenue": 540817000,
        "costOfRevenue": 176352000,
        "grossProfit": 364465000,
        "grossProfitRatio": 0.6739155759,
        "researchAndDevelopmentExpenses": 0,
        "generalAndAdministrativeExpenses": 23709000,
        "sellingAndMarketingExpenses": 0,
        "sellingGeneralAndAdministrativeExpenses": 23709000,
        "otherExpenses": 133436000,
        "operatingExpenses": 157145000,
        "costAndExpenses": 333497000,
        "interestIncome": 0,
        "interestExpense": 3684000,
        "depreciationAndAmortization": 124647000,
        "ebitda": -578924000,
        "ebitdaratio": -1.0704619123,
        "operatingIncome": -700492000,
        "operatingIncomeRatio": -1.2952477455,
        "totalOtherIncomeExpensesNet": -3319000,
        "incomeBeforeTax": -703811000,
        "incomeBeforeTaxRatio": -1.3013847568,
        "incomeTaxExpense": -270959000,
        "netIncome": -432830000,
        "netIncomeRatio": -0.8003261732,
        "eps": -1.26,
        "epsdiluted": -1.26,
        "weightedAverageShsOut": 342570995,
        "weightedAverageShsOutDil": 342570995,
        "link": "https://www.sec.gov/Archives/edgar/data/7332/000000733209000011/0000007332-09-000011-index.htm",
        "finalLink": "https://www.sec.gov/Archives/edgar/data/7332/000000733209000011/swn033109form10q.htm"
    },
    {
        "date": "2008-12-31",
        "symbol": "SWN",
        "reportedCurrency": "USD",
        "cik": "0000007332",
        "fillingDate": "2009-02-26",
        "acceptedDate": "2009-02-26 16:59:33",
        "calendarYear": "2008",
        "period": "Q4",
        "revenue": 500077000,
        "costOfRevenue": 149639000,
        "grossProfit": 350438000,
        "grossProfitRatio": 0.7007680817,
        "researchAndDevelopmentExpenses": 0,
        "generalAndAdministrativeExpenses": 101959000,
        "sellingAndMarketingExpenses": 729671000,
        "sellingGeneralAndAdministrativeExpenses": 31423000,
        "otherExpenses": 148083000,
        "operatingExpenses": 179506000,
        "costAndExpenses": 329145000,
        "interestIncome": 0,
        "interestExpense": 0,
        "depreciationAndAmortization": 114350000,
        "ebitda": 285282000,
        "ebitdaratio": 0.5704761467,
        "operatingIncome": 170932000,
        "operatingIncomeRatio": 0.3418113611,
        "totalOtherIncomeExpensesNet": 34000,
        "incomeBeforeTax": 170966000,
        "incomeBeforeTaxRatio": 0.3418793506,
        "incomeTaxExpense": 66767000,
        "netIncome": 104199000,
        "netIncomeRatio": 0.2083659116,
        "eps": 0.31,
        "epsdiluted": 0.3,
        "weightedAverageShsOut": 341621814,
        "weightedAverageShsOutDil": 346245938,
        "link": "https://www.sec.gov/Archives/edgar/data/7332/000000733209000004/0000007332-09-000004-index.htm",
        "finalLink": "https://www.sec.gov/Archives/edgar/data/7332/000000733209000004/swn123108form10k.htm"
    },
    {
        "date": "2008-09-30",
        "symbol": "SWN",
        "reportedCurrency": "USD",
        "cik": "0000007332",
        "fillingDate": "2008-10-30",
        "acceptedDate": "2008-10-30 17:12:49",
        "calendarYear": "2008",
        "period": "Q3",
        "revenue": 682999000,
        "costOfRevenue": 225149000,
        "grossProfit": 457850000,
        "grossProfitRatio": 0.6703523724,
        "researchAndDevelopmentExpenses": 0,
        "generalAndAdministrativeExpenses": 21055000,
        "sellingAndMarketingExpenses": 0,
        "sellingGeneralAndAdministrativeExpenses": 21055000,
        "otherExpenses": 137755000,
        "operatingExpenses": 158810000,
        "costAndExpenses": 383959000,
        "interestIncome": 0,
        "interestExpense": 482000,
        "depreciationAndAmortization": 105390000,
        "ebitda": 404430000,
        "ebitdaratio": 0.5921384951,
        "operatingIncome": 299040000,
        "operatingIncomeRatio": 0.4378337304,
        "totalOtherIncomeExpensesNet": 52843000,
        "incomeBeforeTax": 351883000,
        "incomeBeforeTaxRatio": 0.5152028041,
        "incomeTaxExpense": 133715000,
        "netIncome": 218168000,
        "netIncomeRatio": 0.3194265292,
        "eps": 0.64,
        "epsdiluted": 0.63,
        "weightedAverageShsOut": 342312845,
        "weightedAverageShsOutDil": 346712565,
        "link": "https://www.sec.gov/Archives/edgar/data/7332/000000733208000064/0000007332-08-000064-index.htm",
        "finalLink": "https://www.sec.gov/Archives/edgar/data/7332/000000733208000064/swn093008form10q.htm"
    },
    {
        "date": "2008-06-30",
        "symbol": "SWN",
        "reportedCurrency": "USD",
        "cik": "0000007332",
        "fillingDate": "2008-07-30",
        "acceptedDate": "2008-07-30 17:00:37",
        "calendarYear": "2008",
        "period": "Q2",
        "revenue": 604370000,
        "costOfRevenue": 212433000,
        "grossProfit": 391937000,
        "grossProfitRatio": 0.6485050549,
        "researchAndDevelopmentExpenses": 0,
        "generalAndAdministrativeExpenses": 25741000,
        "sellingAndMarketingExpenses": 0,
        "sellingGeneralAndAdministrativeExpenses": 25741000,
        "otherExpenses": 136910000,
        "operatingExpenses": 162651000,
        "costAndExpenses": 375084000,
        "interestIncome": 0,
        "interestExpense": 619000,
        "depreciationAndAmortization": 98776000,
        "ebitda": 327893000,
        "ebitdaratio": 0.5425368566,
        "operatingIncome": 229286000,
        "operatingIncomeRatio": 0.379380181,
        "totalOtherIncomeExpensesNet": -8828000,
        "incomeBeforeTax": 220243000,
        "incomeBeforeTaxRatio": 0.3644174926,
        "incomeTaxExpense": 83693000,
        "netIncome": 136550000,
        "netIncomeRatio": 0.2259377534,
        "eps": 0.4,
        "epsdiluted": 0.39,
        "weightedAverageShsOut": 341402888,
        "weightedAverageShsOutDil": 346551198,
        "link": "https://www.sec.gov/Archives/edgar/data/7332/000000733208000055/0000007332-08-000055-index.htm",
        "finalLink": "https://www.sec.gov/Archives/edgar/data/7332/000000733208000055/swn063008form10q.htm"
    },
    {
        "date": "2008-03-31",
        "symbol": "SWN",
        "reportedCurrency": "USD",
        "cik": "0000007332",
        "fillingDate": "2008-04-28",
        "acceptedDate": "2008-04-28 17:18:19",
        "calendarYear": "2008",
        "period": "Q1",
        "revenue": 524106000,
        "costOfRevenue": 184347000,
        "grossProfit": 339759000,
        "grossProfitRatio": 0.6482639008,
        "researchAndDevelopmentExpenses": 0,
        "generalAndAdministrativeExpenses": 23740000,
        "sellingAndMarketingExpenses": 0,
        "sellingGeneralAndAdministrativeExpenses": 23740000,
        "otherExpenses": 128509000,
        "operatingExpenses": 152249000,
        "costAndExpenses": 336596000,
        "interestIncome": 0,
        "interestExpense": 648000,
        "depreciationAndAmortization": 97635000,
        "ebitda": 285138000,
        "ebitdaratio": 0.5440464334,
        "operatingIncome": 187510000,
        "operatingIncomeRatio": 0.3577711379,
        "totalOtherIncomeExpensesNet": -11522000,
        "incomeBeforeTax": 175853000,
        "incomeBeforeTaxRatio": 0.335529454,
        "incomeTaxExpense": 66824000,
        "netIncome": 109029000,
        "netIncomeRatio": 0.2080285286,
        "eps": 0.32,
        "epsdiluted": 0.31,
        "weightedAverageShsOut": 341064247,
        "weightedAverageShsOutDil": 348196507,
        "link": "https://www.sec.gov/Archives/edgar/data/7332/000000733208000044/0000007332-08-000044-index.htm",
        "finalLink": "https://www.sec.gov/Archives/edgar/data/7332/000000733208000044/swn033108form10q.htm"
    },
    {
        "date": "2007-12-31",
        "symbol": "SWN",
        "reportedCurrency": "USD",
        "cik": "0000007332",
        "fillingDate": "2008-02-28",
        "acceptedDate": "2008-02-28 17:27:29",
        "calendarYear": "2007",
        "period": "Q4",
        "revenue": 402775000,
        "costOfRevenue": 133017000,
        "grossProfit": 269758000,
        "grossProfitRatio": 0.669748619,
        "researchAndDevelopmentExpenses": 0,
        "generalAndAdministrativeExpenses": 0,
        "sellingAndMarketingExpenses": 0,
        "sellingGeneralAndAdministrativeExpenses": 25487000,
        "otherExpenses": 118023000,
        "operatingExpenses": 143510000,
        "costAndExpenses": 276527000,
        "interestIncome": 0,
        "interestExpense": 0,
        "depreciationAndAmortization": 90670000,
        "ebitda": 216918000,
        "ebitdaratio": 0.5385587487,
        "operatingIncome": 126248000,
        "operatingIncomeRatio": 0.313445472,
        "totalOtherIncomeExpensesNet": -10415000,
        "incomeBeforeTax": 115833000,
        "incomeBeforeTaxRatio": 0.2875873627,
        "incomeTaxExpense": 44201000,
        "netIncome": 71632000,
        "netIncomeRatio": 0.177846192,
        "eps": 0.21,
        "epsdiluted": 0.21,
        "weightedAverageShsOut": 338953446,
        "weightedAverageShsOutDil": 347442660,
        "link": "https://www.sec.gov/Archives/edgar/data/7332/000000733208000026/0000007332-08-000026-index.htm",
        "finalLink": "https://www.sec.gov/Archives/edgar/data/7332/000000733208000026/swn123107form10k.htm"
    },
    {
        "date": "2007-09-30",
        "symbol": "SWN",
        "reportedCurrency": "USD",
        "cik": "0000007332",
        "fillingDate": "2007-11-07",
        "acceptedDate": "2007-11-07 17:00:47",
        "calendarYear": "2007",
        "period": "Q3",
        "revenue": 297622000,
        "costOfRevenue": 80651000,
        "grossProfit": 216971000,
        "grossProfitRatio": 0.7290153282,
        "researchAndDevelopmentExpenses": 0,
        "generalAndAdministrativeExpenses": 20099000,
        "sellingAndMarketingExpenses": 0,
        "sellingGeneralAndAdministrativeExpenses": 20099000,
        "otherExpenses": 107419000,
        "operatingExpenses": 127518000,
        "costAndExpenses": 208169000,
        "interestIncome": 0,
        "interestExpense": 173000,
        "depreciationAndAmortization": 81775000,
        "ebitda": 171228000,
        "ebitdaratio": 0.5753203728,
        "operatingIncome": 89453000,
        "operatingIncomeRatio": 0.3005590985,
        "totalOtherIncomeExpensesNet": -7260000,
        "incomeBeforeTax": 82193000,
        "incomeBeforeTaxRatio": 0.2761657404,
        "incomeTaxExpense": 31233000,
        "netIncome": 50960000,
        "netIncomeRatio": 0.1712239015,
        "eps": 0.15,
        "epsdiluted": 0.15,
        "weightedAverageShsOut": 339591040,
        "weightedAverageShsOutDil": 345088224,
        "link": "https://www.sec.gov/Archives/edgar/data/7332/000000733207000121/0000007332-07-000121-index.htm",
        "finalLink": "https://www.sec.gov/Archives/edgar/data/7332/000000733207000121/swn093007form10q.htm"
    },
    {
        "date": "2007-06-30",
        "symbol": "SWN",
        "reportedCurrency": "USD",
        "cik": "0000007332",
        "fillingDate": "2007-07-31",
        "acceptedDate": "2007-07-31 17:12:34",
        "calendarYear": "2007",
        "period": "Q2",
        "revenue": 270082000,
        "costOfRevenue": 76915000,
        "grossProfit": 193167000,
        "grossProfitRatio": 0.7152161195,
        "researchAndDevelopmentExpenses": 0,
        "generalAndAdministrativeExpenses": 17935000,
        "sellingAndMarketingExpenses": 0,
        "sellingGeneralAndAdministrativeExpenses": 17935000,
        "otherExpenses": 93226000,
        "operatingExpenses": 111161000,
        "costAndExpenses": 188076000,
        "interestIncome": 0,
        "interestExpense": 545000,
        "depreciationAndAmortization": 66773000,
        "ebitda": 148779000,
        "ebitdaratio": 0.5508660333,
        "operatingIncome": 82006000,
        "operatingIncomeRatio": 0.3036337112,
        "totalOtherIncomeExpensesNet": -5242000,
        "incomeBeforeTax": 76764000,
        "incomeBeforeTaxRatio": 0.284224791,
        "incomeTaxExpense": 29170000,
        "netIncome": 47594000,
        "netIncomeRatio": 0.1762205552,
        "eps": 0.14,
        "epsdiluted": 0.14,
        "weightedAverageShsOut": 338933824,
        "weightedAverageShsOutDil": 345001082,
        "link": "https://www.sec.gov/Archives/edgar/data/7332/000000733207000082/0000007332-07-000082-index.htm",
        "finalLink": "https://www.sec.gov/Archives/edgar/data/7332/000000733207000082/swn073107form10q.htm"
    },
    {
        "date": "2007-03-31",
        "symbol": "SWN",
        "reportedCurrency": "USD",
        "cik": "0000007332",
        "fillingDate": "2007-05-01",
        "acceptedDate": "2007-04-30 19:36:39",
        "calendarYear": "2007",
        "period": "Q1",
        "revenue": 284652000,
        "costOfRevenue": 101198000,
        "grossProfit": 183454000,
        "grossProfitRatio": 0.644485196,
        "researchAndDevelopmentExpenses": 0,
        "generalAndAdministrativeExpenses": 66112000,
        "sellingAndMarketingExpenses": 136698000,
        "sellingGeneralAndAdministrativeExpenses": 16748000,
        "otherExpenses": 82947000,
        "operatingExpenses": 99695000,
        "costAndExpenses": 200893000,
        "interestIncome": 0,
        "interestExpense": 0,
        "depreciationAndAmortization": 56114000,
        "ebitda": 139873000,
        "ebitdaratio": 0.49138246,
        "operatingIncome": 83759000,
        "operatingIncomeRatio": 0.2942505234,
        "totalOtherIncomeExpensesNet": -1520000,
        "incomeBeforeTax": 82239000,
        "incomeBeforeTaxRatio": 0.2889106699,
        "incomeTaxExpense": 31251000,
        "netIncome": 50988000,
        "netIncomeRatio": 0.179123983,
        "eps": 0.15,
        "epsdiluted": 0.15,
        "weightedAverageShsOut": 337202714,
        "weightedAverageShsOutDil": 344064964,
        "link": "https://www.sec.gov/Archives/edgar/data/7332/000000733207000045/0000007332-07-000045-index.htm",
        "finalLink": "https://www.sec.gov/Archives/edgar/data/7332/000000733207000045/swn043007form10q.htm"
    },
    {
        "date": "2006-12-31",
        "symbol": "SWN",
        "reportedCurrency": "USD",
        "cik": "0000007332",
        "fillingDate": "2006-12-31",
        "acceptedDate": "2006-12-31 00:00:00",
        "calendarYear": "2006",
        "period": "Q4",
        "revenue": 214017000,
        "costOfRevenue": 65282000,
        "grossProfit": 148735000,
        "grossProfitRatio": 0.6949681567,
        "researchAndDevelopmentExpenses": 0,
        "generalAndAdministrativeExpenses": 0,
        "sellingAndMarketingExpenses": 0,
        "sellingGeneralAndAdministrativeExpenses": 19374000,
        "otherExpenses": 74305000,
        "operatingExpenses": 93679000,
        "costAndExpenses": 158961000,
        "interestIncome": 0,
        "interestExpense": 0,
        "depreciationAndAmortization": 51094000,
        "ebitda": 106150000,
        "ebitdaratio": 0.4959886364,
        "operatingIncome": 55056000,
        "operatingIncomeRatio": 0.2572505922,
        "totalOtherIncomeExpensesNet": -885000,
        "incomeBeforeTax": 54171000,
        "incomeBeforeTaxRatio": 0.2531154067,
        "incomeTaxExpense": 20411000,
        "netIncome": 33760000,
        "netIncomeRatio": 0.1577444782,
        "eps": 0.1,
        "epsdiluted": 0.0985,
        "weightedAverageShsOut": 334606282,
        "weightedAverageShsOutDil": 342575500,
        "link": null,
        "finalLink": null
    },
    {
        "date": "2006-09-30",
        "symbol": "SWN",
        "reportedCurrency": "USD",
        "cik": "0000007332",
        "fillingDate": "2006-10-23",
        "acceptedDate": "2006-10-23 17:28:47",
        "calendarYear": "2006",
        "period": "Q3",
        "revenue": 168394000,
        "costOfRevenue": 33488000,
        "grossProfit": 134906000,
        "grossProfitRatio": 0.801133057,
        "researchAndDevelopmentExpenses": 0,
        "generalAndAdministrativeExpenses": 0,
        "sellingAndMarketingExpenses": 0,
        "sellingGeneralAndAdministrativeExpenses": 16947000,
        "otherExpenses": 64841000,
        "operatingExpenses": 81788000,
        "costAndExpenses": 115276000,
        "interestIncome": 0,
        "interestExpense": 0,
        "depreciationAndAmortization": 40768000,
        "ebitda": 93886000,
        "ebitdaratio": 0.5575376795,
        "operatingIncome": 53118000,
        "operatingIncomeRatio": 0.3154387924,
        "totalOtherIncomeExpensesNet": 877000,
        "incomeBeforeTax": 53995000,
        "incomeBeforeTaxRatio": 0.3206468164,
        "incomeTaxExpense": 20518000,
        "netIncome": 33477000,
        "netIncomeRatio": 0.19880162,
        "eps": 0.1,
        "epsdiluted": 0.1,
        "weightedAverageShsOut": 335028498,
        "weightedAverageShsOutDil": 343156208,
        "link": "",
        "finalLink": ""
    },
    {
        "date": "2006-06-30",
        "symbol": "SWN",
        "reportedCurrency": "USD",
        "cik": "0000007332",
        "fillingDate": "2006-08-01",
        "acceptedDate": "2006-08-01 17:09:42",
        "calendarYear": "2006",
        "period": "Q2",
        "revenue": 153999000,
        "costOfRevenue": 35197000,
        "grossProfit": 118802000,
        "grossProfitRatio": 0.7714465678,
        "researchAndDevelopmentExpenses": 0,
        "generalAndAdministrativeExpenses": 15238000,
        "sellingAndMarketingExpenses": 0,
        "sellingGeneralAndAdministrativeExpenses": 15238000,
        "otherExpenses": 55270000,
        "operatingExpenses": 70508000,
        "costAndExpenses": 105705000,
        "interestIncome": 0,
        "interestExpense": 317000,
        "depreciationAndAmortization": 32254000,
        "ebitda": 80548000,
        "ebitdaratio": 0.5230423574,
        "operatingIncome": 48294000,
        "operatingIncomeRatio": 0.313599439,
        "totalOtherIncomeExpensesNet": 13031000,
        "incomeBeforeTax": 61325000,
        "incomeBeforeTaxRatio": 0.3982168715,
        "incomeTaxExpense": 24321000,
        "netIncome": 37004000,
        "netIncomeRatio": 0.2402872746,
        "eps": 0.11,
        "epsdiluted": 0.11,
        "weightedAverageShsOut": 334089178,
        "weightedAverageShsOutDil": 341777678,
        "link": "https://www.sec.gov/Archives/edgar/data/7332/000000733206000077/0000007332-06-000077-index.htm",
        "finalLink": "https://www.sec.gov/Archives/edgar/data/7332/000000733206000077/swn080106form10q.htm"
    },
    {
        "date": "2006-03-31",
        "symbol": "SWN",
        "reportedCurrency": "USD",
        "cik": "0000007332",
        "fillingDate": "2006-03-31",
        "acceptedDate": "2006-03-31 00:00:00",
        "calendarYear": "2006",
        "period": "Q1",
        "revenue": 226702000,
        "costOfRevenue": 73783000,
        "grossProfit": 152919000,
        "grossProfitRatio": 0.6745374986,
        "researchAndDevelopmentExpenses": 0,
        "generalAndAdministrativeExpenses": 0,
        "sellingAndMarketingExpenses": 0,
        "sellingGeneralAndAdministrativeExpenses": 14553000,
        "otherExpenses": 48562000,
        "operatingExpenses": 63115000,
        "costAndExpenses": 136898000,
        "interestIncome": 0,
        "interestExpense": 0,
        "depreciationAndAmortization": 28403000,
        "ebitda": 118207000,
        "ebitdaratio": 0.5214201904,
        "operatingIncome": 89804000,
        "operatingIncomeRatio": 0.3961323676,
        "totalOtherIncomeExpensesNet": 2740000,
        "incomeBeforeTax": 92544000,
        "incomeBeforeTaxRatio": 0.4082187188,
        "incomeTaxExpense": 34149000,
        "netIncome": 58395000,
        "netIncomeRatio": 0.2575848471,
        "eps": 0.18,
        "epsdiluted": 0.17,
        "weightedAverageShsOut": 333555120,
        "weightedAverageShsOutDil": 341893002,
        "link": null,
        "finalLink": null
    },
    {
        "date": "2005-12-31",
        "symbol": "SWN",
        "reportedCurrency": "USD",
        "cik": "0000007332",
        "fillingDate": "2005-12-31",
        "acceptedDate": "2005-12-31 00:00:00",
        "calendarYear": "2005",
        "period": "Q4",
        "revenue": 220686000,
        "costOfRevenue": 79647000,
        "grossProfit": 141039000,
        "grossProfitRatio": 0.6390935537,
        "researchAndDevelopmentExpenses": 0,
        "generalAndAdministrativeExpenses": 0,
        "sellingAndMarketingExpenses": 0,
        "sellingGeneralAndAdministrativeExpenses": 16602000,
        "otherExpenses": 49125000,
        "operatingExpenses": 65727000,
        "costAndExpenses": 145374000,
        "interestIncome": 0,
        "interestExpense": 0,
        "depreciationAndAmortization": 27759000,
        "ebitda": 103071000,
        "ebitdaratio": 0.4670482042,
        "operatingIncome": 75312000,
        "operatingIncomeRatio": 0.3412631522,
        "totalOtherIncomeExpensesNet": 2434000,
        "incomeBeforeTax": 77746000,
        "incomeBeforeTaxRatio": 0.3522923973,
        "incomeTaxExpense": 28890000,
        "netIncome": 48856000,
        "netIncomeRatio": 0.2213824166,
        "eps": 0.16,
        "epsdiluted": 0.16,
        "weightedAverageShsOut": 301785204,
        "weightedAverageShsOutDil": 312618078,
        "link": null,
        "finalLink": null
    },
    {
        "date": "2005-09-30",
        "symbol": "SWN",
        "reportedCurrency": "USD",
        "cik": "0000007332",
        "fillingDate": "2005-10-27",
        "acceptedDate": "2005-10-27 17:27:15",
        "calendarYear": "2005",
        "period": "Q3",
        "revenue": 162127000,
        "costOfRevenue": 36741000,
        "grossProfit": 125386000,
        "grossProfitRatio": 0.7733813615,
        "researchAndDevelopmentExpenses": 0,
        "generalAndAdministrativeExpenses": 0,
        "sellingAndMarketingExpenses": 0,
        "sellingGeneralAndAdministrativeExpenses": 11437000,
        "otherExpenses": 46748000,
        "operatingExpenses": 58185000,
        "costAndExpenses": 94926000,
        "interestIncome": 0,
        "interestExpense": 0,
        "depreciationAndAmortization": 26535000,
        "ebitda": 93736000,
        "ebitdaratio": 0.5781640319,
        "operatingIncome": 67201000,
        "operatingIncomeRatio": 0.4144960432,
        "totalOtherIncomeExpensesNet": -4761000,
        "incomeBeforeTax": 62440000,
        "incomeBeforeTaxRatio": 0.3851301757,
        "incomeTaxExpense": 22971000,
        "netIncome": 39469000,
        "netIncomeRatio": 0.2434449536,
        "eps": 0.13,
        "epsdiluted": 0.13,
        "weightedAverageShsOut": 296385296,
        "weightedAverageShsOutDil": 307329200,
        "link": "",
        "finalLink": ""
    },
    {
        "date": "2005-06-30",
        "symbol": "SWN",
        "reportedCurrency": "USD",
        "cik": "0000007332",
        "fillingDate": "2005-07-26",
        "acceptedDate": "2005-07-26 16:21:26",
        "calendarYear": "2005",
        "period": "Q2",
        "revenue": 132463000,
        "costOfRevenue": 34010000,
        "grossProfit": 98453000,
        "grossProfitRatio": 0.7432490582,
        "researchAndDevelopmentExpenses": 0,
        "generalAndAdministrativeExpenses": 0,
        "sellingAndMarketingExpenses": 0,
        "sellingGeneralAndAdministrativeExpenses": 10308000,
        "otherExpenses": 40964000,
        "operatingExpenses": 51272000,
        "costAndExpenses": 85282000,
        "interestIncome": 0,
        "interestExpense": 0,
        "depreciationAndAmortization": 24007000,
        "ebitda": 71828000,
        "ebitdaratio": 0.5422495338,
        "operatingIncome": 47181000,
        "operatingIncomeRatio": 0.3561824811,
        "totalOtherIncomeExpensesNet": -4955000,
        "incomeBeforeTax": 42226000,
        "incomeBeforeTaxRatio": 0.3187758091,
        "incomeTaxExpense": 15412000,
        "netIncome": 26814000,
        "netIncomeRatio": 0.2024263379,
        "eps": 0.0925,
        "epsdiluted": 0.09,
        "weightedAverageShsOut": 289899948,
        "weightedAverageShsOutDil": 300808132,
        "link": "",
        "finalLink": ""
    },
    {
        "date": "2005-03-31",
        "symbol": "SWN",
        "reportedCurrency": "USD",
        "cik": "0000007332",
        "fillingDate": "2005-04-29",
        "acceptedDate": "2005-04-29 17:09:55",
        "calendarYear": "2005",
        "period": "Q1",
        "revenue": 161053000,
        "costOfRevenue": 57021000,
        "grossProfit": 104032000,
        "grossProfitRatio": 0.6459488491,
        "researchAndDevelopmentExpenses": 0,
        "generalAndAdministrativeExpenses": 10303000,
        "sellingAndMarketingExpenses": 0,
        "sellingGeneralAndAdministrativeExpenses": 10303000,
        "otherExpenses": 37503000,
        "operatingExpenses": 47806000,
        "costAndExpenses": 104827000,
        "interestIncome": 0,
        "interestExpense": 310000,
        "depreciationAndAmortization": 21257000,
        "ebitda": 76843000,
        "ebitdaratio": 0.4771286471,
        "operatingIncome": 56226000,
        "operatingIncomeRatio": 0.3491148876,
        "totalOtherIncomeExpensesNet": -4447000,
        "incomeBeforeTax": 51779000,
        "incomeBeforeTaxRatio": 0.3215028593,
        "incomeTaxExpense": 19158000,
        "netIncome": 32621000,
        "netIncomeRatio": 0.2025482295,
        "eps": 0.12,
        "epsdiluted": 0.11,
        "weightedAverageShsOut": 289006880,
        "weightedAverageShsOutDil": 299649016,
        "link": "https://www.sec.gov/Archives/edgar/data/7332/000000733205000038/0000007332-05-000038-index.htm",
        "finalLink": "https://www.sec.gov/Archives/edgar/data/7332/000000733205000038/swn042905form10q.htm"
    },
    {
        "date": "2004-12-31",
        "symbol": "SWN",
        "reportedCurrency": "USD",
        "cik": "0000007332",
        "fillingDate": "2005-03-08",
        "acceptedDate": "2005-03-08 16:29:39",
        "calendarYear": "2004",
        "period": "Q4",
        "revenue": 149525000,
        "costOfRevenue": 45943000,
        "grossProfit": 103582000,
        "grossProfitRatio": 0.6927403444,
        "researchAndDevelopmentExpenses": 0,
        "generalAndAdministrativeExpenses": 36074000,
        "sellingAndMarketingExpenses": 65127000,
        "sellingGeneralAndAdministrativeExpenses": 10649000,
        "otherExpenses": 37636000,
        "operatingExpenses": 48285000,
        "costAndExpenses": 94228000,
        "interestIncome": 0,
        "interestExpense": 0,
        "depreciationAndAmortization": 22007000,
        "ebitda": 77304000,
        "ebitdaratio": 0.5169971577,
        "operatingIncome": 55297000,
        "operatingIncomeRatio": 0.3698177562,
        "totalOtherIncomeExpensesNet": -4103000,
        "incomeBeforeTax": 51194000,
        "incomeBeforeTaxRatio": 0.3423775288,
        "incomeTaxExpense": 18279000,
        "netIncome": 32915000,
        "netIncomeRatio": 0.220130413,
        "eps": 0.12,
        "epsdiluted": 0.11,
        "weightedAverageShsOut": 285804808,
        "weightedAverageShsOutDil": 295702176,
        "link": "https://www.sec.gov/Archives/edgar/data/7332/000000733205000025/0000007332-05-000025-index.htm",
        "finalLink": "https://www.sec.gov/Archives/edgar/data/7332/000000733205000025/swn022805form10k.htm"
    },
    {
        "date": "2004-09-30",
        "symbol": "SWN",
        "reportedCurrency": "USD",
        "cik": "0000007332",
        "fillingDate": "2004-10-28",
        "acceptedDate": "2004-10-28 17:22:21",
        "calendarYear": "2004",
        "period": "Q3",
        "revenue": 111395000,
        "costOfRevenue": 21487000,
        "grossProfit": 89908000,
        "grossProfitRatio": 0.8071098344,
        "researchAndDevelopmentExpenses": 0,
        "generalAndAdministrativeExpenses": 9151000,
        "sellingAndMarketingExpenses": 0,
        "sellingGeneralAndAdministrativeExpenses": 9151000,
        "otherExpenses": 35320000,
        "operatingExpenses": 44471000,
        "costAndExpenses": 65958000,
        "interestIncome": 0,
        "interestExpense": 300000,
        "depreciationAndAmortization": 20971000,
        "ebitda": 132366000,
        "ebitdaratio": 1.1882580008,
        "operatingIncome": 45437000,
        "operatingIncomeRatio": 0.4078908389,
        "totalOtherIncomeExpensesNet": -5121000,
        "incomeBeforeTax": 40316000,
        "incomeBeforeTaxRatio": 0.3619192962,
        "incomeTaxExpense": 14917000,
        "netIncome": 25399000,
        "netIncomeRatio": 0.2280084384,
        "eps": 0.09,
        "epsdiluted": 0.085,
        "weightedAverageShsOut": 286181128,
        "weightedAverageShsOutDil": 296720888,
        "link": "https://www.sec.gov/Archives/edgar/data/7332/000000733204000121/0000007332-04-000121-index.htm",
        "finalLink": "https://www.sec.gov/Archives/edgar/data/7332/000000733204000121/swn102804form10q.htm"
    },
    {
        "date": "2004-06-30",
        "symbol": "SWN",
        "reportedCurrency": "USD",
        "cik": "0000007332",
        "fillingDate": "2004-07-29",
        "acceptedDate": "2004-07-29 17:04:03",
        "calendarYear": "2004",
        "period": "Q2",
        "revenue": 96427000,
        "costOfRevenue": 18090000,
        "grossProfit": 78337000,
        "grossProfitRatio": 0.8123969428,
        "researchAndDevelopmentExpenses": 0,
        "generalAndAdministrativeExpenses": 8264000,
        "sellingAndMarketingExpenses": 0,
        "sellingGeneralAndAdministrativeExpenses": 8264000,
        "otherExpenses": 31827000,
        "operatingExpenses": 40091000,
        "costAndExpenses": 58181000,
        "interestIncome": 0,
        "interestExpense": 316000,
        "depreciationAndAmortization": 17883000,
        "ebitda": 56129000,
        "ebitdaratio": 0.5820880044,
        "operatingIncome": 38246000,
        "operatingIncomeRatio": 0.3966316488,
        "totalOtherIncomeExpensesNet": -5246000,
        "incomeBeforeTax": 33000000,
        "incomeBeforeTaxRatio": 0.3422277993,
        "incomeTaxExpense": 12210000,
        "netIncome": 20790000,
        "netIncomeRatio": 0.2156035135,
        "eps": 0.0725,
        "epsdiluted": 0.07,
        "weightedAverageShsOut": 285371648,
        "weightedAverageShsOutDil": 294602248,
        "link": "https://www.sec.gov/Archives/edgar/data/7332/000000733204000087/0000007332-04-000087-index.htm",
        "finalLink": "https://www.sec.gov/Archives/edgar/data/7332/000000733204000087/swn063004form10q.htm"
    },
    {
        "date": "2004-03-31",
        "symbol": "SWN",
        "reportedCurrency": "USD",
        "cik": "0000007332",
        "fillingDate": "2004-04-29",
        "acceptedDate": "2004-04-29 15:56:22",
        "calendarYear": "2004",
        "period": "Q1",
        "revenue": 119790000,
        "costOfRevenue": 39595000,
        "grossProfit": 80195000,
        "grossProfitRatio": 0.6694632273,
        "researchAndDevelopmentExpenses": 0,
        "generalAndAdministrativeExpenses": 8010000,
        "sellingAndMarketingExpenses": 0,
        "sellingGeneralAndAdministrativeExpenses": 8010000,
        "otherExpenses": 28878000,
        "operatingExpenses": 36888000,
        "costAndExpenses": 76483000,
        "interestIncome": 0,
        "interestExpense": 512000,
        "depreciationAndAmortization": 16489000,
        "ebitda": 59796000,
        "ebitdaratio": 0.4991735537,
        "operatingIncome": 43307000,
        "operatingIncomeRatio": 0.3615243343,
        "totalOtherIncomeExpensesNet": -4463000,
        "incomeBeforeTax": 38844000,
        "incomeBeforeTaxRatio": 0.3242674681,
        "incomeTaxExpense": 14372000,
        "netIncome": 24472000,
        "netIncomeRatio": 0.2042908423,
        "eps": 0.0862,
        "epsdiluted": 0.0838,
        "weightedAverageShsOut": 284395624,
        "weightedAverageShsOutDil": 292916624,
        "link": "https://www.sec.gov/Archives/edgar/data/7332/000000733204000051/0000007332-04-000051-index.htm",
        "finalLink": "https://www.sec.gov/Archives/edgar/data/7332/000000733204000051/swn042604form10q.htm"
    },
    {
        "date": "2003-12-31",
        "symbol": "SWN",
        "reportedCurrency": "USD",
        "cik": "0000007332",
        "fillingDate": "2004-02-25",
        "acceptedDate": "2004-02-25 16:58:47",
        "calendarYear": "2003",
        "period": "Q4",
        "revenue": 91191000,
        "costOfRevenue": 27837000,
        "grossProfit": 63354000,
        "grossProfitRatio": 0.6947396125,
        "researchAndDevelopmentExpenses": 0,
        "generalAndAdministrativeExpenses": 33102000,
        "sellingAndMarketingExpenses": 43313000,
        "sellingGeneralAndAdministrativeExpenses": 9619000,
        "otherExpenses": 26720000,
        "operatingExpenses": 36339000,
        "costAndExpenses": 64176000,
        "interestIncome": 0,
        "interestExpense": 0,
        "depreciationAndAmortization": 15658000,
        "ebitda": 42673000,
        "ebitdaratio": 0.4679518812,
        "operatingIncome": 27015000,
        "operatingIncomeRatio": 0.2962463401,
        "totalOtherIncomeExpensesNet": -4659000,
        "incomeBeforeTax": 22356000,
        "incomeBeforeTaxRatio": 0.245155772,
        "incomeTaxExpense": 7505000,
        "netIncome": 14851000,
        "netIncomeRatio": 0.1628559836,
        "eps": 0.0556,
        "epsdiluted": 0.0542,
        "weightedAverageShsOut": 267168416,
        "weightedAverageShsOutDil": 273903472,
        "link": "https://www.sec.gov/Archives/edgar/data/7332/000000733204000020/0000007332-04-000020-index.htm",
        "finalLink": "https://www.sec.gov/Archives/edgar/data/7332/000000733204000020/swn2003form10k.htm"
    },
    {
        "date": "2003-09-30",
        "symbol": "SWN",
        "reportedCurrency": "USD",
        "cik": "0000007332",
        "fillingDate": "2003-10-30",
        "acceptedDate": "2003-10-30 15:32:09",
        "calendarYear": "2003",
        "period": "Q3",
        "revenue": 71068000,
        "costOfRevenue": 12521000,
        "grossProfit": 58547000,
        "grossProfitRatio": 0.8238166263,
        "researchAndDevelopmentExpenses": 0,
        "generalAndAdministrativeExpenses": 7937000,
        "sellingAndMarketingExpenses": 0,
        "sellingGeneralAndAdministrativeExpenses": 7937000,
        "otherExpenses": 27903000,
        "operatingExpenses": 35840000,
        "costAndExpenses": 48361000,
        "interestIncome": 0,
        "interestExpense": 350000,
        "depreciationAndAmortization": 15462000,
        "ebitda": 38169000,
        "ebitdaratio": 0.5370771655,
        "operatingIncome": 22707000,
        "operatingIncomeRatio": 0.319510891,
        "totalOtherIncomeExpensesNet": -5162000,
        "incomeBeforeTax": 17545000,
        "incomeBeforeTaxRatio": 0.2468762312,
        "incomeTaxExpense": 6667000,
        "netIncome": 10878000,
        "netIncomeRatio": 0.1530646705,
        "eps": 0.0388,
        "epsdiluted": 0.0375,
        "weightedAverageShsOut": 280722640,
        "weightedAverageShsOutDil": 288225256,
        "link": "https://www.sec.gov/Archives/edgar/data/7332/000000733203000087/0000007332-03-000087-index.htm",
        "finalLink": "https://www.sec.gov/Archives/edgar/data/7332/000000733203000087/swn103003form10q.htm"
    },
    {
        "date": "2003-06-30",
        "symbol": "SWN",
        "reportedCurrency": "USD",
        "cik": "0000007332",
        "fillingDate": "2003-07-29",
        "acceptedDate": "2003-07-29 16:36:35",
        "calendarYear": "2003",
        "period": "Q2",
        "revenue": 66487000,
        "costOfRevenue": 13049000,
        "grossProfit": 53438000,
        "grossProfitRatio": 0.8037360687,
        "researchAndDevelopmentExpenses": 0,
        "generalAndAdministrativeExpenses": 7663000,
        "sellingAndMarketingExpenses": 0,
        "sellingGeneralAndAdministrativeExpenses": 7663000,
        "otherExpenses": 25829000,
        "operatingExpenses": 33492000,
        "costAndExpenses": 46541000,
        "interestIncome": 0,
        "interestExpense": 337000,
        "depreciationAndAmortization": 14563000,
        "ebitda": 34509000,
        "ebitdaratio": 0.5190337961,
        "operatingIncome": 19946000,
        "operatingIncomeRatio": 0.2999984959,
        "totalOtherIncomeExpensesNet": -4583000,
        "incomeBeforeTax": 15363000,
        "incomeBeforeTaxRatio": 0.2310677275,
        "incomeTaxExpense": 5837000,
        "netIncome": 9526000,
        "netIncomeRatio": 0.1432761292,
        "eps": 0.0338,
        "epsdiluted": 0.0325,
        "weightedAverageShsOut": 280425368,
        "weightedAverageShsOutDil": 288701808,
        "link": "https://www.sec.gov/Archives/edgar/data/7332/000000733203000059/0000007332-03-000059-index.htm",
        "finalLink": "https://www.sec.gov/Archives/edgar/data/7332/000000733203000059/swn072903form10q.htm"
    },
    {
        "date": "2003-03-31",
        "symbol": "SWN",
        "reportedCurrency": "USD",
        "cik": "0000007332",
        "fillingDate": "2003-04-24",
        "acceptedDate": "2003-04-24 17:20:57",
        "calendarYear": "2003",
        "period": "Q1",
        "revenue": 98655000,
        "costOfRevenue": 38606000,
        "grossProfit": 60049000,
        "grossProfitRatio": 0.6086767016,
        "researchAndDevelopmentExpenses": 0,
        "generalAndAdministrativeExpenses": 7883000,
        "sellingAndMarketingExpenses": 0,
        "sellingGeneralAndAdministrativeExpenses": 7883000,
        "otherExpenses": 24492000,
        "operatingExpenses": 32375000,
        "costAndExpenses": 70981000,
        "interestIncome": 0,
        "interestExpense": 385000,
        "depreciationAndAmortization": 13105000,
        "ebitda": 40779000,
        "ebitdaratio": 0.4133495515,
        "operatingIncome": 27674000,
        "operatingIncomeRatio": 0.2805128985,
        "totalOtherIncomeExpensesNet": -4290000,
        "incomeBeforeTax": 23384000,
        "incomeBeforeTaxRatio": 0.237028027,
        "incomeTaxExpense": 8887000,
        "netIncome": 13642000,
        "netIncomeRatio": 0.1382798642,
        "eps": 0.06,
        "epsdiluted": 0.0588,
        "weightedAverageShsOut": 225107752,
        "weightedAverageShsOutDil": 231930360,
        "link": "https://www.sec.gov/Archives/edgar/data/7332/000000733203000034/0000007332-03-000034-index.htm",
        "finalLink": "https://www.sec.gov/Archives/edgar/data/7332/000000733203000034/swn042403form10q.htm"
    },
    {
        "date": "2002-12-31",
        "symbol": "SWN",
        "reportedCurrency": "USD",
        "cik": "0000007332",
        "fillingDate": "2003-02-18",
        "acceptedDate": "2003-02-14 21:33:44",
        "calendarYear": "2002",
        "period": "Q4",
        "revenue": 72749000,
        "costOfRevenue": 25131000,
        "grossProfit": 47618000,
        "grossProfitRatio": 0.6545519526,
        "researchAndDevelopmentExpenses": 0,
        "generalAndAdministrativeExpenses": 26446000,
        "sellingAndMarketingExpenses": 41709000,
        "sellingGeneralAndAdministrativeExpenses": 9095000,
        "otherExpenses": 25751000,
        "operatingExpenses": 34846000,
        "costAndExpenses": 59977000,
        "interestIncome": 0,
        "interestExpense": 0,
        "depreciationAndAmortization": 13535000,
        "ebitda": 26307000,
        "ebitdaratio": 0.3616132181,
        "operatingIncome": 12772000,
        "operatingIncomeRatio": 0.1755625507,
        "totalOtherIncomeExpensesNet": -5621000,
        "incomeBeforeTax": 7151000,
        "incomeBeforeTaxRatio": 0.0982968838,
        "incomeTaxExpense": 2599000,
        "netIncome": 4552000,
        "netIncomeRatio": 0.0625713068,
        "eps": 0.0226,
        "epsdiluted": 0.0218,
        "weightedAverageShsOut": 201812640,
        "weightedAverageShsOutDil": 208417904,
        "link": "https://www.sec.gov/Archives/edgar/data/7332/000095012303001645/0000950123-03-001645-index.htm",
        "finalLink": "https://www.sec.gov/Archives/edgar/data/7332/000095012303001645/y83359e10vk.htm"
    },
    {
        "date": "2002-09-30",
        "symbol": "SWN",
        "reportedCurrency": "USD",
        "cik": "0000007332",
        "fillingDate": "2002-10-25",
        "acceptedDate": "2002-10-25 17:09:07",
        "calendarYear": "2002",
        "period": "Q3",
        "revenue": 51091000,
        "costOfRevenue": 12485000,
        "grossProfit": 38606000,
        "grossProfitRatio": 0.7556321074,
        "researchAndDevelopmentExpenses": 0,
        "generalAndAdministrativeExpenses": 5527000,
        "sellingAndMarketingExpenses": 0,
        "sellingGeneralAndAdministrativeExpenses": 5527000,
        "otherExpenses": 25085000,
        "operatingExpenses": 30612000,
        "costAndExpenses": 43097000,
        "interestIncome": 0,
        "interestExpense": 287000,
        "depreciationAndAmortization": 13925000,
        "ebitda": 21919000,
        "ebitdaratio": 0.4290188096,
        "operatingIncome": 7994000,
        "operatingIncomeRatio": 0.1564659138,
        "totalOtherIncomeExpensesNet": -5923000,
        "incomeBeforeTax": 2071000,
        "incomeBeforeTaxRatio": 0.0405355151,
        "incomeTaxExpense": 797000,
        "netIncome": 1274000,
        "netIncomeRatio": 0.0249358987,
        "eps": 0.0063,
        "epsdiluted": 0.0063,
        "weightedAverageShsOut": 202455360,
        "weightedAverageShsOutDil": 208772928,
        "link": "https://www.sec.gov/Archives/edgar/data/7332/000000733202000102/0000007332-02-000102-index.htm",
        "finalLink": "https://www.sec.gov/Archives/edgar/data/7332/000000733202000102/swn102502form10q.htm"
    },
    {
        "date": "2002-06-30",
        "symbol": "SWN",
        "reportedCurrency": "USD",
        "cik": "0000007332",
        "fillingDate": "2002-08-14",
        "acceptedDate": "2002-08-14 12:28:10",
        "calendarYear": "2002",
        "period": "Q2",
        "revenue": 56004000,
        "costOfRevenue": 15258000,
        "grossProfit": 40746000,
        "grossProfitRatio": 0.7275551746,
        "researchAndDevelopmentExpenses": 0,
        "generalAndAdministrativeExpenses": 6034000,
        "sellingAndMarketingExpenses": 0,
        "sellingGeneralAndAdministrativeExpenses": 6034000,
        "otherExpenses": 25812000,
        "operatingExpenses": 31846000,
        "costAndExpenses": 47104000,
        "interestIncome": 0,
        "interestExpense": 336000,
        "depreciationAndAmortization": 14467000,
        "ebitda": 23367000,
        "ebitdaratio": 0.4172380544,
        "operatingIncome": 8900000,
        "operatingIncomeRatio": 0.1589172202,
        "totalOtherIncomeExpensesNet": -6022000,
        "incomeBeforeTax": 2878000,
        "incomeBeforeTaxRatio": 0.0513891865,
        "incomeTaxExpense": 1108000,
        "netIncome": 1770000,
        "netIncomeRatio": 0.0316048854,
        "eps": 0.0088,
        "epsdiluted": 0.0088,
        "weightedAverageShsOut": 201671792,
        "weightedAverageShsOutDil": 209051616,
        "link": "https://www.sec.gov/Archives/edgar/data/7332/000000733202000080/0000007332-02-000080-index.htm",
        "finalLink": "https://www.sec.gov/Archives/edgar/data/7332/000000733202000080/swn063002form10q.htm"
    },
    {
        "date": "2002-03-31",
        "symbol": "SWN",
        "reportedCurrency": "USD",
        "cik": "0000007332",
        "fillingDate": "2002-04-19",
        "acceptedDate": "2002-04-19 00:00:00",
        "calendarYear": "2002",
        "period": "Q1",
        "revenue": 81658000,
        "costOfRevenue": 33441000,
        "grossProfit": 48217000,
        "grossProfitRatio": 0.5904749075,
        "researchAndDevelopmentExpenses": 0,
        "generalAndAdministrativeExpenses": 0,
        "sellingAndMarketingExpenses": 0,
        "sellingGeneralAndAdministrativeExpenses": 5790000,
        "otherExpenses": 25588000,
        "operatingExpenses": 31378000,
        "costAndExpenses": 64819000,
        "interestIncome": 0,
        "interestExpense": 0,
        "depreciationAndAmortization": 14472000,
        "ebitda": 31311000,
        "ebitdaratio": 0.3834406917,
        "operatingIncome": 16839000,
        "operatingIncomeRatio": 0.2062137206,
        "totalOtherIncomeExpensesNet": -5920000,
        "incomeBeforeTax": 10919000,
        "incomeBeforeTaxRatio": 0.1337162311,
        "incomeTaxExpense": 4204000,
        "netIncome": 6715000,
        "netIncomeRatio": 0.0822332166,
        "eps": 0.0325,
        "epsdiluted": 0.0325,
        "weightedAverageShsOut": 203994352,
        "weightedAverageShsOutDil": 206873976,
        "link": "https://www.sec.gov/Archives/edgar/data/7332/000000733202000039/0000007332-02-000039-index.htm",
        "finalLink": "https://www.sec.gov/Archives/edgar/data/7332/000000733202000039/swn10q3312002.txt"
    },
    {
        "date": "2001-12-31",
        "symbol": "SWN",
        "reportedCurrency": "USD",
        "cik": "0000007332",
        "fillingDate": "2002-03-29",
        "acceptedDate": "2002-03-29 00:00:00",
        "calendarYear": "2001",
        "period": "Q4",
        "revenue": 72379000,
        "costOfRevenue": 20456000,
        "grossProfit": 51923000,
        "grossProfitRatio": 0.7173765871,
        "researchAndDevelopmentExpenses": 0,
        "generalAndAdministrativeExpenses": 0,
        "sellingAndMarketingExpenses": 0,
        "sellingGeneralAndAdministrativeExpenses": 7617000,
        "otherExpenses": 26514000,
        "operatingExpenses": 34131000,
        "costAndExpenses": 54587000,
        "interestIncome": 0,
        "interestExpense": 0,
        "depreciationAndAmortization": 15163000,
        "ebitda": 32955000,
        "ebitdaratio": 0.4553116235,
        "operatingIncome": 17792000,
        "operatingIncomeRatio": 0.2458171569,
        "totalOtherIncomeExpensesNet": -6289000,
        "incomeBeforeTax": 11503000,
        "incomeBeforeTaxRatio": 0.1589273132,
        "incomeTaxExpense": 4079000,
        "netIncome": 7424000,
        "netIncomeRatio": 0.1025711878,
        "eps": 0.0368,
        "epsdiluted": 0.0362,
        "weightedAverageShsOut": 201584840,
        "weightedAverageShsOutDil": 204808880,
        "link": "https://www.sec.gov/Archives/edgar/data/7332/000000733202000034/0000007332-02-000034-index.htm",
        "finalLink": "https://www.sec.gov/Archives/edgar/data/7332/000000733202000034/swn0329200210k.txt"
    },
    {
        "date": "2001-09-30",
        "symbol": "SWN",
        "reportedCurrency": "USD",
        "cik": "0000007332",
        "fillingDate": "2001-10-12",
        "acceptedDate": "2001-10-12 00:00:00",
        "calendarYear": "2001",
        "period": "Q3",
        "revenue": 59396000,
        "costOfRevenue": 14637000,
        "grossProfit": 44759000,
        "grossProfitRatio": 0.7535692639,
        "researchAndDevelopmentExpenses": 0,
        "generalAndAdministrativeExpenses": 0,
        "sellingAndMarketingExpenses": 0,
        "sellingGeneralAndAdministrativeExpenses": 5049000,
        "otherExpenses": 25447000,
        "operatingExpenses": 30496000,
        "costAndExpenses": 45133000,
        "interestIncome": 0,
        "interestExpense": 0,
        "depreciationAndAmortization": 14325000,
        "ebitda": 28588000,
        "ebitdaratio": 0.4813118729,
        "operatingIncome": 14263000,
        "operatingIncomeRatio": 0.2401340158,
        "totalOtherIncomeExpensesNet": -6037000,
        "incomeBeforeTax": 8226000,
        "incomeBeforeTaxRatio": 0.1384941747,
        "incomeTaxExpense": 3208000,
        "netIncome": 5018000,
        "netIncomeRatio": 0.0844838036,
        "eps": 0.025,
        "epsdiluted": 0.025,
        "weightedAverageShsOut": 201523096,
        "weightedAverageShsOutDil": 204969712,
        "link": "https://www.sec.gov/Archives/edgar/data/7332/000000733201500036/0000007332-01-500036-index.htm",
        "finalLink": "https://www.sec.gov/Archives/edgar/data/7332/000000733201500036/swn10q9302001.txt"
    },
    {
        "date": "2001-06-30",
        "symbol": "SWN",
        "reportedCurrency": "USD",
        "cik": "0000007332",
        "fillingDate": "2001-08-10",
        "acceptedDate": "2001-08-10 00:00:00",
        "calendarYear": "2001",
        "period": "Q2",
        "revenue": 76023000,
        "costOfRevenue": 26215000,
        "grossProfit": 49808000,
        "grossProfitRatio": 0.6551701459,
        "researchAndDevelopmentExpenses": 0,
        "generalAndAdministrativeExpenses": 0,
        "sellingAndMarketingExpenses": 0,
        "sellingGeneralAndAdministrativeExpenses": 7580000,
        "otherExpenses": 24213000,
        "operatingExpenses": 31793000,
        "costAndExpenses": 58008000,
        "interestIncome": 0,
        "interestExpense": 0,
        "depreciationAndAmortization": 13005000,
        "ebitda": 31020000,
        "ebitdaratio": 0.4080344106,
        "operatingIncome": 18015000,
        "operatingIncomeRatio": 0.2369677598,
        "totalOtherIncomeExpensesNet": -6760000,
        "incomeBeforeTax": 11255000,
        "incomeBeforeTaxRatio": 0.1480473015,
        "incomeTaxExpense": 4386000,
        "netIncome": 6869000,
        "netIncomeRatio": 0.0903542349,
        "eps": 0.0338,
        "epsdiluted": 0.0338,
        "weightedAverageShsOut": 201516984,
        "weightedAverageShsOutDil": 205262736,
        "link": "https://www.sec.gov/Archives/edgar/data/7332/000000733201500025/0000007332-01-500025-index.htm",
        "finalLink": "https://www.sec.gov/Archives/edgar/data/7332/000000733201500025/swn10q6302001.txt"
    },
    {
        "date": "2001-03-31",
        "symbol": "SWN",
        "reportedCurrency": "USD",
        "cik": "0000007332",
        "fillingDate": "2001-05-03",
        "acceptedDate": "2001-05-03 00:00:00",
        "calendarYear": "2001",
        "period": "Q1",
        "revenue": 137129000,
        "costOfRevenue": 74863000,
        "grossProfit": 62266000,
        "grossProfitRatio": 0.4540687965,
        "researchAndDevelopmentExpenses": 0,
        "generalAndAdministrativeExpenses": 0,
        "sellingAndMarketingExpenses": 0,
        "sellingGeneralAndAdministrativeExpenses": 4827000,
        "otherExpenses": 24840000,
        "operatingExpenses": 29667000,
        "costAndExpenses": 104530000,
        "interestIncome": 0,
        "interestExpense": 0,
        "depreciationAndAmortization": 12012000,
        "ebitda": 44611000,
        "ebitdaratio": 0.3253214127,
        "operatingIncome": 32599000,
        "operatingIncomeRatio": 0.2377250618,
        "totalOtherIncomeExpensesNet": -6342000,
        "incomeBeforeTax": 26257000,
        "incomeBeforeTaxRatio": 0.1914766388,
        "incomeTaxExpense": 10244000,
        "netIncome": 16013000,
        "netIncomeRatio": 0.1167732573,
        "eps": 0.08,
        "epsdiluted": 0.0788,
        "weightedAverageShsOut": 201496824,
        "weightedAverageShsOutDil": 203964680,
        "link": "https://www.sec.gov/Archives/edgar/data/7332/000000733201500011/0000007332-01-500011-index.htm",
        "finalLink": "https://www.sec.gov/Archives/edgar/data/7332/000000733201500011/swn10q3312001.txt"
    },
    {
        "date": "2000-12-31",
        "symbol": "SWN",
        "reportedCurrency": "USD",
        "cik": "0000007332",
        "fillingDate": "2001-03-30",
        "acceptedDate": "2001-03-30 00:00:00",
        "calendarYear": "2000",
        "period": "Q4",
        "revenue": 113145000,
        "costOfRevenue": 61083000,
        "grossProfit": 52062000,
        "grossProfitRatio": 0.4601352247,
        "researchAndDevelopmentExpenses": 0,
        "generalAndAdministrativeExpenses": 0,
        "sellingAndMarketingExpenses": 0,
        "sellingGeneralAndAdministrativeExpenses": 7075000,
        "otherExpenses": 23547000,
        "operatingExpenses": 30622000,
        "costAndExpenses": 91705000,
        "interestIncome": 0,
        "interestExpense": 0,
        "depreciationAndAmortization": 12217000,
        "ebitda": 33657000,
        "ebitdaratio": 0.297467851,
        "operatingIncome": 21440000,
        "operatingIncomeRatio": 0.1894913606,
        "totalOtherIncomeExpensesNet": -6181000,
        "incomeBeforeTax": 15259000,
        "incomeBeforeTaxRatio": 0.1348623448,
        "incomeTaxExpense": 6179000,
        "netIncome": 9080000,
        "netIncomeRatio": 0.0802510053,
        "eps": 0.0453,
        "epsdiluted": 0.0453,
        "weightedAverageShsOut": 200348688,
        "weightedAverageShsOutDil": 200348688,
        "link": "https://www.sec.gov/Archives/edgar/data/7332/000000733201000032/0000007332-01-000032-index.htm",
        "finalLink": "https://www.sec.gov/Archives/edgar/data/7332/000000733201000032/0000007332-01-000032-0001.txt"
    },
    {
        "date": "2000-09-30",
        "symbol": "SWN",
        "reportedCurrency": "USD",
        "cik": "0000007332",
        "fillingDate": "2000-11-08",
        "acceptedDate": "2000-11-08 00:00:00",
        "calendarYear": "2000",
        "period": "Q3",
        "revenue": 75342000,
        "costOfRevenue": 40462000,
        "grossProfit": 34880000,
        "grossProfitRatio": 0.4629555892,
        "researchAndDevelopmentExpenses": 0,
        "generalAndAdministrativeExpenses": 0,
        "sellingAndMarketingExpenses": 0,
        "sellingGeneralAndAdministrativeExpenses": 5217000,
        "otherExpenses": 23779000,
        "operatingExpenses": 28996000,
        "costAndExpenses": 69458000,
        "interestIncome": 0,
        "interestExpense": 0,
        "depreciationAndAmortization": 11961000,
        "ebitda": 17845000,
        "ebitdaratio": 0.2368532824,
        "operatingIncome": 5884000,
        "operatingIncomeRatio": 0.0780972101,
        "totalOtherIncomeExpensesNet": -7120000,
        "incomeBeforeTax": -1236000,
        "incomeBeforeTaxRatio": -0.0164051923,
        "incomeTaxExpense": -482000,
        "netIncome": -754000,
        "netIncomeRatio": -0.0100076982,
        "eps": -0.0038,
        "epsdiluted": -0.0038,
        "weightedAverageShsOut": 200274448,
        "weightedAverageShsOutDil": 200274448,
        "link": "https://www.sec.gov/Archives/edgar/data/7332/000000733200000031/0000007332-00-000031-index.htm",
        "finalLink": "https://www.sec.gov/Archives/edgar/data/7332/000000733200000031/0000007332-00-000031-0001.txt"
    },
    {
        "date": "2000-06-30",
        "symbol": "SWN",
        "reportedCurrency": "USD",
        "cik": "0000007332",
        "fillingDate": "2000-08-09",
        "acceptedDate": "2000-08-09 00:00:00",
        "calendarYear": "2000",
        "period": "Q2",
        "revenue": 78483000,
        "costOfRevenue": 42419000,
        "grossProfit": 36064000,
        "grossProfitRatio": 0.4595135252,
        "researchAndDevelopmentExpenses": 0,
        "generalAndAdministrativeExpenses": 0,
        "sellingAndMarketingExpenses": 0,
        "sellingGeneralAndAdministrativeExpenses": 0,
        "otherExpenses": 137913000,
        "operatingExpenses": 137913000,
        "costAndExpenses": 180332000,
        "interestIncome": 0,
        "interestExpense": 0,
        "depreciationAndAmortization": 11655000,
        "ebitda": -90194000,
        "ebitdaratio": -1.1492170279,
        "operatingIncome": -101849000,
        "operatingIncomeRatio": -1.2977205255,
        "totalOtherIncomeExpensesNet": -1935000,
        "incomeBeforeTax": -103784000,
        "incomeBeforeTaxRatio": -1.3223755463,
        "incomeTaxExpense": -40475000,
        "netIncome": -64199000,
        "netIncomeRatio": -0.8179988023,
        "eps": -0.32,
        "epsdiluted": -0.32,
        "weightedAverageShsOut": 200280632,
        "weightedAverageShsOutDil": 200280632,
        "link": "https://www.sec.gov/Archives/edgar/data/7332/000000733200000021/0000007332-00-000021-index.htm",
        "finalLink": "https://www.sec.gov/Archives/edgar/data/7332/000000733200000021/0000007332-00-000021-0001.txt"
    },
    {
        "date": "2000-03-31",
        "symbol": "SWN",
        "reportedCurrency": "USD",
        "cik": "0000007332",
        "fillingDate": "2000-05-05",
        "acceptedDate": "2000-05-05 00:00:00",
        "calendarYear": "2000",
        "period": "Q1",
        "revenue": 96913000,
        "costOfRevenue": 47926000,
        "grossProfit": 48987000,
        "grossProfitRatio": 0.5054739818,
        "researchAndDevelopmentExpenses": 0,
        "generalAndAdministrativeExpenses": 0,
        "sellingAndMarketingExpenses": 0,
        "sellingGeneralAndAdministrativeExpenses": 0,
        "otherExpenses": 27931000,
        "operatingExpenses": 27931000,
        "costAndExpenses": 75857000,
        "interestIncome": 0,
        "interestExpense": 0,
        "depreciationAndAmortization": 11394000,
        "ebitda": 32450000,
        "ebitdaratio": 0.3348363997,
        "operatingIncome": 21056000,
        "operatingIncomeRatio": 0.2172670333,
        "totalOtherIncomeExpensesNet": -5997000,
        "incomeBeforeTax": 15059000,
        "incomeBeforeTaxRatio": 0.1553867902,
        "incomeTaxExpense": 5873000,
        "netIncome": 9186000,
        "netIncomeRatio": 0.0947860452,
        "eps": 0.0463,
        "epsdiluted": 0.0463,
        "weightedAverageShsOut": 200300064,
        "weightedAverageShsOutDil": 200504608,
        "link": "https://www.sec.gov/Archives/edgar/data/7332/000000733200000010/0000007332-00-000010-index.html",
        "finalLink": "https://www.sec.gov/Archives/edgar/data/7332/000000733200000010/"
    },
    {
        "date": "1999-12-31",
        "symbol": "SWN",
        "reportedCurrency": "USD",
        "cik": "0000007332",
        "fillingDate": "2000-03-29",
        "acceptedDate": "2000-03-29 00:00:00",
        "calendarYear": "1999",
        "period": "Q4",
        "revenue": 85800000,
        "costOfRevenue": 44400000,
        "grossProfit": 41400000,
        "grossProfitRatio": 0.4825174825,
        "researchAndDevelopmentExpenses": 0,
        "generalAndAdministrativeExpenses": 0,
        "sellingAndMarketingExpenses": 0,
        "sellingGeneralAndAdministrativeExpenses": 0,
        "otherExpenses": 28400000,
        "operatingExpenses": 28400000,
        "costAndExpenses": 72800000,
        "interestIncome": 0,
        "interestExpense": 0,
        "depreciationAndAmortization": 12000000,
        "ebitda": 25000000,
        "ebitdaratio": 0.2913752914,
        "operatingIncome": 13000000,
        "operatingIncomeRatio": 0.1515151515,
        "totalOtherIncomeExpensesNet": -5700000,
        "incomeBeforeTax": 7300000,
        "incomeBeforeTaxRatio": 0.0850815851,
        "incomeTaxExpense": 2900000,
        "netIncome": 4400000,
        "netIncomeRatio": 0.0512820513,
        "eps": 0.0221,
        "epsdiluted": 0.022,
        "weightedAverageShsOut": 199532400,
        "weightedAverageShsOutDil": 199576168,
        "link": "https://www.sec.gov/Archives/edgar/data/7332/000000733200000008/0000007332-00-000008-index.html",
        "finalLink": "https://www.sec.gov/Archives/edgar/data/7332/000000733200000008/"
    },
    {
        "date": "1999-09-30",
        "symbol": "SWN",
        "reportedCurrency": "USD",
        "cik": "0000007332",
        "fillingDate": "1999-11-12",
        "acceptedDate": "1999-11-12 00:00:00",
        "calendarYear": "1999",
        "period": "Q3",
        "revenue": 60400000,
        "costOfRevenue": 33100000,
        "grossProfit": 27300000,
        "grossProfitRatio": 0.451986755,
        "researchAndDevelopmentExpenses": 0,
        "generalAndAdministrativeExpenses": 0,
        "sellingAndMarketingExpenses": 0,
        "sellingGeneralAndAdministrativeExpenses": 0,
        "otherExpenses": 25700000,
        "operatingExpenses": 25700000,
        "costAndExpenses": 58800000,
        "interestIncome": 0,
        "interestExpense": 0,
        "depreciationAndAmortization": 11000000,
        "ebitda": 12600000,
        "ebitdaratio": 0.2086092715,
        "operatingIncome": 1600000,
        "operatingIncomeRatio": 0.0264900662,
        "totalOtherIncomeExpensesNet": -4700000,
        "incomeBeforeTax": -3100000,
        "incomeBeforeTaxRatio": -0.0513245033,
        "incomeTaxExpense": -1200000,
        "netIncome": -1900000,
        "netIncomeRatio": -0.0314569536,
        "eps": -0.01,
        "epsdiluted": -0.01,
        "weightedAverageShsOut": 190000000,
        "weightedAverageShsOutDil": 190000000,
        "link": "https://www.sec.gov/Archives/edgar/data/7332/000000733299000024/0000007332-99-000024-index.html",
        "finalLink": "https://www.sec.gov/Archives/edgar/data/7332/000000733299000024/"
    },
    {
        "date": "1999-06-30",
        "symbol": "SWN",
        "reportedCurrency": "USD",
        "cik": "0000007332",
        "fillingDate": "1999-08-10",
        "acceptedDate": "1999-08-10 00:00:00",
        "calendarYear": "1999",
        "period": "Q2",
        "revenue": 56100000,
        "costOfRevenue": 28300000,
        "grossProfit": 27800000,
        "grossProfitRatio": 0.495543672,
        "researchAndDevelopmentExpenses": 0,
        "generalAndAdministrativeExpenses": 0,
        "sellingAndMarketingExpenses": 0,
        "sellingGeneralAndAdministrativeExpenses": 0,
        "otherExpenses": 26200000,
        "operatingExpenses": 26200000,
        "costAndExpenses": 54500000,
        "interestIncome": 0,
        "interestExpense": 0,
        "depreciationAndAmortization": 10900000,
        "ebitda": 12500000,
        "ebitdaratio": 0.2228163993,
        "operatingIncome": 1600000,
        "operatingIncomeRatio": 0.0285204991,
        "totalOtherIncomeExpensesNet": -4339000,
        "incomeBeforeTax": -2800000,
        "incomeBeforeTaxRatio": -0.0499108734,
        "incomeTaxExpense": -1100000,
        "netIncome": -1700000,
        "netIncomeRatio": -0.0303030303,
        "eps": -0.0088,
        "epsdiluted": -0.0088,
        "weightedAverageShsOut": 194285714,
        "weightedAverageShsOutDil": 194285714,
        "link": "https://www.sec.gov/Archives/edgar/data/7332/000000733299000018/0000007332-99-000018-index.html",
        "finalLink": "https://www.sec.gov/Archives/edgar/data/7332/000000733299000018/"
    },
    {
        "date": "1999-03-31",
        "symbol": "SWN",
        "reportedCurrency": "USD",
        "cik": "0000007332",
        "fillingDate": "1999-05-17",
        "acceptedDate": "1999-05-17 00:00:00",
        "calendarYear": "1999",
        "period": "Q1",
        "revenue": 78200000,
        "costOfRevenue": 32400000,
        "grossProfit": 45800000,
        "grossProfitRatio": 0.5856777494,
        "researchAndDevelopmentExpenses": 0,
        "generalAndAdministrativeExpenses": 0,
        "sellingAndMarketingExpenses": 0,
        "sellingGeneralAndAdministrativeExpenses": 0,
        "otherExpenses": 25800000,
        "operatingExpenses": 25800000,
        "costAndExpenses": 58200000,
        "interestIncome": 0,
        "interestExpense": 0,
        "depreciationAndAmortization": 11400000,
        "ebitda": 31400000,
        "ebitdaratio": 0.4015345269,
        "operatingIncome": 20000000,
        "operatingIncomeRatio": 0.2557544757,
        "totalOtherIncomeExpensesNet": -5120000,
        "incomeBeforeTax": 14900000,
        "incomeBeforeTaxRatio": 0.1905370844,
        "incomeTaxExpense": 5800000,
        "netIncome": 9100000,
        "netIncomeRatio": 0.1163682864,
        "eps": 0.0463,
        "epsdiluted": 0.0463,
        "weightedAverageShsOut": 196756757,
        "weightedAverageShsOutDil": 196756757,
        "link": "https://www.sec.gov/Archives/edgar/data/7332/000000733299000015/0000007332-99-000015-index.html",
        "finalLink": "https://www.sec.gov/Archives/edgar/data/7332/"
    },
    {
        "date": "1998-12-31",
        "symbol": "SWN",
        "reportedCurrency": "USD",
        "cik": "0000007332",
        "fillingDate": "1999-03-30",
        "acceptedDate": "1999-03-30 00:00:00",
        "calendarYear": "1998",
        "period": "Q4",
        "revenue": 73500000,
        "costOfRevenue": 32300000,
        "grossProfit": 41200000,
        "grossProfitRatio": 0.5605442177,
        "researchAndDevelopmentExpenses": 0,
        "generalAndAdministrativeExpenses": 0,
        "sellingAndMarketingExpenses": 0,
        "sellingGeneralAndAdministrativeExpenses": 0,
        "otherExpenses": 29000000,
        "operatingExpenses": 29000000,
        "costAndExpenses": 61300000,
        "interestIncome": 0,
        "interestExpense": 0,
        "depreciationAndAmortization": 12900000,
        "ebitda": 25100000,
        "ebitdaratio": 0.3414965986,
        "operatingIncome": 12200000,
        "operatingIncomeRatio": 0.1659863946,
        "totalOtherIncomeExpensesNet": -6100000,
        "incomeBeforeTax": 6100000,
        "incomeBeforeTaxRatio": 0.0829931973,
        "incomeTaxExpense": 2400000,
        "netIncome": 3700000,
        "netIncomeRatio": 0.0503401361,
        "eps": 0.0186,
        "epsdiluted": 0.0186,
        "weightedAverageShsOut": 199057360,
        "weightedAverageShsOutDil": 199057360,
        "link": "https://www.sec.gov/Archives/edgar/data/7332/000000733299000009/0000007332-99-000009-index.html",
        "finalLink": "https://www.sec.gov/Archives/edgar/data/7332/"
    },
    {
        "date": "1998-09-30",
        "symbol": "SWN",
        "reportedCurrency": "USD",
        "cik": "0000007332",
        "fillingDate": "1998-11-16",
        "acceptedDate": "1998-11-16 00:00:00",
        "calendarYear": "1998",
        "period": "Q3",
        "revenue": 53600000,
        "costOfRevenue": 24800000,
        "grossProfit": 28800000,
        "grossProfitRatio": 0.5373134328,
        "researchAndDevelopmentExpenses": 0,
        "generalAndAdministrativeExpenses": 0,
        "sellingAndMarketingExpenses": 0,
        "sellingGeneralAndAdministrativeExpenses": 0,
        "otherExpenses": 25900000,
        "operatingExpenses": 25900000,
        "costAndExpenses": 50700000,
        "interestIncome": 0,
        "interestExpense": 0,
        "depreciationAndAmortization": 11800000,
        "ebitda": 14700000,
        "ebitdaratio": 0.2742537313,
        "operatingIncome": 2900000,
        "operatingIncomeRatio": 0.0541044776,
        "totalOtherIncomeExpensesNet": -5100000,
        "incomeBeforeTax": -2200000,
        "incomeBeforeTaxRatio": -0.0410447761,
        "incomeTaxExpense": -900000,
        "netIncome": -1300000,
        "netIncomeRatio": -0.0242537313,
        "eps": -0.0062,
        "epsdiluted": -0.0062,
        "weightedAverageShsOut": 208000000,
        "weightedAverageShsOutDil": 208000000,
        "link": "https://www.sec.gov/Archives/edgar/data/7332/000000733298000025/0000007332-98-000025-index.html",
        "finalLink": "https://www.sec.gov/Archives/edgar/data/7332/"
    },
    {
        "date": "1998-06-30",
        "symbol": "SWN",
        "reportedCurrency": "USD",
        "cik": "0000007332",
        "fillingDate": "1998-08-14",
        "acceptedDate": "1998-08-14 00:00:00",
        "calendarYear": "1998",
        "period": "Q2",
        "revenue": 56300000,
        "costOfRevenue": 23000000,
        "grossProfit": 33300000,
        "grossProfitRatio": 0.5914742451,
        "researchAndDevelopmentExpenses": 0,
        "generalAndAdministrativeExpenses": 0,
        "sellingAndMarketingExpenses": 0,
        "sellingGeneralAndAdministrativeExpenses": 0,
        "otherExpenses": 97100000,
        "operatingExpenses": 97100000,
        "costAndExpenses": 120100000,
        "interestIncome": 0,
        "interestExpense": 0,
        "depreciationAndAmortization": 13600000,
        "ebitda": -50200000,
        "ebitdaratio": -0.891651865,
        "operatingIncome": -63800000,
        "operatingIncomeRatio": -1.1332149201,
        "totalOtherIncomeExpensesNet": -5200000,
        "incomeBeforeTax": -69000000,
        "incomeBeforeTaxRatio": -1.2255772647,
        "incomeTaxExpense": -26900000,
        "netIncome": -42100000,
        "netIncomeRatio": -0.7477797513,
        "eps": -0.21,
        "epsdiluted": -0.21,
        "weightedAverageShsOut": 198117647,
        "weightedAverageShsOutDil": 198117647,
        "link": "https://www.sec.gov/Archives/edgar/data/7332/000000733298000016/0000007332-98-000016-index.html",
        "finalLink": "https://www.sec.gov/Archives/edgar/data/7332/"
    },
    {
        "date": "1998-03-31",
        "symbol": "SWN",
        "reportedCurrency": "USD",
        "cik": "0000007332",
        "fillingDate": "1998-05-15",
        "acceptedDate": "1998-05-15 00:00:00",
        "calendarYear": "1998",
        "period": "Q1",
        "revenue": 83000000,
        "costOfRevenue": 33000000,
        "grossProfit": 50000000,
        "grossProfitRatio": 0.6024096386,
        "researchAndDevelopmentExpenses": 0,
        "generalAndAdministrativeExpenses": 0,
        "sellingAndMarketingExpenses": 0,
        "sellingGeneralAndAdministrativeExpenses": 0,
        "otherExpenses": 30000000,
        "operatingExpenses": 30000000,
        "costAndExpenses": 63000000,
        "interestIncome": 0,
        "interestExpense": 0,
        "depreciationAndAmortization": 14000000,
        "ebitda": 34000000,
        "ebitdaratio": 0.4096385542,
        "operatingIncome": 20000000,
        "operatingIncomeRatio": 0.2409638554,
        "totalOtherIncomeExpensesNet": -5000000,
        "incomeBeforeTax": 14900000,
        "incomeBeforeTaxRatio": 0.1795180723,
        "incomeTaxExpense": 5800000,
        "netIncome": 9100000,
        "netIncomeRatio": 0.1096385542,
        "eps": 0.0463,
        "epsdiluted": 0.0463,
        "weightedAverageShsOut": 196756757,
        "weightedAverageShsOutDil": 196756757,
        "link": "https://www.sec.gov/Archives/edgar/data/7332/000000733298000011/0000007332-98-000011-index.html",
        "finalLink": "https://www.sec.gov/Archives/edgar/data/7332/"
    },
    {
        "date": "1997-12-31",
        "symbol": "SWN",
        "reportedCurrency": "USD",
        "cik": "0000007332",
        "fillingDate": "1998-03-30",
        "acceptedDate": "1998-03-30 00:00:00",
        "calendarYear": "1997",
        "period": "Q4",
        "revenue": 87400000,
        "costOfRevenue": 37300000,
        "grossProfit": 50100000,
        "grossProfitRatio": 0.5732265446,
        "researchAndDevelopmentExpenses": 0,
        "generalAndAdministrativeExpenses": 0,
        "sellingAndMarketingExpenses": 0,
        "sellingGeneralAndAdministrativeExpenses": 0,
        "otherExpenses": 31400000,
        "operatingExpenses": 31400000,
        "costAndExpenses": 68700000,
        "interestIncome": 0,
        "interestExpense": 0,
        "depreciationAndAmortization": 14900000,
        "ebitda": 33600000,
        "ebitdaratio": 0.3844393593,
        "operatingIncome": 18700000,
        "operatingIncomeRatio": 0.2139588101,
        "totalOtherIncomeExpensesNet": -6200000,
        "incomeBeforeTax": 12500000,
        "incomeBeforeTaxRatio": 0.143020595,
        "incomeTaxExpense": 4900000,
        "netIncome": 7600000,
        "netIncomeRatio": 0.0869565217,
        "eps": 0.0384,
        "epsdiluted": 0.0383,
        "weightedAverageShsOut": 197911056,
        "weightedAverageShsOutDil": 198223248,
        "link": "https://www.sec.gov/Archives/edgar/data/7332/000000733298000008/0000007332-98-000008-index.html",
        "finalLink": "https://www.sec.gov/Archives/edgar/data/7332/"
    },
    {
        "date": "1997-09-30",
        "symbol": "SWN",
        "reportedCurrency": "USD",
        "cik": "0000007332",
        "fillingDate": "1997-11-14",
        "acceptedDate": "1997-11-14 00:00:00",
        "calendarYear": "1997",
        "period": "Q3",
        "revenue": 48600000,
        "costOfRevenue": 18700000,
        "grossProfit": 29900000,
        "grossProfitRatio": 0.6152263374,
        "researchAndDevelopmentExpenses": 0,
        "generalAndAdministrativeExpenses": 0,
        "sellingAndMarketingExpenses": 0,
        "sellingGeneralAndAdministrativeExpenses": 0,
        "otherExpenses": 26800000,
        "operatingExpenses": 26800000,
        "costAndExpenses": 45500000,
        "interestIncome": 0,
        "interestExpense": 0,
        "depreciationAndAmortization": 12300000,
        "ebitda": 15400000,
        "ebitdaratio": 0.316872428,
        "operatingIncome": 3100000,
        "operatingIncomeRatio": 0.0637860082,
        "totalOtherIncomeExpensesNet": -5200000,
        "incomeBeforeTax": -2100000,
        "incomeBeforeTaxRatio": -0.0432098765,
        "incomeTaxExpense": -800000,
        "netIncome": -1300000,
        "netIncomeRatio": -0.0267489712,
        "eps": -0.0062,
        "epsdiluted": -0.0062,
        "weightedAverageShsOut": 208000000,
        "weightedAverageShsOutDil": 208000000,
        "link": "https://www.sec.gov/Archives/edgar/data/7332/000000733297000030/0000007332-97-000030-index.html",
        "finalLink": "https://www.sec.gov/Archives/edgar/data/7332/"
    },
    {
        "date": "1997-06-30",
        "symbol": "SWN",
        "reportedCurrency": "USD",
        "cik": "0000007332",
        "fillingDate": "1997-08-14",
        "acceptedDate": "1997-08-14 00:00:00",
        "calendarYear": "1997",
        "period": "Q2",
        "revenue": 51300000,
        "costOfRevenue": 18600000,
        "grossProfit": 32700000,
        "grossProfitRatio": 0.6374269006,
        "researchAndDevelopmentExpenses": 0,
        "generalAndAdministrativeExpenses": 0,
        "sellingAndMarketingExpenses": 0,
        "sellingGeneralAndAdministrativeExpenses": 0,
        "otherExpenses": 27500000,
        "operatingExpenses": 27500000,
        "costAndExpenses": 46100000,
        "interestIncome": 0,
        "interestExpense": 0,
        "depreciationAndAmortization": 11600000,
        "ebitda": 16800000,
        "ebitdaratio": 0.3274853801,
        "operatingIncome": 5200000,
        "operatingIncomeRatio": 0.1013645224,
        "totalOtherIncomeExpensesNet": -1300000,
        "incomeBeforeTax": 3900000,
        "incomeBeforeTaxRatio": 0.0760233918,
        "incomeTaxExpense": 3900000,
        "netIncome": 0,
        "netIncomeRatio": 0,
        "eps": 0,
        "epsdiluted": 0,
        "weightedAverageShsOut": 196800000,
        "weightedAverageShsOutDil": 196800000,
        "link": "https://www.sec.gov/Archives/edgar/data/7332/000000733297000021/0000007332-97-000021-index.html",
        "finalLink": "https://www.sec.gov/Archives/edgar/data/7332/"
    },
    {
        "date": "1997-03-31",
        "symbol": "SWN",
        "reportedCurrency": "USD",
        "cik": "0000007332",
        "fillingDate": "1997-05-15",
        "acceptedDate": "1997-05-15 00:00:00",
        "calendarYear": "1997",
        "period": "Q1",
        "revenue": 88900000,
        "costOfRevenue": 35400000,
        "grossProfit": 53500000,
        "grossProfitRatio": 0.601799775,
        "researchAndDevelopmentExpenses": 0,
        "generalAndAdministrativeExpenses": 0,
        "sellingAndMarketingExpenses": 0,
        "sellingGeneralAndAdministrativeExpenses": 0,
        "otherExpenses": 28400000,
        "operatingExpenses": 28400000,
        "costAndExpenses": 63800000,
        "interestIncome": 0,
        "interestExpense": 0,
        "depreciationAndAmortization": 13500000,
        "ebitda": 38600000,
        "ebitdaratio": 0.4341957255,
        "operatingIncome": 25100000,
        "operatingIncomeRatio": 0.2823397075,
        "totalOtherIncomeExpensesNet": -5100000,
        "incomeBeforeTax": 20000000,
        "incomeBeforeTaxRatio": 0.2249718785,
        "incomeTaxExpense": 7700000,
        "netIncome": 12300000,
        "netIncomeRatio": 0.1383577053,
        "eps": 0.0625,
        "epsdiluted": 0.0625,
        "weightedAverageShsOut": 196800000,
        "weightedAverageShsOutDil": 196800000,
        "link": "https://www.sec.gov/Archives/edgar/data/7332/000000733297000016/0000007332-97-000016-index.html",
        "finalLink": "https://www.sec.gov/Archives/edgar/data/7332/"
    },
    {
        "date": "1996-12-31",
        "symbol": "SWN",
        "reportedCurrency": "USD",
        "cik": "0000007332",
        "fillingDate": "1997-03-27",
        "acceptedDate": "1997-03-27 00:00:00",
        "calendarYear": "1996",
        "period": "Q4",
        "revenue": 60800000,
        "costOfRevenue": 17300000,
        "grossProfit": 43500000,
        "grossProfitRatio": 0.7154605263,
        "researchAndDevelopmentExpenses": 0,
        "generalAndAdministrativeExpenses": 0,
        "sellingAndMarketingExpenses": 0,
        "sellingGeneralAndAdministrativeExpenses": 0,
        "otherExpenses": 27400000,
        "operatingExpenses": 27400000,
        "costAndExpenses": 44700000,
        "interestIncome": 0,
        "interestExpense": 0,
        "depreciationAndAmortization": 12700000,
        "ebitda": 28800000,
        "ebitdaratio": 0.4736842105,
        "operatingIncome": 16100000,
        "operatingIncomeRatio": 0.2648026316,
        "totalOtherIncomeExpensesNet": -5100000,
        "incomeBeforeTax": 11000000,
        "incomeBeforeTaxRatio": 0.1809210526,
        "incomeTaxExpense": 4100000,
        "netIncome": 6900000,
        "netIncomeRatio": 0.1134868421,
        "eps": 0.0349,
        "epsdiluted": 0.0349,
        "weightedAverageShsOut": 197292308,
        "weightedAverageShsOutDil": 197642048,
        "link": "https://www.sec.gov/Archives/edgar/data/7332/000000733297000008/0000007332-97-000008-index.html",
        "finalLink": "https://www.sec.gov/Archives/edgar/data/7332/"
    },
    {
        "date": "1996-09-30",
        "symbol": "SWN",
        "reportedCurrency": "USD",
        "cik": "0000007332",
        "fillingDate": "1996-11-13",
        "acceptedDate": "1996-11-13 00:00:00",
        "calendarYear": "1996",
        "period": "Q3",
        "revenue": 30200000,
        "costOfRevenue": 2500000,
        "grossProfit": 27700000,
        "grossProfitRatio": 0.917218543,
        "researchAndDevelopmentExpenses": 0,
        "generalAndAdministrativeExpenses": 0,
        "sellingAndMarketingExpenses": 0,
        "sellingGeneralAndAdministrativeExpenses": 0,
        "otherExpenses": 23500000,
        "operatingExpenses": 23500000,
        "costAndExpenses": 26000000,
        "interestIncome": 0,
        "interestExpense": 0,
        "depreciationAndAmortization": 10700000,
        "ebitda": 14900000,
        "ebitdaratio": 0.4933774834,
        "operatingIncome": 4200000,
        "operatingIncomeRatio": 0.1390728477,
        "totalOtherIncomeExpensesNet": -4000000,
        "incomeBeforeTax": 300000,
        "incomeBeforeTaxRatio": 0.0099337748,
        "incomeTaxExpense": 100000,
        "netIncome": 200000,
        "netIncomeRatio": 0.0066225166,
        "eps": 0.0013,
        "epsdiluted": 0.0013,
        "weightedAverageShsOut": 160000000,
        "weightedAverageShsOutDil": 160000000,
        "link": "https://www.sec.gov/Archives/edgar/data/7332/000000733296000025/0000007332-96-000025-index.html",
        "finalLink": "https://www.sec.gov/Archives/edgar/data/7332/"
    },
    {
        "date": "1996-06-30",
        "symbol": "SWN",
        "reportedCurrency": "USD",
        "cik": "0000007332",
        "fillingDate": "1996-08-13",
        "acceptedDate": "1996-08-13 00:00:00",
        "calendarYear": "1996",
        "period": "Q2",
        "revenue": 34300000,
        "costOfRevenue": 3000000,
        "grossProfit": 31300000,
        "grossProfitRatio": 0.9125364431,
        "researchAndDevelopmentExpenses": 0,
        "generalAndAdministrativeExpenses": 0,
        "sellingAndMarketingExpenses": 0,
        "sellingGeneralAndAdministrativeExpenses": 0,
        "otherExpenses": 23200000,
        "operatingExpenses": 23200000,
        "costAndExpenses": 26200000,
        "interestIncome": 0,
        "interestExpense": 0,
        "depreciationAndAmortization": 10800000,
        "ebitda": 18900000,
        "ebitdaratio": 0.5510204082,
        "operatingIncome": 8100000,
        "operatingIncomeRatio": 0.2361516035,
        "totalOtherIncomeExpensesNet": -3600000,
        "incomeBeforeTax": 4500000,
        "incomeBeforeTaxRatio": 0.1311953353,
        "incomeTaxExpense": 1700000,
        "netIncome": 2800000,
        "netIncomeRatio": 0.0816326531,
        "eps": 0.0138,
        "epsdiluted": 0.0138,
        "weightedAverageShsOut": 203636364,
        "weightedAverageShsOutDil": 203636364,
        "link": "https://www.sec.gov/Archives/edgar/data/7332/000000733296000022/0000007332-96-000022-index.html",
        "finalLink": "https://www.sec.gov/Archives/edgar/data/7332/"
    },
    {
        "date": "1996-03-31",
        "symbol": "SWN",
        "reportedCurrency": "USD",
        "cik": "0000007332",
        "fillingDate": "1996-05-14",
        "acceptedDate": "1996-05-14 00:00:00",
        "calendarYear": "1996",
        "period": "Q1",
        "revenue": 63900000,
        "costOfRevenue": 20100000,
        "grossProfit": 43800000,
        "grossProfitRatio": 0.6854460094,
        "researchAndDevelopmentExpenses": 0,
        "generalAndAdministrativeExpenses": 0,
        "sellingAndMarketingExpenses": 0,
        "sellingGeneralAndAdministrativeExpenses": 0,
        "otherExpenses": 24200000,
        "operatingExpenses": 24200000,
        "costAndExpenses": 44300000,
        "interestIncome": 0,
        "interestExpense": 0,
        "depreciationAndAmortization": 12400000,
        "ebitda": 32000000,
        "ebitdaratio": 0.5007824726,
        "operatingIncome": 19600000,
        "operatingIncomeRatio": 0.3067292645,
        "totalOtherIncomeExpensesNet": -4400000,
        "incomeBeforeTax": 15100000,
        "incomeBeforeTaxRatio": 0.2363067293,
        "incomeTaxExpense": 5800000,
        "netIncome": 9300000,
        "netIncomeRatio": 0.1455399061,
        "eps": 0.0475,
        "epsdiluted": 0.0475,
        "weightedAverageShsOut": 195789474,
        "weightedAverageShsOutDil": 195789474,
        "link": "https://www.sec.gov/Archives/edgar/data/7332/000000733296000013/0000007332-96-000013-index.html",
        "finalLink": "https://www.sec.gov/Archives/edgar/data/7332/"
    },
    {
        "date": "1995-12-31",
        "symbol": "SWN",
        "reportedCurrency": "USD",
        "cik": "0000007332",
        "fillingDate": "1996-03-29",
        "acceptedDate": "1996-03-29 00:00:00",
        "calendarYear": "1995",
        "period": "Q4",
        "revenue": 45300000,
        "costOfRevenue": 12700000,
        "grossProfit": 32600000,
        "grossProfitRatio": 0.7196467991,
        "researchAndDevelopmentExpenses": 0,
        "generalAndAdministrativeExpenses": 0,
        "sellingAndMarketingExpenses": 0,
        "sellingGeneralAndAdministrativeExpenses": 0,
        "otherExpenses": 22300000,
        "operatingExpenses": 22300000,
        "costAndExpenses": 35000000,
        "interestIncome": 0,
        "interestExpense": 0,
        "depreciationAndAmortization": 7700000,
        "ebitda": 18000000,
        "ebitdaratio": 0.3973509934,
        "operatingIncome": 10300000,
        "operatingIncomeRatio": 0.2273730684,
        "totalOtherIncomeExpensesNet": -2000000,
        "incomeBeforeTax": 8300000,
        "incomeBeforeTaxRatio": 0.1832229581,
        "incomeTaxExpense": 3300000,
        "netIncome": 4700000,
        "netIncomeRatio": 0.1037527594,
        "eps": 0.0234,
        "epsdiluted": 0.0234,
        "weightedAverageShsOut": 196444444,
        "weightedAverageShsOutDil": 201046248,
        "link": "https://www.sec.gov/Archives/edgar/data/7332/000000733296000010/0000007332-96-000010-index.html",
        "finalLink": "https://www.sec.gov/Archives/edgar/data/7332/"
    },
    {
        "date": "1995-09-30",
        "symbol": "SWN",
        "reportedCurrency": "USD",
        "cik": "0000007332",
        "fillingDate": "1995-11-14",
        "acceptedDate": "1995-11-14 00:00:00",
        "calendarYear": "1995",
        "period": "Q3",
        "revenue": 25500000,
        "costOfRevenue": 3000000,
        "grossProfit": 22500000,
        "grossProfitRatio": 0.8823529412,
        "researchAndDevelopmentExpenses": 0,
        "generalAndAdministrativeExpenses": 0,
        "sellingAndMarketingExpenses": 0,
        "sellingGeneralAndAdministrativeExpenses": 0,
        "otherExpenses": 20500000,
        "operatingExpenses": 20500000,
        "costAndExpenses": 23500000,
        "interestIncome": 0,
        "interestExpense": 0,
        "depreciationAndAmortization": 9800000,
        "ebitda": 11800000,
        "ebitdaratio": 0.462745098,
        "operatingIncome": 2000000,
        "operatingIncomeRatio": 0.0784313725,
        "totalOtherIncomeExpensesNet": -3800000,
        "incomeBeforeTax": -1800000,
        "incomeBeforeTaxRatio": -0.0705882353,
        "incomeTaxExpense": -700000,
        "netIncome": -1100000,
        "netIncomeRatio": -0.0431372549,
        "eps": -0.005,
        "epsdiluted": -0.005,
        "weightedAverageShsOut": 220000000,
        "weightedAverageShsOutDil": 220000000,
        "link": "https://www.sec.gov/Archives/edgar/data/7332/000000733295000019/0000007332-95-000019-index.html",
        "finalLink": "https://www.sec.gov/Archives/edgar/data/7332/"
    },
    {
        "date": "1995-06-30",
        "symbol": "SWN",
        "reportedCurrency": "USD",
        "cik": "0000007332",
        "fillingDate": "1995-08-14",
        "acceptedDate": "1995-08-14 00:00:00",
        "calendarYear": "1995",
        "period": "Q2",
        "revenue": 30600000,
        "costOfRevenue": 5700000,
        "grossProfit": 24900000,
        "grossProfitRatio": 0.8137254902,
        "researchAndDevelopmentExpenses": 0,
        "generalAndAdministrativeExpenses": 0,
        "sellingAndMarketingExpenses": 0,
        "sellingGeneralAndAdministrativeExpenses": 0,
        "otherExpenses": 21000000,
        "operatingExpenses": 21000000,
        "costAndExpenses": 26700000,
        "interestIncome": 0,
        "interestExpense": 0,
        "depreciationAndAmortization": 9700000,
        "ebitda": 13600000,
        "ebitdaratio": 0.4444444444,
        "operatingIncome": 3900000,
        "operatingIncomeRatio": 0.1274509804,
        "totalOtherIncomeExpensesNet": -3200000,
        "incomeBeforeTax": 700000,
        "incomeBeforeTaxRatio": 0.022875817,
        "incomeTaxExpense": 300000,
        "netIncome": 400000,
        "netIncomeRatio": 0.0130718954,
        "eps": 0.0025,
        "epsdiluted": 0.0025,
        "weightedAverageShsOut": 160000000,
        "weightedAverageShsOutDil": 160000000,
        "link": "https://www.sec.gov/Archives/edgar/data/7332/000000733295000015/0000007332-95-000015-index.html",
        "finalLink": "https://www.sec.gov/Archives/edgar/data/7332/"
    },
    {
        "date": "1995-03-31",
        "symbol": "SWN",
        "reportedCurrency": "USD",
        "cik": "0000007332",
        "fillingDate": "1995-05-15",
        "acceptedDate": "1995-05-15 00:00:00",
        "calendarYear": "1995",
        "period": "Q1",
        "revenue": 51800000,
        "costOfRevenue": 15600000,
        "grossProfit": 36200000,
        "grossProfitRatio": 0.6988416988,
        "researchAndDevelopmentExpenses": 0,
        "generalAndAdministrativeExpenses": 0,
        "sellingAndMarketingExpenses": 0,
        "sellingGeneralAndAdministrativeExpenses": 0,
        "otherExpenses": 21000000,
        "operatingExpenses": 21000000,
        "costAndExpenses": 36600000,
        "interestIncome": 0,
        "interestExpense": 0,
        "depreciationAndAmortization": 10300000,
        "ebitda": 25500000,
        "ebitdaratio": 0.4922779923,
        "operatingIncome": 15200000,
        "operatingIncomeRatio": 0.2934362934,
        "totalOtherIncomeExpensesNet": -3600000,
        "incomeBeforeTax": 11500000,
        "incomeBeforeTaxRatio": 0.222007722,
        "incomeTaxExpense": 4400000,
        "netIncome": 7100000,
        "netIncomeRatio": 0.1370656371,
        "eps": 0.035,
        "epsdiluted": 0.035,
        "weightedAverageShsOut": 202857143,
        "weightedAverageShsOutDil": 202857143,
        "link": "https://www.sec.gov/Archives/edgar/data/7332/000000733295000010/0000007332-95-000010-index.html",
        "finalLink": "https://www.sec.gov/Archives/edgar/data/7332/"
    },
    {
        "date": "1994-12-31",
        "symbol": "SWN",
        "reportedCurrency": "USD",
        "cik": "0000007332",
        "fillingDate": "1995-03-31",
        "acceptedDate": "1995-03-31 00:00:00",
        "calendarYear": "1994",
        "period": "Q4",
        "revenue": 42300000,
        "costOfRevenue": 8400000,
        "grossProfit": 33900000,
        "grossProfitRatio": 0.8014184397,
        "researchAndDevelopmentExpenses": 0,
        "generalAndAdministrativeExpenses": 0,
        "sellingAndMarketingExpenses": 0,
        "sellingGeneralAndAdministrativeExpenses": 0,
        "otherExpenses": 22100000,
        "operatingExpenses": 22100000,
        "costAndExpenses": 30500000,
        "interestIncome": 0,
        "interestExpense": 0,
        "depreciationAndAmortization": 10400000,
        "ebitda": 22200000,
        "ebitdaratio": 0.524822695,
        "operatingIncome": 11800000,
        "operatingIncomeRatio": 0.2789598109,
        "totalOtherIncomeExpensesNet": -3500000,
        "incomeBeforeTax": 8300000,
        "incomeBeforeTaxRatio": 0.1962174941,
        "incomeTaxExpense": 3200000,
        "netIncome": 5100000,
        "netIncomeRatio": 0.1205673759,
        "eps": 0.0248,
        "epsdiluted": 0.0248,
        "weightedAverageShsOut": 204207221,
        "weightedAverageShsOutDil": 205472880,
        "link": "https://www.sec.gov/Archives/edgar/data/7332/000093066195000059/0000930661-95-000059-index.html",
        "finalLink": "https://www.sec.gov/Archives/edgar/data/7332/"
    },
    {
        "date": "1994-09-30",
        "symbol": "SWN",
        "reportedCurrency": "USD",
        "cik": "0000007332",
        "fillingDate": "1994-11-14",
        "acceptedDate": "1994-11-14 00:00:00",
        "calendarYear": "1994",
        "period": "Q3",
        "revenue": 27900000,
        "costOfRevenue": 2400000,
        "grossProfit": 25500000,
        "grossProfitRatio": 0.9139784946,
        "researchAndDevelopmentExpenses": 0,
        "generalAndAdministrativeExpenses": 0,
        "sellingAndMarketingExpenses": 0,
        "sellingGeneralAndAdministrativeExpenses": 0,
        "otherExpenses": 19000000,
        "operatingExpenses": 19000000,
        "costAndExpenses": 21400000,
        "interestIncome": 0,
        "interestExpense": 0,
        "depreciationAndAmortization": 8800000,
        "ebitda": 15300000,
        "ebitdaratio": 0.5483870968,
        "operatingIncome": 6500000,
        "operatingIncomeRatio": 0.2329749104,
        "totalOtherIncomeExpensesNet": -3100000,
        "incomeBeforeTax": 3400000,
        "incomeBeforeTaxRatio": 0.1218637993,
        "incomeTaxExpense": 1300000,
        "netIncome": 2100000,
        "netIncomeRatio": 0.0752688172,
        "eps": 0.0113,
        "epsdiluted": 0.0113,
        "weightedAverageShsOut": 186666667,
        "weightedAverageShsOutDil": 186666667,
        "link": "https://www.sec.gov/Archives/edgar/data/7332/000000733294000023/0000007332-94-000023-index.html",
        "finalLink": "https://www.sec.gov/Archives/edgar/data/7332/"
    },
    {
        "date": "1994-06-30",
        "symbol": "SWN",
        "reportedCurrency": "USD",
        "cik": "0000007332",
        "fillingDate": "1994-08-15",
        "acceptedDate": "1994-08-15 00:00:00",
        "calendarYear": "1994",
        "period": "Q2",
        "revenue": 34600000,
        "costOfRevenue": 4300000,
        "grossProfit": 30300000,
        "grossProfitRatio": 0.8757225434,
        "researchAndDevelopmentExpenses": 0,
        "generalAndAdministrativeExpenses": 0,
        "sellingAndMarketingExpenses": 0,
        "sellingGeneralAndAdministrativeExpenses": 0,
        "otherExpenses": 19800000,
        "operatingExpenses": 19800000,
        "costAndExpenses": 24100000,
        "interestIncome": 0,
        "interestExpense": 0,
        "depreciationAndAmortization": 9100000,
        "ebitda": 19600000,
        "ebitdaratio": 0.5664739884,
        "operatingIncome": 10500000,
        "operatingIncomeRatio": 0.3034682081,
        "totalOtherIncomeExpensesNet": -2700000,
        "incomeBeforeTax": 7800000,
        "incomeBeforeTaxRatio": 0.225433526,
        "incomeTaxExpense": 3000000,
        "netIncome": 4800000,
        "netIncomeRatio": 0.1387283237,
        "eps": 0.0225,
        "epsdiluted": 0.0225,
        "weightedAverageShsOut": 213333333,
        "weightedAverageShsOutDil": 213333333,
        "link": "https://www.sec.gov/Archives/edgar/data/7332/000000733294000015/0000007332-94-000015-index.html",
        "finalLink": "https://www.sec.gov/Archives/edgar/data/7332/"
    },
    {
        "date": "1994-03-31",
        "symbol": "SWN",
        "reportedCurrency": "USD",
        "cik": "0000007332",
        "fillingDate": "1994-05-16",
        "acceptedDate": "1994-05-16 00:00:00",
        "calendarYear": "1994",
        "period": "Q1",
        "revenue": 65400000,
        "costOfRevenue": 21300000,
        "grossProfit": 44100000,
        "grossProfitRatio": 0.6743119266,
        "researchAndDevelopmentExpenses": 0,
        "generalAndAdministrativeExpenses": 0,
        "sellingAndMarketingExpenses": 0,
        "sellingGeneralAndAdministrativeExpenses": 0,
        "otherExpenses": 20600000,
        "operatingExpenses": 20600000,
        "costAndExpenses": 41900000,
        "interestIncome": 0,
        "interestExpense": 0,
        "depreciationAndAmortization": 10000000,
        "ebitda": 33500000,
        "ebitdaratio": 0.5122324159,
        "operatingIncome": 23500000,
        "operatingIncomeRatio": 0.3593272171,
        "totalOtherIncomeExpensesNet": -2400000,
        "incomeBeforeTax": 21100000,
        "incomeBeforeTaxRatio": 0.3226299694,
        "incomeTaxExpense": 8100000,
        "netIncome": 13000000,
        "netIncomeRatio": 0.1987767584,
        "eps": 0.0638,
        "epsdiluted": 0.0638,
        "weightedAverageShsOut": 203921569,
        "weightedAverageShsOutDil": 203921569,
        "link": "https://www.sec.gov/Archives/edgar/data/7332/000000733294000013/0000007332-94-000013-index.html",
        "finalLink": "https://www.sec.gov/Archives/edgar/data/7332/"
    },
    {
        "date": "1993-12-31",
        "symbol": "SWN",
        "reportedCurrency": "USD",
        "cik": "0000007332",
        "fillingDate": "1994-03-30",
        "acceptedDate": "1994-03-30 00:00:00",
        "calendarYear": "1993",
        "period": "Q4",
        "revenue": 53100000,
        "costOfRevenue": 0,
        "grossProfit": 53100000,
        "grossProfitRatio": 1,
        "researchAndDevelopmentExpenses": 0,
        "generalAndAdministrativeExpenses": 0,
        "sellingAndMarketingExpenses": 0,
        "sellingGeneralAndAdministrativeExpenses": 0,
        "otherExpenses": 0,
        "operatingExpenses": 0,
        "costAndExpenses": 0,
        "interestIncome": 0,
        "interestExpense": 0,
        "depreciationAndAmortization": 0,
        "ebitda": 53100000,
        "ebitdaratio": 1,
        "operatingIncome": 53100000,
        "operatingIncomeRatio": 1,
        "totalOtherIncomeExpensesNet": -42500000,
        "incomeBeforeTax": 10600000,
        "incomeBeforeTaxRatio": 0.1996233522,
        "incomeTaxExpense": 0,
        "netIncome": 10600000,
        "netIncomeRatio": 0.1996233522,
        "eps": 0.0513,
        "epsdiluted": 0.0513,
        "weightedAverageShsOut": 206666667,
        "weightedAverageShsOutDil": 206666667,
        "link": "https://www.sec.gov/Archives/edgar/data/7332/000091205794001183/0000912057-94-001183-index.html",
        "finalLink": "https://www.sec.gov/Archives/edgar/data/7332/"
    },
    {
        "date": "1993-09-30",
        "symbol": "SWN",
        "reportedCurrency": "USD",
        "cik": "0000007332",
        "fillingDate": "1993-09-30",
        "acceptedDate": "1993-09-30 00:00:00",
        "calendarYear": "1993",
        "period": "Q3",
        "revenue": 28500000,
        "costOfRevenue": 0,
        "grossProfit": 28500000,
        "grossProfitRatio": 1,
        "researchAndDevelopmentExpenses": 0,
        "generalAndAdministrativeExpenses": 0,
        "sellingAndMarketingExpenses": 0,
        "sellingGeneralAndAdministrativeExpenses": 0,
        "otherExpenses": 0,
        "operatingExpenses": 0,
        "costAndExpenses": 0,
        "interestIncome": 0,
        "interestExpense": 0,
        "depreciationAndAmortization": 0,
        "ebitda": 28500000,
        "ebitdaratio": 1,
        "operatingIncome": 28500000,
        "operatingIncomeRatio": 1,
        "totalOtherIncomeExpensesNet": -27100000,
        "incomeBeforeTax": 1400000,
        "incomeBeforeTaxRatio": 0.049122807,
        "incomeTaxExpense": 0,
        "netIncome": 1400000,
        "netIncomeRatio": 0.049122807,
        "eps": 0.0063,
        "epsdiluted": 0.0063,
        "weightedAverageShsOut": 224000000,
        "weightedAverageShsOutDil": 224000000,
        "link": null,
        "finalLink": null
    },
    {
        "date": "1993-06-30",
        "symbol": "SWN",
        "reportedCurrency": "USD",
        "cik": "0000007332",
        "fillingDate": "1993-06-30",
        "acceptedDate": "1993-06-30 00:00:00",
        "calendarYear": "1993",
        "period": "Q2",
        "revenue": 34000000,
        "costOfRevenue": 0,
        "grossProfit": 34000000,
        "grossProfitRatio": 1,
        "researchAndDevelopmentExpenses": 0,
        "generalAndAdministrativeExpenses": 0,
        "sellingAndMarketingExpenses": 0,
        "sellingGeneralAndAdministrativeExpenses": 0,
        "otherExpenses": 0,
        "operatingExpenses": 0,
        "costAndExpenses": 0,
        "interestIncome": 0,
        "interestExpense": 0,
        "depreciationAndAmortization": 0,
        "ebitda": 34000000,
        "ebitdaratio": 1,
        "operatingIncome": 34000000,
        "operatingIncomeRatio": 1,
        "totalOtherIncomeExpensesNet": -30300000,
        "incomeBeforeTax": 3700000,
        "incomeBeforeTaxRatio": 0.1088235294,
        "incomeTaxExpense": 0,
        "netIncome": 3700000,
        "netIncomeRatio": 0.1088235294,
        "eps": 0.0188,
        "epsdiluted": 0.0188,
        "weightedAverageShsOut": 197333333,
        "weightedAverageShsOutDil": 197333333,
        "link": null,
        "finalLink": null
    },
    {
        "date": "1993-03-31",
        "symbol": "SWN",
        "reportedCurrency": "USD",
        "cik": "0000007332",
        "fillingDate": "1993-03-31",
        "acceptedDate": "1993-03-31 00:00:00",
        "calendarYear": "1993",
        "period": "Q1",
        "revenue": 58400000,
        "costOfRevenue": 0,
        "grossProfit": 58400000,
        "grossProfitRatio": 1,
        "researchAndDevelopmentExpenses": 0,
        "generalAndAdministrativeExpenses": 0,
        "sellingAndMarketingExpenses": 0,
        "sellingGeneralAndAdministrativeExpenses": 0,
        "otherExpenses": 0,
        "operatingExpenses": 0,
        "costAndExpenses": 0,
        "interestIncome": 0,
        "interestExpense": 0,
        "depreciationAndAmortization": 0,
        "ebitda": 58400000,
        "ebitdaratio": 1,
        "operatingIncome": 58400000,
        "operatingIncomeRatio": 1,
        "totalOtherIncomeExpensesNet": -58400000,
        "incomeBeforeTax": 21500000,
        "incomeBeforeTaxRatio": 0.3681506849,
        "incomeTaxExpense": -21500000,
        "netIncome": 21500000,
        "netIncomeRatio": 0.3681506849,
        "eps": 0.1,
        "epsdiluted": 0.1,
        "weightedAverageShsOut": 207228916,
        "weightedAverageShsOutDil": 207228916,
        "link": null,
        "finalLink": null
    },
    {
        "date": "1992-12-31",
        "symbol": "SWN",
        "reportedCurrency": "USD",
        "cik": "0000007332",
        "fillingDate": "1992-12-31",
        "acceptedDate": "1992-12-31 00:00:00",
        "calendarYear": "1992",
        "period": "Q4",
        "revenue": 46200000,
        "costOfRevenue": 0,
        "grossProfit": 46200000,
        "grossProfitRatio": 1,
        "researchAndDevelopmentExpenses": 0,
        "generalAndAdministrativeExpenses": 0,
        "sellingAndMarketingExpenses": 0,
        "sellingGeneralAndAdministrativeExpenses": 0,
        "otherExpenses": 0,
        "operatingExpenses": 0,
        "costAndExpenses": 0,
        "interestIncome": 0,
        "interestExpense": 0,
        "depreciationAndAmortization": 0,
        "ebitda": 46200000,
        "ebitdaratio": 1,
        "operatingIncome": 46200000,
        "operatingIncomeRatio": 1,
        "totalOtherIncomeExpensesNet": -36300000,
        "incomeBeforeTax": 9900000,
        "incomeBeforeTaxRatio": 0.2142857143,
        "incomeTaxExpense": 0,
        "netIncome": 9900000,
        "netIncomeRatio": 0.2142857143,
        "eps": 0.0483,
        "epsdiluted": 0.0483,
        "weightedAverageShsOut": 200229885,
        "weightedAverageShsOutDil": 205057471,
        "link": null,
        "finalLink": null
    },
    {
        "date": "1992-09-30",
        "symbol": "SWN",
        "reportedCurrency": "USD",
        "cik": "0000007332",
        "fillingDate": "1992-09-30",
        "acceptedDate": "1992-09-30 00:00:00",
        "calendarYear": "1992",
        "period": "Q3",
        "revenue": 21000000,
        "costOfRevenue": 0,
        "grossProfit": 21000000,
        "grossProfitRatio": 1,
        "researchAndDevelopmentExpenses": 0,
        "generalAndAdministrativeExpenses": 0,
        "sellingAndMarketingExpenses": 0,
        "sellingGeneralAndAdministrativeExpenses": 0,
        "otherExpenses": 0,
        "operatingExpenses": 0,
        "costAndExpenses": 0,
        "interestIncome": 0,
        "interestExpense": 0,
        "depreciationAndAmortization": 0,
        "ebitda": 21000000,
        "ebitdaratio": 1,
        "operatingIncome": 21000000,
        "operatingIncomeRatio": 1,
        "totalOtherIncomeExpensesNet": -19200000,
        "incomeBeforeTax": 1800000,
        "incomeBeforeTaxRatio": 0.0857142857,
        "incomeTaxExpense": 0,
        "netIncome": 1800000,
        "netIncomeRatio": 0.0857142857,
        "eps": 0.0088,
        "epsdiluted": 0.0088,
        "weightedAverageShsOut": 205714286,
        "weightedAverageShsOutDil": 205714286,
        "link": null,
        "finalLink": null
    },
    {
        "date": "1992-06-30",
        "symbol": "SWN",
        "reportedCurrency": "USD",
        "cik": "0000007332",
        "fillingDate": "1992-06-30",
        "acceptedDate": "1992-06-30 00:00:00",
        "calendarYear": "1992",
        "period": "Q2",
        "revenue": 25100000,
        "costOfRevenue": 0,
        "grossProfit": 25100000,
        "grossProfitRatio": 1,
        "researchAndDevelopmentExpenses": 0,
        "generalAndAdministrativeExpenses": 0,
        "sellingAndMarketingExpenses": 0,
        "sellingGeneralAndAdministrativeExpenses": 0,
        "otherExpenses": 0,
        "operatingExpenses": 0,
        "costAndExpenses": 0,
        "interestIncome": 0,
        "interestExpense": 0,
        "depreciationAndAmortization": 0,
        "ebitda": 25100000,
        "ebitdaratio": 1,
        "operatingIncome": 25100000,
        "operatingIncomeRatio": 1,
        "totalOtherIncomeExpensesNet": -23300000,
        "incomeBeforeTax": 1800000,
        "incomeBeforeTaxRatio": 0.0717131474,
        "incomeTaxExpense": 0,
        "netIncome": 1800000,
        "netIncomeRatio": 0.0717131474,
        "eps": 0.0088,
        "epsdiluted": 0.0088,
        "weightedAverageShsOut": 205714286,
        "weightedAverageShsOutDil": 205714286,
        "link": null,
        "finalLink": null
    },
    {
        "date": "1992-03-31",
        "symbol": "SWN",
        "reportedCurrency": "USD",
        "cik": "0000007332",
        "fillingDate": "1992-03-31",
        "acceptedDate": "1992-03-31 00:00:00",
        "calendarYear": "1992",
        "period": "Q1",
        "revenue": 48900000,
        "costOfRevenue": 0,
        "grossProfit": 48900000,
        "grossProfitRatio": 1,
        "researchAndDevelopmentExpenses": 0,
        "generalAndAdministrativeExpenses": 0,
        "sellingAndMarketingExpenses": 0,
        "sellingGeneralAndAdministrativeExpenses": 0,
        "otherExpenses": 0,
        "operatingExpenses": 0,
        "costAndExpenses": 0,
        "interestIncome": 0,
        "interestExpense": 0,
        "depreciationAndAmortization": 0,
        "ebitda": 48900000,
        "ebitdaratio": 1,
        "operatingIncome": 48900000,
        "operatingIncomeRatio": 1,
        "totalOtherIncomeExpensesNet": -40100000,
        "incomeBeforeTax": 8800000,
        "incomeBeforeTaxRatio": 0.1799591002,
        "incomeTaxExpense": 0,
        "netIncome": 8800000,
        "netIncomeRatio": 0.1799591002,
        "eps": 0.0425,
        "epsdiluted": 0.0425,
        "weightedAverageShsOut": 207058824,
        "weightedAverageShsOutDil": 207058824,
        "link": null,
        "finalLink": null
    },
    {
        "date": "1991-12-31",
        "symbol": "SWN",
        "reportedCurrency": "USD",
        "cik": "0000007332",
        "fillingDate": "1991-12-31",
        "acceptedDate": "1991-12-31 00:00:00",
        "calendarYear": "1991",
        "period": "Q4",
        "revenue": 43500000,
        "costOfRevenue": 0,
        "grossProfit": 43500000,
        "grossProfitRatio": 1,
        "researchAndDevelopmentExpenses": 0,
        "generalAndAdministrativeExpenses": 0,
        "sellingAndMarketingExpenses": 0,
        "sellingGeneralAndAdministrativeExpenses": 0,
        "otherExpenses": 0,
        "operatingExpenses": 0,
        "costAndExpenses": 0,
        "interestIncome": 0,
        "interestExpense": 0,
        "depreciationAndAmortization": 0,
        "ebitda": 43500000,
        "ebitdaratio": 1,
        "operatingIncome": 43500000,
        "operatingIncomeRatio": 1,
        "totalOtherIncomeExpensesNet": -36200000,
        "incomeBeforeTax": 7300000,
        "incomeBeforeTaxRatio": 0.167816092,
        "incomeTaxExpense": 0,
        "netIncome": 7300000,
        "netIncomeRatio": 0.167816092,
        "eps": 0.0354,
        "epsdiluted": 0.0354,
        "weightedAverageShsOut": 206153846,
        "weightedAverageShsOutDil": 206153846,
        "link": null,
        "finalLink": null
    },
    {
        "date": "1991-09-30",
        "symbol": "SWN",
        "reportedCurrency": "USD",
        "cik": "0000007332",
        "fillingDate": "1991-09-30",
        "acceptedDate": "1991-09-30 00:00:00",
        "calendarYear": "1991",
        "period": "Q3",
        "revenue": 20200000,
        "costOfRevenue": 0,
        "grossProfit": 20200000,
        "grossProfitRatio": 1,
        "researchAndDevelopmentExpenses": 0,
        "generalAndAdministrativeExpenses": 0,
        "sellingAndMarketingExpenses": 0,
        "sellingGeneralAndAdministrativeExpenses": 0,
        "otherExpenses": 0,
        "operatingExpenses": 0,
        "costAndExpenses": 0,
        "interestIncome": 0,
        "interestExpense": 0,
        "depreciationAndAmortization": 0,
        "ebitda": 20200000,
        "ebitdaratio": 1,
        "operatingIncome": 20200000,
        "operatingIncomeRatio": 1,
        "totalOtherIncomeExpensesNet": -19100000,
        "incomeBeforeTax": 1100000,
        "incomeBeforeTaxRatio": 0.0544554455,
        "incomeTaxExpense": 0,
        "netIncome": 1100000,
        "netIncomeRatio": 0.0544554455,
        "eps": 0.005,
        "epsdiluted": 0.005,
        "weightedAverageShsOut": 220000000,
        "weightedAverageShsOutDil": 220000000,
        "link": null,
        "finalLink": null
    },
    {
        "date": "1991-06-30",
        "symbol": "SWN",
        "reportedCurrency": "USD",
        "cik": "0000007332",
        "fillingDate": "1991-06-30",
        "acceptedDate": "1991-06-30 00:00:00",
        "calendarYear": "1991",
        "period": "Q2",
        "revenue": 22400000,
        "costOfRevenue": 0,
        "grossProfit": 22400000,
        "grossProfitRatio": 1,
        "researchAndDevelopmentExpenses": 0,
        "generalAndAdministrativeExpenses": 0,
        "sellingAndMarketingExpenses": 0,
        "sellingGeneralAndAdministrativeExpenses": 0,
        "otherExpenses": 0,
        "operatingExpenses": 0,
        "costAndExpenses": 0,
        "interestIncome": 0,
        "interestExpense": 0,
        "depreciationAndAmortization": 0,
        "ebitda": 22400000,
        "ebitdaratio": 1,
        "operatingIncome": 22400000,
        "operatingIncomeRatio": 1,
        "totalOtherIncomeExpensesNet": -20700000,
        "incomeBeforeTax": 1700000,
        "incomeBeforeTaxRatio": 0.0758928571,
        "incomeTaxExpense": 0,
        "netIncome": 1700000,
        "netIncomeRatio": 0.0758928571,
        "eps": 0.0088,
        "epsdiluted": 0.0088,
        "weightedAverageShsOut": 194285714,
        "weightedAverageShsOutDil": 194285714,
        "link": null,
        "finalLink": null
    },
    {
        "date": "1991-03-31",
        "symbol": "SWN",
        "reportedCurrency": "USD",
        "cik": "0000007332",
        "fillingDate": "1991-03-31",
        "acceptedDate": "1991-03-31 00:00:00",
        "calendarYear": "1991",
        "period": "Q1",
        "revenue": 50300000,
        "costOfRevenue": 0,
        "grossProfit": 50300000,
        "grossProfitRatio": 1,
        "researchAndDevelopmentExpenses": 0,
        "generalAndAdministrativeExpenses": 0,
        "sellingAndMarketingExpenses": 0,
        "sellingGeneralAndAdministrativeExpenses": 0,
        "otherExpenses": 0,
        "operatingExpenses": 0,
        "costAndExpenses": 0,
        "interestIncome": 0,
        "interestExpense": 0,
        "depreciationAndAmortization": 0,
        "ebitda": 50300000,
        "ebitdaratio": 1,
        "operatingIncome": 50300000,
        "operatingIncomeRatio": 1,
        "totalOtherIncomeExpensesNet": -40300000,
        "incomeBeforeTax": 10000000,
        "incomeBeforeTaxRatio": 0.1988071571,
        "incomeTaxExpense": 0,
        "netIncome": 10000000,
        "netIncomeRatio": 0.1988071571,
        "eps": 0.0488,
        "epsdiluted": 0.0488,
        "weightedAverageShsOut": 205128205,
        "weightedAverageShsOutDil": 205128205,
        "link": null,
        "finalLink": null
    },
    {
        "date": "1990-12-31",
        "symbol": "SWN",
        "reportedCurrency": "USD",
        "cik": "0000007332",
        "fillingDate": "1990-12-31",
        "acceptedDate": "1990-12-31 00:00:00",
        "calendarYear": "1990",
        "period": "Q4",
        "revenue": 36700000,
        "costOfRevenue": 0,
        "grossProfit": 36700000,
        "grossProfitRatio": 1,
        "researchAndDevelopmentExpenses": 0,
        "generalAndAdministrativeExpenses": 0,
        "sellingAndMarketingExpenses": 0,
        "sellingGeneralAndAdministrativeExpenses": 0,
        "otherExpenses": 0,
        "operatingExpenses": 0,
        "costAndExpenses": 0,
        "interestIncome": 0,
        "interestExpense": 0,
        "depreciationAndAmortization": 0,
        "ebitda": 36700000,
        "ebitdaratio": 1,
        "operatingIncome": 36700000,
        "operatingIncomeRatio": 1,
        "totalOtherIncomeExpensesNet": -30000000,
        "incomeBeforeTax": 6700000,
        "incomeBeforeTaxRatio": 0.1825613079,
        "incomeTaxExpense": 0,
        "netIncome": 6700000,
        "netIncomeRatio": 0.1825613079,
        "eps": 0.0329,
        "epsdiluted": 0.0329,
        "weightedAverageShsOut": 203508772,
        "weightedAverageShsOutDil": 203508772,
        "link": null,
        "finalLink": null
    },
    {
        "date": "1990-09-30",
        "symbol": "SWN",
        "reportedCurrency": "USD",
        "cik": "0000007332",
        "fillingDate": "1990-09-30",
        "acceptedDate": "1990-09-30 00:00:00",
        "calendarYear": "1990",
        "period": "Q3",
        "revenue": 16300000,
        "costOfRevenue": 0,
        "grossProfit": 16300000,
        "grossProfitRatio": 1,
        "researchAndDevelopmentExpenses": 0,
        "generalAndAdministrativeExpenses": 0,
        "sellingAndMarketingExpenses": 0,
        "sellingGeneralAndAdministrativeExpenses": 0,
        "otherExpenses": 0,
        "operatingExpenses": 0,
        "costAndExpenses": 0,
        "interestIncome": 0,
        "interestExpense": 0,
        "depreciationAndAmortization": 0,
        "ebitda": 16300000,
        "ebitdaratio": 1,
        "operatingIncome": 16300000,
        "operatingIncomeRatio": 1,
        "totalOtherIncomeExpensesNet": -15600000,
        "incomeBeforeTax": 700000,
        "incomeBeforeTaxRatio": 0.0429447853,
        "incomeTaxExpense": 0,
        "netIncome": 700000,
        "netIncomeRatio": 0.0429447853,
        "eps": 0.0038,
        "epsdiluted": 0.0038,
        "weightedAverageShsOut": 186666667,
        "weightedAverageShsOutDil": 186666667,
        "link": null,
        "finalLink": null
    },
    {
        "date": "1990-06-30",
        "symbol": "SWN",
        "reportedCurrency": "USD",
        "cik": "0000007332",
        "fillingDate": "1990-06-30",
        "acceptedDate": "1990-06-30 00:00:00",
        "calendarYear": "1990",
        "period": "Q2",
        "revenue": 22100000,
        "costOfRevenue": 0,
        "grossProfit": 22100000,
        "grossProfitRatio": 1,
        "researchAndDevelopmentExpenses": 0,
        "generalAndAdministrativeExpenses": 0,
        "sellingAndMarketingExpenses": 0,
        "sellingGeneralAndAdministrativeExpenses": 0,
        "otherExpenses": 0,
        "operatingExpenses": 0,
        "costAndExpenses": 0,
        "interestIncome": 0,
        "interestExpense": 0,
        "depreciationAndAmortization": 0,
        "ebitda": 22100000,
        "ebitdaratio": 1,
        "operatingIncome": 22100000,
        "operatingIncomeRatio": 1,
        "totalOtherIncomeExpensesNet": -20700000,
        "incomeBeforeTax": 1400000,
        "incomeBeforeTaxRatio": 0.0633484163,
        "incomeTaxExpense": 0,
        "netIncome": 1400000,
        "netIncomeRatio": 0.0633484163,
        "eps": 0.0075,
        "epsdiluted": 0.0075,
        "weightedAverageShsOut": 186666667,
        "weightedAverageShsOutDil": 186666667,
        "link": null,
        "finalLink": null
    },
    {
        "date": "1990-03-31",
        "symbol": "SWN",
        "reportedCurrency": "USD",
        "cik": "0000007332",
        "fillingDate": "1990-03-31",
        "acceptedDate": "1990-03-31 00:00:00",
        "calendarYear": "1990",
        "period": "Q1",
        "revenue": 42000000,
        "costOfRevenue": 0,
        "grossProfit": 42000000,
        "grossProfitRatio": 1,
        "researchAndDevelopmentExpenses": 0,
        "generalAndAdministrativeExpenses": 0,
        "sellingAndMarketingExpenses": 0,
        "sellingGeneralAndAdministrativeExpenses": 0,
        "otherExpenses": 0,
        "operatingExpenses": 0,
        "costAndExpenses": 0,
        "interestIncome": 0,
        "interestExpense": 0,
        "depreciationAndAmortization": 0,
        "ebitda": 42000000,
        "ebitdaratio": 1,
        "operatingIncome": 42000000,
        "operatingIncomeRatio": 1,
        "totalOtherIncomeExpensesNet": -36300000,
        "incomeBeforeTax": 5700000,
        "incomeBeforeTaxRatio": 0.1357142857,
        "incomeTaxExpense": 0,
        "netIncome": 5700000,
        "netIncomeRatio": 0.1357142857,
        "eps": 0.0288,
        "epsdiluted": 0.0288,
        "weightedAverageShsOut": 198260870,
        "weightedAverageShsOutDil": 198260870,
        "link": null,
        "finalLink": null
    },
    {
        "date": "1989-12-31",
        "symbol": "SWN",
        "reportedCurrency": "USD",
        "cik": "0000007332",
        "fillingDate": "1989-12-31",
        "acceptedDate": "1989-12-31 00:00:00",
        "calendarYear": "1989",
        "period": "Q4",
        "revenue": 38000000,
        "costOfRevenue": 0,
        "grossProfit": 38000000,
        "grossProfitRatio": 1,
        "researchAndDevelopmentExpenses": 0,
        "generalAndAdministrativeExpenses": 0,
        "sellingAndMarketingExpenses": 0,
        "sellingGeneralAndAdministrativeExpenses": 0,
        "otherExpenses": 0,
        "operatingExpenses": 0,
        "costAndExpenses": 0,
        "interestIncome": 0,
        "interestExpense": 0,
        "depreciationAndAmortization": 0,
        "ebitda": 38000000,
        "ebitdaratio": 1,
        "operatingIncome": 38000000,
        "operatingIncomeRatio": 1,
        "totalOtherIncomeExpensesNet": -38000000,
        "incomeBeforeTax": 0,
        "incomeBeforeTaxRatio": 0,
        "incomeTaxExpense": 0,
        "netIncome": 6100000,
        "netIncomeRatio": 0.1605263158,
        "eps": 0.03,
        "epsdiluted": 0.03,
        "weightedAverageShsOut": 200000000,
        "weightedAverageShsOutDil": 200000000,
        "link": null,
        "finalLink": null
    },
    {
        "date": "1989-09-30",
        "symbol": "SWN",
        "reportedCurrency": "USD",
        "cik": "0000007332",
        "fillingDate": "1989-09-30",
        "acceptedDate": "1989-09-30 00:00:00",
        "calendarYear": "1989",
        "period": "Q3",
        "revenue": 16700000,
        "costOfRevenue": 0,
        "grossProfit": 16700000,
        "grossProfitRatio": 1,
        "researchAndDevelopmentExpenses": 0,
        "generalAndAdministrativeExpenses": 0,
        "sellingAndMarketingExpenses": 0,
        "sellingGeneralAndAdministrativeExpenses": 0,
        "otherExpenses": 0,
        "operatingExpenses": 0,
        "costAndExpenses": 0,
        "interestIncome": 0,
        "interestExpense": 0,
        "depreciationAndAmortization": 0,
        "ebitda": 16700000,
        "ebitdaratio": 1,
        "operatingIncome": 16700000,
        "operatingIncomeRatio": 1,
        "totalOtherIncomeExpensesNet": -16700000,
        "incomeBeforeTax": 0,
        "incomeBeforeTaxRatio": 0,
        "incomeTaxExpense": 0,
        "netIncome": 400000,
        "netIncomeRatio": 0.0239520958,
        "eps": 0.0025,
        "epsdiluted": 0.0025,
        "weightedAverageShsOut": 200000000,
        "weightedAverageShsOutDil": 200000000,
        "link": null,
        "finalLink": null
    },
    {
        "date": "1989-06-30",
        "symbol": "SWN",
        "reportedCurrency": "USD",
        "cik": "0000007332",
        "fillingDate": "1989-06-30",
        "acceptedDate": "1989-06-30 00:00:00",
        "calendarYear": "1989",
        "period": "Q2",
        "revenue": 21200000,
        "costOfRevenue": 0,
        "grossProfit": 21200000,
        "grossProfitRatio": 1,
        "researchAndDevelopmentExpenses": 0,
        "generalAndAdministrativeExpenses": 0,
        "sellingAndMarketingExpenses": 0,
        "sellingGeneralAndAdministrativeExpenses": 0,
        "otherExpenses": 0,
        "operatingExpenses": 0,
        "costAndExpenses": 0,
        "interestIncome": 0,
        "interestExpense": 0,
        "depreciationAndAmortization": 0,
        "ebitda": 21200000,
        "ebitdaratio": 1,
        "operatingIncome": 21200000,
        "operatingIncomeRatio": 1,
        "totalOtherIncomeExpensesNet": -20400000,
        "incomeBeforeTax": 800000,
        "incomeBeforeTaxRatio": 0.0377358491,
        "incomeTaxExpense": 0,
        "netIncome": 800000,
        "netIncomeRatio": 0.0377358491,
        "eps": 0.0038,
        "epsdiluted": 0.0038,
        "weightedAverageShsOut": 213333333,
        "weightedAverageShsOutDil": 213333333,
        "link": null,
        "finalLink": null
    },
    {
        "date": "1989-03-31",
        "symbol": "SWN",
        "reportedCurrency": "USD",
        "cik": "0000007332",
        "fillingDate": "1989-03-31",
        "acceptedDate": "1989-03-31 00:00:00",
        "calendarYear": "1989",
        "period": "Q1",
        "revenue": 46400000,
        "costOfRevenue": 0,
        "grossProfit": 46400000,
        "grossProfitRatio": 1,
        "researchAndDevelopmentExpenses": 0,
        "generalAndAdministrativeExpenses": 0,
        "sellingAndMarketingExpenses": 0,
        "sellingGeneralAndAdministrativeExpenses": 0,
        "otherExpenses": 0,
        "operatingExpenses": 0,
        "costAndExpenses": 0,
        "interestIncome": 0,
        "interestExpense": 0,
        "depreciationAndAmortization": 0,
        "ebitda": 46400000,
        "ebitdaratio": 1,
        "operatingIncome": 46400000,
        "operatingIncomeRatio": 1,
        "totalOtherIncomeExpensesNet": -46400000,
        "incomeBeforeTax": 0,
        "incomeBeforeTaxRatio": 0,
        "incomeTaxExpense": 0,
        "netIncome": 6700000,
        "netIncomeRatio": 0.1443965517,
        "eps": 0.0338,
        "epsdiluted": 0.0338,
        "weightedAverageShsOut": 199712000,
        "weightedAverageShsOutDil": 199712000,
        "link": null,
        "finalLink": null
    },
    {
        "date": "1988-12-31",
        "symbol": "SWN",
        "reportedCurrency": "USD",
        "cik": "0000007332",
        "fillingDate": "1988-12-31",
        "acceptedDate": "1988-12-31 00:00:00",
        "calendarYear": "1988",
        "period": "Q4",
        "revenue": 33800000,
        "costOfRevenue": 0,
        "grossProfit": 33800000,
        "grossProfitRatio": 1,
        "researchAndDevelopmentExpenses": 0,
        "generalAndAdministrativeExpenses": 0,
        "sellingAndMarketingExpenses": 0,
        "sellingGeneralAndAdministrativeExpenses": 0,
        "otherExpenses": 0,
        "operatingExpenses": 0,
        "costAndExpenses": 0,
        "interestIncome": 0,
        "interestExpense": 0,
        "depreciationAndAmortization": 0,
        "ebitda": 33800000,
        "ebitdaratio": 1,
        "operatingIncome": 33800000,
        "operatingIncomeRatio": 1,
        "totalOtherIncomeExpensesNet": -33800000,
        "incomeBeforeTax": 0,
        "incomeBeforeTaxRatio": 0,
        "incomeTaxExpense": 0,
        "netIncome": 4900000,
        "netIncomeRatio": 0.1449704142,
        "eps": 0.025,
        "epsdiluted": 0.025,
        "weightedAverageShsOut": 199712000,
        "weightedAverageShsOutDil": 200000000,
        "link": null,
        "finalLink": null
    },
    {
        "date": "1988-09-30",
        "symbol": "SWN",
        "reportedCurrency": "USD",
        "cik": "0000007332",
        "fillingDate": "1988-09-30",
        "acceptedDate": "1988-09-30 00:00:00",
        "calendarYear": "1988",
        "period": "Q3",
        "revenue": 14700000,
        "costOfRevenue": 0,
        "grossProfit": 14700000,
        "grossProfitRatio": 1,
        "researchAndDevelopmentExpenses": 0,
        "generalAndAdministrativeExpenses": 0,
        "sellingAndMarketingExpenses": 0,
        "sellingGeneralAndAdministrativeExpenses": 0,
        "otherExpenses": 0,
        "operatingExpenses": 0,
        "costAndExpenses": 0,
        "interestIncome": 0,
        "interestExpense": 0,
        "depreciationAndAmortization": 0,
        "ebitda": 14700000,
        "ebitdaratio": 1,
        "operatingIncome": 14700000,
        "operatingIncomeRatio": 1,
        "totalOtherIncomeExpensesNet": -14700000,
        "incomeBeforeTax": 0,
        "incomeBeforeTaxRatio": 0,
        "incomeTaxExpense": 0,
        "netIncome": -400000,
        "netIncomeRatio": -0.0272108844,
        "eps": -0.0025,
        "epsdiluted": -0.0025,
        "weightedAverageShsOut": 199712000,
        "weightedAverageShsOutDil": 199712000,
        "link": null,
        "finalLink": null
    },
    {
        "date": "1988-06-30",
        "symbol": "SWN",
        "reportedCurrency": "USD",
        "cik": "0000007332",
        "fillingDate": "1988-06-30",
        "acceptedDate": "1988-06-30 00:00:00",
        "calendarYear": "1988",
        "period": "Q2",
        "revenue": 15900000,
        "costOfRevenue": 0,
        "grossProfit": 15900000,
        "grossProfitRatio": 1,
        "researchAndDevelopmentExpenses": 0,
        "generalAndAdministrativeExpenses": 0,
        "sellingAndMarketingExpenses": 0,
        "sellingGeneralAndAdministrativeExpenses": 0,
        "otherExpenses": 0,
        "operatingExpenses": 0,
        "costAndExpenses": 0,
        "interestIncome": 0,
        "interestExpense": 0,
        "depreciationAndAmortization": 0,
        "ebitda": 15900000,
        "ebitdaratio": 1,
        "operatingIncome": 15900000,
        "operatingIncomeRatio": 1,
        "totalOtherIncomeExpensesNet": -15900000,
        "incomeBeforeTax": 0,
        "incomeBeforeTaxRatio": 0,
        "incomeTaxExpense": 0,
        "netIncome": 600000,
        "netIncomeRatio": 0.0377358491,
        "eps": 0.0025,
        "epsdiluted": 0.0025,
        "weightedAverageShsOut": 199712000,
        "weightedAverageShsOutDil": 199712000,
        "link": null,
        "finalLink": null
    },
    {
        "date": "1988-03-31",
        "symbol": "SWN",
        "reportedCurrency": "USD",
        "cik": "0000007332",
        "fillingDate": "1988-03-31",
        "acceptedDate": "1988-03-31 00:00:00",
        "calendarYear": "1988",
        "period": "Q1",
        "revenue": 30900000,
        "costOfRevenue": 0,
        "grossProfit": 30900000,
        "grossProfitRatio": 1,
        "researchAndDevelopmentExpenses": 0,
        "generalAndAdministrativeExpenses": 0,
        "sellingAndMarketingExpenses": 0,
        "sellingGeneralAndAdministrativeExpenses": 0,
        "otherExpenses": 0,
        "operatingExpenses": 0,
        "costAndExpenses": 0,
        "interestIncome": 0,
        "interestExpense": 0,
        "depreciationAndAmortization": 0,
        "ebitda": 30900000,
        "ebitdaratio": 1,
        "operatingIncome": 30900000,
        "operatingIncomeRatio": 1,
        "totalOtherIncomeExpensesNet": -30900000,
        "incomeBeforeTax": 0,
        "incomeBeforeTaxRatio": 0,
        "incomeTaxExpense": 0,
        "netIncome": 6400000,
        "netIncomeRatio": 0.2071197411,
        "eps": 0.0325,
        "epsdiluted": 0.0325,
        "weightedAverageShsOut": 199712000,
        "weightedAverageShsOutDil": 199712000,
        "link": null,
        "finalLink": null
    },
    {
        "date": "1987-12-31",
        "symbol": "SWN",
        "reportedCurrency": "USD",
        "cik": "0000007332",
        "fillingDate": "1987-12-31",
        "acceptedDate": "1987-12-31 00:00:00",
        "calendarYear": "1987",
        "period": "Q4",
        "revenue": 20400000,
        "costOfRevenue": 0,
        "grossProfit": 20400000,
        "grossProfitRatio": 1,
        "researchAndDevelopmentExpenses": 0,
        "generalAndAdministrativeExpenses": 0,
        "sellingAndMarketingExpenses": 0,
        "sellingGeneralAndAdministrativeExpenses": 0,
        "otherExpenses": 0,
        "operatingExpenses": 0,
        "costAndExpenses": 0,
        "interestIncome": 0,
        "interestExpense": 0,
        "depreciationAndAmortization": 0,
        "ebitda": 20400000,
        "ebitdaratio": 1,
        "operatingIncome": 20400000,
        "operatingIncomeRatio": 1,
        "totalOtherIncomeExpensesNet": -20400000,
        "incomeBeforeTax": 0,
        "incomeBeforeTaxRatio": 0,
        "incomeTaxExpense": 0,
        "netIncome": 4000000,
        "netIncomeRatio": 0.1960784314,
        "eps": 0.02,
        "epsdiluted": 0.02,
        "weightedAverageShsOut": 199376000,
        "weightedAverageShsOutDil": 201025641,
        "link": null,
        "finalLink": null
    },
    {
        "date": "1987-09-30",
        "symbol": "SWN",
        "reportedCurrency": "USD",
        "cik": "0000007332",
        "fillingDate": "1987-09-30",
        "acceptedDate": "1987-09-30 00:00:00",
        "calendarYear": "1987",
        "period": "Q3",
        "revenue": 10700000,
        "costOfRevenue": 0,
        "grossProfit": 10700000,
        "grossProfitRatio": 1,
        "researchAndDevelopmentExpenses": 0,
        "generalAndAdministrativeExpenses": 0,
        "sellingAndMarketingExpenses": 0,
        "sellingGeneralAndAdministrativeExpenses": 0,
        "otherExpenses": 0,
        "operatingExpenses": 0,
        "costAndExpenses": 0,
        "interestIncome": 0,
        "interestExpense": 0,
        "depreciationAndAmortization": 0,
        "ebitda": 10700000,
        "ebitdaratio": 1,
        "operatingIncome": 10700000,
        "operatingIncomeRatio": 1,
        "totalOtherIncomeExpensesNet": -10700000,
        "incomeBeforeTax": 0,
        "incomeBeforeTaxRatio": 0,
        "incomeTaxExpense": 0,
        "netIncome": 700000,
        "netIncomeRatio": 0.0654205607,
        "eps": 0.0038,
        "epsdiluted": 0.0038,
        "weightedAverageShsOut": 199760000,
        "weightedAverageShsOutDil": 199760000,
        "link": null,
        "finalLink": null
    },
    {
        "date": "1987-06-30",
        "symbol": "SWN",
        "reportedCurrency": "USD",
        "cik": "0000007332",
        "fillingDate": "1987-06-30",
        "acceptedDate": "1987-06-30 00:00:00",
        "calendarYear": "1987",
        "period": "Q2",
        "revenue": 13900000,
        "costOfRevenue": 0,
        "grossProfit": 13900000,
        "grossProfitRatio": 1,
        "researchAndDevelopmentExpenses": 0,
        "generalAndAdministrativeExpenses": 0,
        "sellingAndMarketingExpenses": 0,
        "sellingGeneralAndAdministrativeExpenses": 0,
        "otherExpenses": 0,
        "operatingExpenses": 0,
        "costAndExpenses": 0,
        "interestIncome": 0,
        "interestExpense": 0,
        "depreciationAndAmortization": 0,
        "ebitda": 13900000,
        "ebitdaratio": 1,
        "operatingIncome": 13900000,
        "operatingIncomeRatio": 1,
        "totalOtherIncomeExpensesNet": -13900000,
        "incomeBeforeTax": 0,
        "incomeBeforeTaxRatio": 0,
        "incomeTaxExpense": 0,
        "netIncome": 900000,
        "netIncomeRatio": 0.0647482014,
        "eps": 0.005,
        "epsdiluted": 0.005,
        "weightedAverageShsOut": 199760000,
        "weightedAverageShsOutDil": 199760000,
        "link": null,
        "finalLink": null
    },
    {
        "date": "1987-03-31",
        "symbol": "SWN",
        "reportedCurrency": "USD",
        "cik": "0000007332",
        "fillingDate": "1987-03-31",
        "acceptedDate": "1987-03-31 00:00:00",
        "calendarYear": "1987",
        "period": "Q1",
        "revenue": 26300000,
        "costOfRevenue": 0,
        "grossProfit": 26300000,
        "grossProfitRatio": 1,
        "researchAndDevelopmentExpenses": 0,
        "generalAndAdministrativeExpenses": 0,
        "sellingAndMarketingExpenses": 0,
        "sellingGeneralAndAdministrativeExpenses": 0,
        "otherExpenses": 0,
        "operatingExpenses": 0,
        "costAndExpenses": 0,
        "interestIncome": 0,
        "interestExpense": 0,
        "depreciationAndAmortization": 0,
        "ebitda": 26300000,
        "ebitdaratio": 1,
        "operatingIncome": 26300000,
        "operatingIncomeRatio": 1,
        "totalOtherIncomeExpensesNet": -26300000,
        "incomeBeforeTax": 0,
        "incomeBeforeTaxRatio": 0,
        "incomeTaxExpense": 0,
        "netIncome": 4300000,
        "netIncomeRatio": 0.1634980989,
        "eps": 0.0213,
        "epsdiluted": 0.0213,
        "weightedAverageShsOut": 199760000,
        "weightedAverageShsOutDil": 199760000,
        "link": null,
        "finalLink": null
    },
    {
        "date": "1986-12-31",
        "symbol": "SWN",
        "reportedCurrency": "USD",
        "cik": "0000007332",
        "fillingDate": "1986-12-31",
        "acceptedDate": "1986-12-31 00:00:00",
        "calendarYear": "1986",
        "period": "Q4",
        "revenue": 20800000,
        "costOfRevenue": 0,
        "grossProfit": 20800000,
        "grossProfitRatio": 1,
        "researchAndDevelopmentExpenses": 0,
        "generalAndAdministrativeExpenses": 0,
        "sellingAndMarketingExpenses": 0,
        "sellingGeneralAndAdministrativeExpenses": 0,
        "otherExpenses": 0,
        "operatingExpenses": 0,
        "costAndExpenses": 0,
        "interestIncome": 0,
        "interestExpense": 0,
        "depreciationAndAmortization": 0,
        "ebitda": 20800000,
        "ebitdaratio": 1,
        "operatingIncome": 20800000,
        "operatingIncomeRatio": 1,
        "totalOtherIncomeExpensesNet": -20800000,
        "incomeBeforeTax": 0,
        "incomeBeforeTaxRatio": 0,
        "incomeTaxExpense": 0,
        "netIncome": 4800000,
        "netIncomeRatio": 0.2307692308,
        "eps": 0.0238,
        "epsdiluted": 0.0238,
        "weightedAverageShsOut": 198518519,
        "weightedAverageShsOutDil": 198518519,
        "link": null,
        "finalLink": null
    },
    {
        "date": "1986-09-30",
        "symbol": "SWN",
        "reportedCurrency": "USD",
        "cik": "0000007332",
        "fillingDate": "1986-09-30",
        "acceptedDate": "1986-09-30 00:00:00",
        "calendarYear": "1986",
        "period": "Q3",
        "revenue": 11900000,
        "costOfRevenue": 0,
        "grossProfit": 11900000,
        "grossProfitRatio": 1,
        "researchAndDevelopmentExpenses": 0,
        "generalAndAdministrativeExpenses": 0,
        "sellingAndMarketingExpenses": 0,
        "sellingGeneralAndAdministrativeExpenses": 0,
        "otherExpenses": 0,
        "operatingExpenses": 0,
        "costAndExpenses": 0,
        "interestIncome": 0,
        "interestExpense": 0,
        "depreciationAndAmortization": 0,
        "ebitda": 11900000,
        "ebitdaratio": 1,
        "operatingIncome": 11900000,
        "operatingIncomeRatio": 1,
        "totalOtherIncomeExpensesNet": -11900000,
        "incomeBeforeTax": 0,
        "incomeBeforeTaxRatio": 0,
        "incomeTaxExpense": 0,
        "netIncome": 1700000,
        "netIncomeRatio": 0.1428571429,
        "eps": 0.0088,
        "epsdiluted": 0.0088,
        "weightedAverageShsOut": 199760000,
        "weightedAverageShsOutDil": 199760000,
        "link": null,
        "finalLink": null
    },
    {
        "date": "1986-06-30",
        "symbol": "SWN",
        "reportedCurrency": "USD",
        "cik": "0000007332",
        "fillingDate": "1986-06-30",
        "acceptedDate": "1986-06-30 00:00:00",
        "calendarYear": "1986",
        "period": "Q2",
        "revenue": 15300000,
        "costOfRevenue": 0,
        "grossProfit": 15300000,
        "grossProfitRatio": 1,
        "researchAndDevelopmentExpenses": 0,
        "generalAndAdministrativeExpenses": 0,
        "sellingAndMarketingExpenses": 0,
        "sellingGeneralAndAdministrativeExpenses": 0,
        "otherExpenses": 0,
        "operatingExpenses": 0,
        "costAndExpenses": 0,
        "interestIncome": 0,
        "interestExpense": 0,
        "depreciationAndAmortization": 0,
        "ebitda": 15300000,
        "ebitdaratio": 1,
        "operatingIncome": 15300000,
        "operatingIncomeRatio": 1,
        "totalOtherIncomeExpensesNet": -15300000,
        "incomeBeforeTax": 0,
        "incomeBeforeTaxRatio": 0,
        "incomeTaxExpense": 0,
        "netIncome": 1900000,
        "netIncomeRatio": 0.1241830065,
        "eps": 0.01,
        "epsdiluted": 0.01,
        "weightedAverageShsOut": 199760000,
        "weightedAverageShsOutDil": 199760000,
        "link": null,
        "finalLink": null
    },
    {
        "date": "1986-03-31",
        "symbol": "SWN",
        "reportedCurrency": "USD",
        "cik": "0000007332",
        "fillingDate": "1986-03-31",
        "acceptedDate": "1986-03-31 00:00:00",
        "calendarYear": "1986",
        "period": "Q1",
        "revenue": 29800000,
        "costOfRevenue": 0,
        "grossProfit": 29800000,
        "grossProfitRatio": 1,
        "researchAndDevelopmentExpenses": 0,
        "generalAndAdministrativeExpenses": 0,
        "sellingAndMarketingExpenses": 0,
        "sellingGeneralAndAdministrativeExpenses": 0,
        "otherExpenses": 0,
        "operatingExpenses": 0,
        "costAndExpenses": 0,
        "interestIncome": 0,
        "interestExpense": 0,
        "depreciationAndAmortization": 0,
        "ebitda": 29800000,
        "ebitdaratio": 1,
        "operatingIncome": 29800000,
        "operatingIncomeRatio": 1,
        "totalOtherIncomeExpensesNet": -29800000,
        "incomeBeforeTax": 0,
        "incomeBeforeTaxRatio": 0,
        "incomeTaxExpense": 0,
        "netIncome": 5000000,
        "netIncomeRatio": 0.1677852349,
        "eps": 0.025,
        "epsdiluted": 0.025,
        "weightedAverageShsOut": 199760000,
        "weightedAverageShsOutDil": 199760000,
        "link": null,
        "finalLink": null
    },
    {
        "date": "1985-12-31",
        "symbol": "SWN",
        "reportedCurrency": "USD",
        "cik": "0000007332",
        "fillingDate": "1985-12-31",
        "acceptedDate": "1985-12-31 00:00:00",
        "calendarYear": "1985",
        "period": "Q4",
        "revenue": 20800000,
        "costOfRevenue": 0,
        "grossProfit": 20800000,
        "grossProfitRatio": 1,
        "researchAndDevelopmentExpenses": 0,
        "generalAndAdministrativeExpenses": 0,
        "sellingAndMarketingExpenses": 0,
        "sellingGeneralAndAdministrativeExpenses": 0,
        "otherExpenses": 0,
        "operatingExpenses": 0,
        "costAndExpenses": 0,
        "interestIncome": 0,
        "interestExpense": 0,
        "depreciationAndAmortization": 0,
        "ebitda": 20800000,
        "ebitdaratio": 1,
        "operatingIncome": 20800000,
        "operatingIncomeRatio": 1,
        "totalOtherIncomeExpensesNet": -20800000,
        "incomeBeforeTax": 0,
        "incomeBeforeTaxRatio": 0,
        "incomeTaxExpense": 0,
        "netIncome": 4400000,
        "netIncomeRatio": 0.2115384615,
        "eps": 0.0225,
        "epsdiluted": 0.0225,
        "weightedAverageShsOut": 210000000,
        "weightedAverageShsOutDil": 210000000,
        "link": null,
        "finalLink": null
    },
    {
        "date": "1985-09-30",
        "symbol": "SWN",
        "reportedCurrency": "USD",
        "cik": "0000007332",
        "fillingDate": "1985-09-30",
        "acceptedDate": "1985-09-30 00:00:00",
        "calendarYear": "1985",
        "period": "Q3",
        "revenue": 19400000,
        "costOfRevenue": 0,
        "grossProfit": 19400000,
        "grossProfitRatio": 1,
        "researchAndDevelopmentExpenses": 0,
        "generalAndAdministrativeExpenses": 0,
        "sellingAndMarketingExpenses": 0,
        "sellingGeneralAndAdministrativeExpenses": 0,
        "otherExpenses": 0,
        "operatingExpenses": 0,
        "costAndExpenses": 0,
        "interestIncome": 0,
        "interestExpense": 0,
        "depreciationAndAmortization": 0,
        "ebitda": 19400000,
        "ebitdaratio": 1,
        "operatingIncome": 19400000,
        "operatingIncomeRatio": 1,
        "totalOtherIncomeExpensesNet": -19400000,
        "incomeBeforeTax": 0,
        "incomeBeforeTaxRatio": 0,
        "incomeTaxExpense": 0,
        "netIncome": 3800000,
        "netIncomeRatio": 0.1958762887,
        "eps": 0.02,
        "epsdiluted": 0.02,
        "weightedAverageShsOut": 199760000,
        "weightedAverageShsOutDil": 199760000,
        "link": null,
        "finalLink": null
    }
]