[
    {
        "date": "2025-06-29",
        "symbol": "TFX",
        "reportedCurrency": "USD",
        "cik": "0000096943",
        "fillingDate": "2025-07-31",
        "acceptedDate": "2025-07-31 11:05:11",
        "calendarYear": "2025",
        "period": "Q2",
        "revenue": 780889000,
        "costOfRevenue": 349804000,
        "grossProfit": 431085000,
        "grossProfitRatio": 0.5520438884,
        "researchAndDevelopmentExpenses": 38521000,
        "generalAndAdministrativeExpenses": 0,
        "sellingAndMarketingExpenses": 0,
        "sellingGeneralAndAdministrativeExpenses": 215081000,
        "otherExpenses": 22172000,
        "operatingExpenses": 275774000,
        "costAndExpenses": 625578000,
        "interestIncome": 1643000,
        "interestExpense": 21708000,
        "depreciationAndAmortization": 65712000,
        "ebitda": 222666000,
        "ebitdaratio": 0.2851442395,
        "operatingIncome": 155311000,
        "operatingIncomeRatio": 0.1988899831,
        "totalOtherIncomeExpensesNet": -20065000,
        "incomeBeforeTax": 135246000,
        "incomeBeforeTaxRatio": 0.1731949099,
        "incomeTaxExpense": 12662000,
        "netIncome": 122580000,
        "netIncomeRatio": 0.156974935,
        "eps": 2.68,
        "epsdiluted": 2.67,
        "weightedAverageShsOut": 45782000,
        "weightedAverageShsOutDil": 45926000,
        "link": "https://www.sec.gov/Archives/edgar/data/96943/000009694325000115/0000096943-25-000115-index.htm",
        "finalLink": "https://www.sec.gov/Archives/edgar/data/96943/000009694325000115/tfx-20250629.htm"
    },
    {
        "date": "2025-03-30",
        "symbol": "TFX",
        "reportedCurrency": "USD",
        "cik": "0000096943",
        "fillingDate": "2025-05-01",
        "acceptedDate": "2025-05-01 11:49:55",
        "calendarYear": "2025",
        "period": "Q1",
        "revenue": 700669000,
        "costOfRevenue": 311230000,
        "grossProfit": 389439000,
        "grossProfitRatio": 0.5558102328,
        "researchAndDevelopmentExpenses": 36404000,
        "generalAndAdministrativeExpenses": 0,
        "sellingAndMarketingExpenses": 0,
        "sellingGeneralAndAdministrativeExpenses": 222710000,
        "otherExpenses": 0,
        "operatingExpenses": 263869000,
        "costAndExpenses": 575099000,
        "interestIncome": 1917000,
        "interestExpense": 18544000,
        "depreciationAndAmortization": -32383000,
        "ebitda": 95104000,
        "ebitdaratio": 0.135733135,
        "operatingIncome": 125570000,
        "operatingIncomeRatio": 0.1792144365,
        "totalOtherIncomeExpensesNet": -16627000,
        "incomeBeforeTax": 108943000,
        "incomeBeforeTaxRatio": 0.1554842586,
        "incomeTaxExpense": 13839000,
        "netIncome": 95002000,
        "netIncomeRatio": 0.1355875599,
        "eps": 2.08,
        "epsdiluted": 2.07,
        "weightedAverageShsOut": 45782000,
        "weightedAverageShsOutDil": 45926000,
        "link": "https://www.sec.gov/Archives/edgar/data/96943/000009694325000077/0000096943-25-000077-index.htm",
        "finalLink": "https://www.sec.gov/Archives/edgar/data/96943/000009694325000077/tfx-20250330.htm"
    },
    {
        "date": "2024-12-31",
        "symbol": "TFX",
        "reportedCurrency": "USD",
        "cik": "0000096943",
        "fillingDate": "2025-02-28",
        "acceptedDate": "2025-02-28 08:46:38",
        "calendarYear": "2024",
        "period": "Q4",
        "revenue": 795409000,
        "costOfRevenue": 355494000,
        "grossProfit": 439915000,
        "grossProfitRatio": 0.5530676671,
        "researchAndDevelopmentExpenses": 44553000,
        "generalAndAdministrativeExpenses": 0,
        "sellingAndMarketingExpenses": 0,
        "sellingGeneralAndAdministrativeExpenses": 254553000,
        "otherExpenses": 251192000,
        "operatingExpenses": 559498000,
        "costAndExpenses": 905792000,
        "interestIncome": 2258000,
        "interestExpense": 18635000,
        "depreciationAndAmortization": 71792000,
        "ebitda": -36333000,
        "ebitdaratio": -0.0456783868,
        "operatingIncome": -110383000,
        "operatingIncomeRatio": -0.1387751459,
        "totalOtherIncomeExpensesNet": -16377000,
        "incomeBeforeTax": -126760000,
        "incomeBeforeTaxRatio": -0.1593645533,
        "incomeTaxExpense": 9902000,
        "netIncome": -136656000,
        "netIncomeRatio": -0.1718059514,
        "eps": -2.95,
        "epsdiluted": -2.95,
        "weightedAverageShsOut": 46320000,
        "weightedAverageShsOutDil": 46373000,
        "link": "https://www.sec.gov/Archives/edgar/data/96943/000009694325000031/0000096943-25-000031-index.htm",
        "finalLink": "https://www.sec.gov/Archives/edgar/data/96943/000009694325000031/tfx-20241231.htm"
    },
    {
        "date": "2024-09-29",
        "symbol": "TFX",
        "reportedCurrency": "USD",
        "cik": "0000096943",
        "fillingDate": "2024-10-31",
        "acceptedDate": "2024-10-31 11:38:17",
        "calendarYear": "2024",
        "period": "Q3",
        "revenue": 764375000,
        "costOfRevenue": 334203000,
        "grossProfit": 430172000,
        "grossProfitRatio": 0.5627761243,
        "researchAndDevelopmentExpenses": 38726000,
        "generalAndAdministrativeExpenses": 0,
        "sellingAndMarketingExpenses": 0,
        "sellingGeneralAndAdministrativeExpenses": 247257000,
        "otherExpenses": 0,
        "operatingExpenses": 285983000,
        "costAndExpenses": 620186000,
        "interestIncome": 2298000,
        "interestExpense": 21058000,
        "depreciationAndAmortization": 68636000,
        "ebitda": 220245000,
        "ebitdaratio": 0.2881373671,
        "operatingIncome": 149311000,
        "operatingIncomeRatio": 0.1953373671,
        "totalOtherIncomeExpensesNet": -18760000,
        "incomeBeforeTax": 130551000,
        "incomeBeforeTaxRatio": 0.1707944399,
        "incomeTaxExpense": 19633000,
        "netIncome": 111004000,
        "netIncomeRatio": 0.1452219133,
        "eps": 2.38,
        "epsdiluted": 2.36,
        "weightedAverageShsOut": 46724000,
        "weightedAverageShsOutDil": 47012000,
        "link": "https://www.sec.gov/Archives/edgar/data/96943/000009694324000148/0000096943-24-000148-index.htm",
        "finalLink": "https://www.sec.gov/Archives/edgar/data/96943/000009694324000148/tfx-20240929.htm"
    },
    {
        "date": "2024-06-30",
        "symbol": "TFX",
        "reportedCurrency": "USD",
        "cik": "0000096943",
        "fillingDate": "2024-08-02",
        "acceptedDate": "2024-08-02 09:08:26",
        "calendarYear": "2024",
        "period": "Q2",
        "revenue": 749691000,
        "costOfRevenue": 331833000,
        "grossProfit": 417858000,
        "grossProfitRatio": 0.5573736379,
        "researchAndDevelopmentExpenses": 41094000,
        "generalAndAdministrativeExpenses": 0,
        "sellingAndMarketingExpenses": 0,
        "sellingGeneralAndAdministrativeExpenses": 250631000,
        "otherExpenses": 0,
        "operatingExpenses": 291725000,
        "costAndExpenses": 623558000,
        "interestIncome": 1787000,
        "interestExpense": 21168000,
        "depreciationAndAmortization": 68129000,
        "ebitda": 191421000,
        "ebitdaratio": 0.2553331973,
        "operatingIncome": 126133000,
        "operatingIncomeRatio": 0.168246651,
        "totalOtherIncomeExpensesNet": -28636000,
        "incomeBeforeTax": 97497000,
        "incomeBeforeTaxRatio": 0.1300495804,
        "incomeTaxExpense": 17332000,
        "netIncome": 80038000,
        "netIncomeRatio": 0.106761319,
        "eps": 1.7,
        "epsdiluted": 1.69,
        "weightedAverageShsOut": 47151000,
        "weightedAverageShsOutDil": 47361000,
        "link": "https://www.sec.gov/Archives/edgar/data/96943/000009694324000132/0000096943-24-000132-index.htm",
        "finalLink": "https://www.sec.gov/Archives/edgar/data/96943/000009694324000132/tfx-20240630.htm"
    },
    {
        "date": "2024-03-31",
        "symbol": "TFX",
        "reportedCurrency": "USD",
        "cik": "0000096943",
        "fillingDate": "2024-05-03",
        "acceptedDate": "2024-05-03 12:41:46",
        "calendarYear": "2024",
        "period": "Q1",
        "revenue": 737849000,
        "costOfRevenue": 321715000,
        "grossProfit": 416134000,
        "grossProfitRatio": 0.5639826035,
        "researchAndDevelopmentExpenses": 37299000,
        "generalAndAdministrativeExpenses": 380969000,
        "sellingAndMarketingExpenses": -138139000,
        "sellingGeneralAndAdministrativeExpenses": 242830000,
        "otherExpenses": 0,
        "operatingExpenses": 280129000,
        "costAndExpenses": 601844000,
        "interestIncome": 1666000,
        "interestExpense": 22683000,
        "depreciationAndAmortization": 66044000,
        "ebitda": 62917000,
        "ebitdaratio": 0.0852708345,
        "operatingIncome": 136005000,
        "operatingIncomeRatio": 0.1843263324,
        "totalOtherIncomeExpensesNet": -21017000,
        "incomeBeforeTax": -25810000,
        "incomeBeforeTaxRatio": -0.0349800569,
        "incomeTaxExpense": -41551000,
        "netIncome": 15289000,
        "netIncomeRatio": 0.0207210418,
        "eps": 0.32,
        "epsdiluted": 0.32,
        "weightedAverageShsOut": 47068000,
        "weightedAverageShsOutDil": 47394000,
        "link": "https://www.sec.gov/Archives/edgar/data/96943/000009694324000072/0000096943-24-000072-index.htm",
        "finalLink": "https://www.sec.gov/Archives/edgar/data/96943/000009694324000072/tfx-20240331.htm"
    },
    {
        "date": "2023-12-31",
        "symbol": "TFX",
        "reportedCurrency": "USD",
        "cik": "0000096943",
        "fillingDate": "2024-02-23",
        "acceptedDate": "2024-02-23 12:23:11",
        "calendarYear": "2023",
        "period": "Q4",
        "revenue": 773909000,
        "costOfRevenue": 342492000,
        "grossProfit": 431417000,
        "grossProfitRatio": 0.5574518451,
        "researchAndDevelopmentExpenses": 35858000,
        "generalAndAdministrativeExpenses": 0,
        "sellingAndMarketingExpenses": 0,
        "sellingGeneralAndAdministrativeExpenses": 260651000,
        "otherExpenses": 0,
        "operatingExpenses": 296509000,
        "costAndExpenses": 639001000,
        "interestIncome": 3295000,
        "interestExpense": 25791000,
        "depreciationAndAmortization": 64201000,
        "ebitda": 156819000,
        "ebitdaratio": 0.2026323508,
        "operatingIncome": 82468000,
        "operatingIncomeRatio": 0.106560332,
        "totalOtherIncomeExpensesNet": -22496000,
        "incomeBeforeTax": 59972000,
        "incomeBeforeTaxRatio": 0.077492315,
        "incomeTaxExpense": 28789000,
        "netIncome": 31105000,
        "netIncomeRatio": 0.0401920639,
        "eps": 0.66,
        "epsdiluted": 0.66,
        "weightedAverageShsOut": 47002000,
        "weightedAverageShsOutDil": 47301000,
        "link": "https://www.sec.gov/Archives/edgar/data/96943/000009694324000036/0000096943-24-000036-index.htm",
        "finalLink": "https://www.sec.gov/Archives/edgar/data/96943/000009694324000036/tfx-20231231.htm"
    },
    {
        "date": "2023-10-01",
        "symbol": "TFX",
        "reportedCurrency": "USD",
        "cik": "0000096943",
        "fillingDate": "2023-11-03",
        "acceptedDate": "2023-11-03 08:09:18",
        "calendarYear": "2023",
        "period": "Q3",
        "revenue": 746389000,
        "costOfRevenue": 330078000,
        "grossProfit": 416311000,
        "grossProfitRatio": 0.5577667945,
        "researchAndDevelopmentExpenses": 37576000,
        "generalAndAdministrativeExpenses": 0,
        "sellingAndMarketingExpenses": 0,
        "sellingGeneralAndAdministrativeExpenses": 213194000,
        "otherExpenses": 0,
        "operatingExpenses": 250770000,
        "costAndExpenses": 580848000,
        "interestIncome": 7487000,
        "interestExpense": 23192000,
        "depreciationAndAmortization": 57594000,
        "ebitda": 239061000,
        "ebitdaratio": 0.32029009,
        "operatingIncome": 137670000,
        "operatingIncomeRatio": 0.1844480559,
        "totalOtherIncomeExpensesNet": -15705000,
        "incomeBeforeTax": 149605000,
        "incomeBeforeTaxRatio": 0.2004383773,
        "incomeTaxExpense": 11935000,
        "netIncome": 137140000,
        "netIncomeRatio": 0.1837379704,
        "eps": 2.92,
        "epsdiluted": 2.9,
        "weightedAverageShsOut": 46992000,
        "weightedAverageShsOutDil": 47299000,
        "link": "https://www.sec.gov/Archives/edgar/data/96943/000009694323000102/0000096943-23-000102-index.htm",
        "finalLink": "https://www.sec.gov/Archives/edgar/data/96943/000009694323000102/tfx-20231001.htm"
    },
    {
        "date": "2023-07-02",
        "symbol": "TFX",
        "reportedCurrency": "USD",
        "cik": "0000096943",
        "fillingDate": "2023-08-03",
        "acceptedDate": "2023-08-03 12:02:11",
        "calendarYear": "2023",
        "period": "Q2",
        "revenue": 743259000,
        "costOfRevenue": 335436000,
        "grossProfit": 407823000,
        "grossProfitRatio": 0.5486956767,
        "researchAndDevelopmentExpenses": 39448000,
        "generalAndAdministrativeExpenses": 0,
        "sellingAndMarketingExpenses": 0,
        "sellingGeneralAndAdministrativeExpenses": 223306000,
        "otherExpenses": 0,
        "operatingExpenses": 262754000,
        "costAndExpenses": 598190000,
        "interestIncome": 1156000,
        "interestExpense": 17762000,
        "depreciationAndAmortization": 60496000,
        "ebitda": 210393000,
        "ebitdaratio": 0.2830682171,
        "operatingIncome": 143561000,
        "operatingIncomeRatio": 0.1931507052,
        "totalOtherIncomeExpensesNet": -16606000,
        "incomeBeforeTax": 126955000,
        "incomeBeforeTaxRatio": 0.1708085607,
        "incomeTaxExpense": 15532000,
        "netIncome": 111335000,
        "netIncomeRatio": 0.1497930062,
        "eps": 2.37,
        "epsdiluted": 2.35,
        "weightedAverageShsOut": 46981000,
        "weightedAverageShsOutDil": 47329000,
        "link": "https://www.sec.gov/Archives/edgar/data/96943/000009694323000090/0000096943-23-000090-index.htm",
        "finalLink": "https://www.sec.gov/Archives/edgar/data/96943/000009694323000090/tfx-20230702.htm"
    },
    {
        "date": "2023-04-02",
        "symbol": "TFX",
        "reportedCurrency": "USD",
        "cik": "0000096943",
        "fillingDate": "2023-05-04",
        "acceptedDate": "2023-05-04 12:32:42",
        "calendarYear": "2023",
        "period": "Q1",
        "revenue": 710932000,
        "costOfRevenue": 319552000,
        "grossProfit": 391380000,
        "grossProfitRatio": 0.5505167864,
        "researchAndDevelopmentExpenses": 41469000,
        "generalAndAdministrativeExpenses": 232716000,
        "sellingAndMarketingExpenses": 0,
        "sellingGeneralAndAdministrativeExpenses": 232716000,
        "otherExpenses": 0,
        "operatingExpenses": 274185000,
        "costAndExpenses": 593737000,
        "interestIncome": 843000,
        "interestExpense": 18337000,
        "depreciationAndAmortization": 59827000,
        "ebitda": 180752000,
        "ebitdaratio": 0.2542465383,
        "operatingIncome": 114974000,
        "operatingIncomeRatio": 0.1617229215,
        "totalOtherIncomeExpensesNet": -17494000,
        "incomeBeforeTax": 97480000,
        "incomeBeforeTaxRatio": 0.137115786,
        "incomeTaxExpense": 20184000,
        "netIncome": 76748000,
        "netIncomeRatio": 0.1079540659,
        "eps": 1.63,
        "epsdiluted": 1.62,
        "weightedAverageShsOut": 46949000,
        "weightedAverageShsOutDil": 47285000,
        "link": "https://www.sec.gov/Archives/edgar/data/96943/000009694323000049/0000096943-23-000049-index.htm",
        "finalLink": "https://www.sec.gov/Archives/edgar/data/96943/000009694323000049/tfx-20230402.htm"
    },
    {
        "date": "2022-12-31",
        "symbol": "TFX",
        "reportedCurrency": "USD",
        "cik": "0000096943",
        "fillingDate": "2023-02-23",
        "acceptedDate": "2023-02-23 13:28:21",
        "calendarYear": "2022",
        "period": "Q4",
        "revenue": 757996000,
        "costOfRevenue": 335930000,
        "grossProfit": 422066000,
        "grossProfitRatio": 0.5568182418,
        "researchAndDevelopmentExpenses": 42755000,
        "generalAndAdministrativeExpenses": 0,
        "sellingAndMarketingExpenses": 0,
        "sellingGeneralAndAdministrativeExpenses": 233375000,
        "otherExpenses": 0,
        "operatingExpenses": 276130000,
        "costAndExpenses": 612060000,
        "interestIncome": 335000,
        "interestExpense": 19052000,
        "depreciationAndAmortization": 59610000,
        "ebitda": 193281000,
        "ebitdaratio": 0.2549894722,
        "operatingIncome": 86661000,
        "operatingIncomeRatio": 0.1143290994,
        "totalOtherIncomeExpensesNet": -19171000,
        "incomeBeforeTax": 109416000,
        "incomeBeforeTaxRatio": 0.1443490467,
        "incomeTaxExpense": 31303000,
        "netIncome": 78589000,
        "netIncomeRatio": 0.1036799666,
        "eps": 1.68,
        "epsdiluted": 1.66,
        "weightedAverageShsOut": 46908000,
        "weightedAverageShsOutDil": 47226000,
        "link": "https://www.sec.gov/Archives/edgar/data/96943/000009694323000024/0000096943-23-000024-index.htm",
        "finalLink": "https://www.sec.gov/Archives/edgar/data/96943/000009694323000024/tfx-20221231.htm"
    },
    {
        "date": "2022-09-25",
        "symbol": "TFX",
        "reportedCurrency": "USD",
        "cik": "0000096943",
        "fillingDate": "2022-10-27",
        "acceptedDate": "2022-10-27 12:16:31",
        "calendarYear": "2022",
        "period": "Q3",
        "revenue": 686788000,
        "costOfRevenue": 314447000,
        "grossProfit": 372341000,
        "grossProfitRatio": 0.5421483777,
        "researchAndDevelopmentExpenses": 37770000,
        "generalAndAdministrativeExpenses": 0,
        "sellingAndMarketingExpenses": 0,
        "sellingGeneralAndAdministrativeExpenses": 208616000,
        "otherExpenses": 0,
        "operatingExpenses": 246386000,
        "costAndExpenses": 560833000,
        "interestIncome": 126000,
        "interestExpense": 13375000,
        "depreciationAndAmortization": 56344000,
        "ebitda": 194446000,
        "ebitdaratio": 0.2831237587,
        "operatingIncome": 125955000,
        "operatingIncomeRatio": 0.1833972055,
        "totalOtherIncomeExpensesNet": -6759000,
        "incomeBeforeTax": 119196000,
        "incomeBeforeTaxRatio": 0.1735557406,
        "incomeTaxExpense": 17315000,
        "netIncome": 101895000,
        "netIncomeRatio": 0.1483645608,
        "eps": 2.17,
        "epsdiluted": 2.16,
        "weightedAverageShsOut": 46906000,
        "weightedAverageShsOutDil": 47263000,
        "link": "https://www.sec.gov/Archives/edgar/data/96943/000009694322000106/0000096943-22-000106-index.htm",
        "finalLink": "https://www.sec.gov/Archives/edgar/data/96943/000009694322000106/tfx-20220925.htm"
    },
    {
        "date": "2022-06-26",
        "symbol": "TFX",
        "reportedCurrency": "USD",
        "cik": "0000096943",
        "fillingDate": "2022-07-28",
        "acceptedDate": "2022-07-28 11:03:47",
        "calendarYear": "2022",
        "period": "Q2",
        "revenue": 704542000,
        "costOfRevenue": 315938000,
        "grossProfit": 388604000,
        "grossProfitRatio": 0.5515696722,
        "researchAndDevelopmentExpenses": 36934000,
        "generalAndAdministrativeExpenses": 0,
        "sellingAndMarketingExpenses": 0,
        "sellingGeneralAndAdministrativeExpenses": 216925000,
        "otherExpenses": 0,
        "operatingExpenses": 253859000,
        "costAndExpenses": 569797000,
        "interestIncome": 229000,
        "interestExpense": 11419000,
        "depreciationAndAmortization": 56722000,
        "ebitda": 197405000,
        "ebitdaratio": 0.2801891158,
        "operatingIncome": 134745000,
        "operatingIncomeRatio": 0.1912519055,
        "totalOtherIncomeExpensesNet": -13507000,
        "incomeBeforeTax": 123967000,
        "incomeBeforeTaxRatio": 0.175954024,
        "incomeTaxExpense": 18412000,
        "netIncome": 105514000,
        "netIncomeRatio": 0.1497625408,
        "eps": 2.25,
        "epsdiluted": 2.23,
        "weightedAverageShsOut": 46901000,
        "weightedAverageShsOutDil": 47347000,
        "link": "https://www.sec.gov/Archives/edgar/data/96943/000009694322000092/0000096943-22-000092-index.htm",
        "finalLink": "https://www.sec.gov/Archives/edgar/data/96943/000009694322000092/tfx-20220626.htm"
    },
    {
        "date": "2022-03-27",
        "symbol": "TFX",
        "reportedCurrency": "USD",
        "cik": "0000096943",
        "fillingDate": "2022-04-28",
        "acceptedDate": "2022-04-28 10:25:38",
        "calendarYear": "2022",
        "period": "Q1",
        "revenue": 641715000,
        "costOfRevenue": 295482000,
        "grossProfit": 346233000,
        "grossProfitRatio": 0.5395432552,
        "researchAndDevelopmentExpenses": 36360000,
        "generalAndAdministrativeExpenses": 0,
        "sellingAndMarketingExpenses": 0,
        "sellingGeneralAndAdministrativeExpenses": 203932000,
        "otherExpenses": 0,
        "operatingExpenses": 240292000,
        "costAndExpenses": 535774000,
        "interestIncome": 222000,
        "interestExpense": 10418000,
        "depreciationAndAmortization": 57914000,
        "ebitda": 166520000,
        "ebitdaratio": 0.2594921422,
        "operatingIncome": 103536000,
        "operatingIncomeRatio": 0.1613426521,
        "totalOtherIncomeExpensesNet": -10196000,
        "incomeBeforeTax": 93340000,
        "incomeBeforeTaxRatio": 0.1454539788,
        "incomeTaxExpense": 15973000,
        "netIncome": 77141000,
        "netIncomeRatio": 0.1202106854,
        "eps": 1.65,
        "epsdiluted": 1.63,
        "weightedAverageShsOut": 46876000,
        "weightedAverageShsOutDil": 47402000,
        "link": "https://www.sec.gov/Archives/edgar/data/96943/000009694322000039/0000096943-22-000039-index.htm",
        "finalLink": "https://www.sec.gov/Archives/edgar/data/96943/000009694322000039/tfx-20220327.htm"
    },
    {
        "date": "2021-12-31",
        "symbol": "TFX",
        "reportedCurrency": "USD",
        "cik": "0000096943",
        "fillingDate": "2022-03-01",
        "acceptedDate": "2022-03-01 10:58:40",
        "calendarYear": "2021",
        "period": "Q4",
        "revenue": 761914000,
        "costOfRevenue": 342182000,
        "grossProfit": 419732000,
        "grossProfitRatio": 0.5508915704,
        "researchAndDevelopmentExpenses": 35795000,
        "generalAndAdministrativeExpenses": 0,
        "sellingAndMarketingExpenses": 0,
        "sellingGeneralAndAdministrativeExpenses": 227584000,
        "otherExpenses": 0,
        "operatingExpenses": 263379000,
        "costAndExpenses": 605561000,
        "interestIncome": 222000,
        "interestExpense": 12011000,
        "depreciationAndAmortization": 58684000,
        "ebitda": 247150000,
        "ebitdaratio": 0.3243804419,
        "operatingIncome": 155066000,
        "operatingIncomeRatio": 0.2035216573,
        "totalOtherIncomeExpensesNet": -11789000,
        "incomeBeforeTax": 143277000,
        "incomeBeforeTaxRatio": 0.1880487824,
        "incomeTaxExpense": 15814000,
        "netIncome": 128079000,
        "netIncomeRatio": 0.1681016493,
        "eps": 2.73,
        "epsdiluted": 2.7,
        "weightedAverageShsOut": 46849000,
        "weightedAverageShsOutDil": 47417000,
        "link": "https://www.sec.gov/Archives/edgar/data/96943/000009694322000016/0000096943-22-000016-index.htm",
        "finalLink": "https://www.sec.gov/Archives/edgar/data/96943/000009694322000016/tfx-20211231.htm"
    },
    {
        "date": "2021-09-26",
        "symbol": "TFX",
        "reportedCurrency": "USD",
        "cik": "0000096943",
        "fillingDate": "2021-10-28",
        "acceptedDate": "2021-10-28 10:17:05",
        "calendarYear": "2021",
        "period": "Q3",
        "revenue": 700251000,
        "costOfRevenue": 312464000,
        "grossProfit": 387787000,
        "grossProfitRatio": 0.5537828579,
        "researchAndDevelopmentExpenses": 31816000,
        "generalAndAdministrativeExpenses": 0,
        "sellingAndMarketingExpenses": 0,
        "sellingGeneralAndAdministrativeExpenses": 205194000,
        "otherExpenses": 0,
        "operatingExpenses": 237010000,
        "costAndExpenses": 549474000,
        "interestIncome": 215000,
        "interestExpense": 11989000,
        "depreciationAndAmortization": 58829000,
        "ebitda": 295263000,
        "ebitdaratio": 0.421653093,
        "operatingIncome": 240975000,
        "operatingIncomeRatio": 0.344126606,
        "totalOtherIncomeExpensesNet": -11774000,
        "incomeBeforeTax": 229201000,
        "incomeBeforeTaxRatio": 0.327312635,
        "incomeTaxExpense": 29695000,
        "netIncome": 199181000,
        "netIncomeRatio": 0.2844422928,
        "eps": 4.26,
        "epsdiluted": 4.2,
        "weightedAverageShsOut": 46810000,
        "weightedAverageShsOutDil": 47452000,
        "link": "https://www.sec.gov/Archives/edgar/data/96943/000009694321000113/0000096943-21-000113-index.htm",
        "finalLink": "https://www.sec.gov/Archives/edgar/data/96943/000009694321000113/tfx-20210926.htm"
    },
    {
        "date": "2021-06-27",
        "symbol": "TFX",
        "reportedCurrency": "USD",
        "cik": "0000096943",
        "fillingDate": "2021-07-29",
        "acceptedDate": "2021-07-29 10:27:36",
        "calendarYear": "2021",
        "period": "Q2",
        "revenue": 713473000,
        "costOfRevenue": 315917000,
        "grossProfit": 397556000,
        "grossProfitRatio": 0.5572123963,
        "researchAndDevelopmentExpenses": 33283000,
        "generalAndAdministrativeExpenses": 0,
        "sellingAndMarketingExpenses": 0,
        "sellingGeneralAndAdministrativeExpenses": 224159000,
        "otherExpenses": 0,
        "operatingExpenses": 257442000,
        "costAndExpenses": 573359000,
        "interestIncome": 232000,
        "interestExpense": 16171000,
        "depreciationAndAmortization": 60414000,
        "ebitda": 176280000,
        "ebitdaratio": 0.2470731198,
        "operatingIncome": 128620000,
        "operatingIncomeRatio": 0.1802731147,
        "totalOtherIncomeExpensesNet": -28925000,
        "incomeBeforeTax": 99695000,
        "incomeBeforeTaxRatio": 0.1397319871,
        "incomeTaxExpense": 16412000,
        "netIncome": 83248000,
        "netIncomeRatio": 0.1166799585,
        "eps": 1.78,
        "epsdiluted": 1.76,
        "weightedAverageShsOut": 46741000,
        "weightedAverageShsOutDil": 47433000,
        "link": "https://www.sec.gov/Archives/edgar/data/96943/000009694321000098/0000096943-21-000098-index.htm",
        "finalLink": "https://www.sec.gov/Archives/edgar/data/96943/000009694321000098/tfx-20210627.htm"
    },
    {
        "date": "2021-03-28",
        "symbol": "TFX",
        "reportedCurrency": "USD",
        "cik": "0000096943",
        "fillingDate": "2021-04-29",
        "acceptedDate": "2021-04-29 11:03:20",
        "calendarYear": "2021",
        "period": "Q1",
        "revenue": 633925000,
        "costOfRevenue": 289398000,
        "grossProfit": 344527000,
        "grossProfitRatio": 0.5434822731,
        "researchAndDevelopmentExpenses": 29947000,
        "generalAndAdministrativeExpenses": 0,
        "sellingAndMarketingExpenses": 0,
        "sellingGeneralAndAdministrativeExpenses": 203148000,
        "otherExpenses": 0,
        "operatingExpenses": 233095000,
        "costAndExpenses": 522493000,
        "interestIncome": 659000,
        "interestExpense": 16798000,
        "depreciationAndAmortization": 59435000,
        "ebitda": 168128000,
        "ebitdaratio": 0.2652174942,
        "operatingIncome": 103434000,
        "operatingIncomeRatio": 0.1631644122,
        "totalOtherIncomeExpensesNet": -16139000,
        "incomeBeforeTax": 87295000,
        "incomeBeforeTaxRatio": 0.1377055645,
        "incomeTaxExpense": 12428000,
        "netIncome": 74866000,
        "netIncomeRatio": 0.1180991442,
        "eps": 1.6,
        "epsdiluted": 1.58,
        "weightedAverageShsOut": 46698000,
        "weightedAverageShsOutDil": 47407000,
        "link": "https://www.sec.gov/Archives/edgar/data/96943/000009694321000046/0000096943-21-000046-index.htm",
        "finalLink": "https://www.sec.gov/Archives/edgar/data/96943/000009694321000046/tfx-20210328.htm"
    },
    {
        "date": "2020-12-31",
        "symbol": "TFX",
        "reportedCurrency": "USD",
        "cik": "0000096943",
        "fillingDate": "2021-02-25",
        "acceptedDate": "2021-02-25 12:34:16",
        "calendarYear": "2020",
        "period": "Q4",
        "revenue": 711179000,
        "costOfRevenue": 327625000,
        "grossProfit": 383554000,
        "grossProfitRatio": 0.5393213242,
        "researchAndDevelopmentExpenses": 33769000,
        "generalAndAdministrativeExpenses": 0,
        "sellingAndMarketingExpenses": 0,
        "sellingGeneralAndAdministrativeExpenses": 232906000,
        "otherExpenses": 0,
        "operatingExpenses": 266675000,
        "costAndExpenses": 594300000,
        "interestIncome": 202000,
        "interestExpense": 18721000,
        "depreciationAndAmortization": 57274000,
        "ebitda": 152556000,
        "ebitdaratio": 0.2145113959,
        "operatingIncome": 95080000,
        "operatingIncomeRatio": 0.1336934864,
        "totalOtherIncomeExpensesNet": -18519000,
        "incomeBeforeTax": 76561000,
        "incomeBeforeTaxRatio": 0.1076536287,
        "incomeTaxExpense": -40000,
        "netIncome": 76131000,
        "netIncomeRatio": 0.1070489989,
        "eps": 1.63,
        "epsdiluted": 1.61,
        "weightedAverageShsOut": 46599000,
        "weightedAverageShsOutDil": 47343000,
        "link": "https://www.sec.gov/Archives/edgar/data/96943/000009694321000013/0000096943-21-000013-index.htm",
        "finalLink": "https://www.sec.gov/Archives/edgar/data/96943/000009694321000013/tfx-20201231.htm"
    },
    {
        "date": "2020-09-27",
        "symbol": "TFX",
        "reportedCurrency": "USD",
        "cik": "0000096943",
        "fillingDate": "2020-10-29",
        "acceptedDate": "2020-10-29 09:59:59",
        "calendarYear": "2020",
        "period": "Q3",
        "revenue": 628301000,
        "costOfRevenue": 298977000,
        "grossProfit": 329324000,
        "grossProfitRatio": 0.5241500491,
        "researchAndDevelopmentExpenses": 29218000,
        "generalAndAdministrativeExpenses": 0,
        "sellingAndMarketingExpenses": 0,
        "sellingGeneralAndAdministrativeExpenses": 171673000,
        "otherExpenses": 0,
        "operatingExpenses": 200891000,
        "costAndExpenses": 499868000,
        "interestIncome": 214000,
        "interestExpense": 16652000,
        "depreciationAndAmortization": 56879000,
        "ebitda": 193885000,
        "ebitdaratio": 0.3085861713,
        "operatingIncome": 132092000,
        "operatingIncomeRatio": 0.2102368132,
        "totalOtherIncomeExpensesNet": -16438000,
        "incomeBeforeTax": 115654000,
        "incomeBeforeTaxRatio": 0.1840741937,
        "incomeTaxExpense": -951000,
        "netIncome": 116587000,
        "netIncomeRatio": 0.1855591508,
        "eps": 2.51,
        "epsdiluted": 2.46,
        "weightedAverageShsOut": 46530000,
        "weightedAverageShsOutDil": 47333000,
        "link": "https://www.sec.gov/Archives/edgar/data/96943/000009694320000113/0000096943-20-000113-index.htm",
        "finalLink": "https://www.sec.gov/Archives/edgar/data/96943/000009694320000113/tfx-20200927.htm"
    },
    {
        "date": "2020-06-28",
        "symbol": "TFX",
        "reportedCurrency": "USD",
        "cik": "0000096943",
        "fillingDate": "2020-07-30",
        "acceptedDate": "2020-07-30 09:47:24",
        "calendarYear": "2020",
        "period": "Q2",
        "revenue": 567034000,
        "costOfRevenue": 288662000,
        "grossProfit": 278372000,
        "grossProfitRatio": 0.49092647,
        "researchAndDevelopmentExpenses": 29364000,
        "generalAndAdministrativeExpenses": 0,
        "sellingAndMarketingExpenses": 0,
        "sellingGeneralAndAdministrativeExpenses": 191193000,
        "otherExpenses": 0,
        "operatingExpenses": 220557000,
        "costAndExpenses": 509219000,
        "interestIncome": 163000,
        "interestExpense": 15682000,
        "depreciationAndAmortization": 57346000,
        "ebitda": 101250000,
        "ebitdaratio": 0.1785607212,
        "operatingIncome": 38810000,
        "operatingIncomeRatio": 0.0684438676,
        "totalOtherIncomeExpensesNet": -15519000,
        "incomeBeforeTax": 23291000,
        "incomeBeforeTaxRatio": 0.0410751384,
        "incomeTaxExpense": 11848000,
        "netIncome": 11456000,
        "netIncomeRatio": 0.020203374,
        "eps": 0.25,
        "epsdiluted": 0.24,
        "weightedAverageShsOut": 46442000,
        "weightedAverageShsOutDil": 47242000,
        "link": "https://www.sec.gov/Archives/edgar/data/96943/000009694320000097/0000096943-20-000097-index.htm",
        "finalLink": "https://www.sec.gov/Archives/edgar/data/96943/000009694320000097/tfx-20200628.htm"
    },
    {
        "date": "2020-03-29",
        "symbol": "TFX",
        "reportedCurrency": "USD",
        "cik": "0000096943",
        "fillingDate": "2020-04-30",
        "acceptedDate": "2020-04-30 11:08:19",
        "calendarYear": "2020",
        "period": "Q1",
        "revenue": 630642000,
        "costOfRevenue": 297018000,
        "grossProfit": 333624000,
        "grossProfitRatio": 0.5290228053,
        "researchAndDevelopmentExpenses": 27396000,
        "generalAndAdministrativeExpenses": 0,
        "sellingAndMarketingExpenses": 0,
        "sellingGeneralAndAdministrativeExpenses": 147796000,
        "otherExpenses": 0,
        "operatingExpenses": 175192000,
        "costAndExpenses": 472210000,
        "interestIncome": 579000,
        "interestExpense": 15439000,
        "depreciationAndAmortization": 55753000,
        "ebitda": 218292000,
        "ebitdaratio": 0.3461425024,
        "operatingIncome": 157086000,
        "operatingIncomeRatio": 0.2490890236,
        "totalOtherIncomeExpensesNet": -14860000,
        "incomeBeforeTax": 142226000,
        "incomeBeforeTaxRatio": 0.2255257341,
        "incomeTaxExpense": 11074000,
        "netIncome": 131150000,
        "netIncomeRatio": 0.2079626793,
        "eps": 2.83,
        "epsdiluted": 2.78,
        "weightedAverageShsOut": 46382000,
        "weightedAverageShsOutDil": 47231000,
        "link": "https://www.sec.gov/Archives/edgar/data/96943/000009694320000053/0000096943-20-000053-index.htm",
        "finalLink": "https://www.sec.gov/Archives/edgar/data/96943/000009694320000053/tfx-20200329.htm"
    },
    {
        "date": "2019-12-31",
        "symbol": "TFX",
        "reportedCurrency": "USD",
        "cik": "0000096943",
        "fillingDate": "2020-02-21",
        "acceptedDate": "2020-02-21 12:15:22",
        "calendarYear": "2019",
        "period": "Q4",
        "revenue": 680952000,
        "costOfRevenue": 282686000,
        "grossProfit": 398266000,
        "grossProfitRatio": 0.584866481,
        "researchAndDevelopmentExpenses": 31128000,
        "generalAndAdministrativeExpenses": 0,
        "sellingAndMarketingExpenses": 0,
        "sellingGeneralAndAdministrativeExpenses": 240598000,
        "otherExpenses": 0,
        "operatingExpenses": 271726000,
        "costAndExpenses": 554412000,
        "interestIncome": 460000,
        "interestExpense": 17275000,
        "depreciationAndAmortization": 54115000,
        "ebitda": 172685000,
        "ebitdaratio": 0.2535934985,
        "operatingIncome": 126932000,
        "operatingIncomeRatio": 0.1864037406,
        "totalOtherIncomeExpensesNet": -25637000,
        "incomeBeforeTax": 101295000,
        "incomeBeforeTaxRatio": 0.1487549783,
        "incomeTaxExpense": -6511000,
        "netIncome": 108265000,
        "netIncomeRatio": 0.1589906484,
        "eps": 2.34,
        "epsdiluted": 2.29,
        "weightedAverageShsOut": 46333000,
        "weightedAverageShsOutDil": 47207000,
        "link": "https://www.sec.gov/Archives/edgar/data/96943/000009694320000017/0000096943-20-000017-index.htm",
        "finalLink": "https://www.sec.gov/Archives/edgar/data/96943/000009694320000017/tfx-20191231.htm"
    },
    {
        "date": "2019-09-29",
        "symbol": "TFX",
        "reportedCurrency": "USD",
        "cik": "0000096943",
        "fillingDate": "2019-10-31",
        "acceptedDate": "2019-10-31 12:49:54",
        "calendarYear": "2019",
        "period": "Q3",
        "revenue": 648319000,
        "costOfRevenue": 272639000,
        "grossProfit": 375680000,
        "grossProfitRatio": 0.5794678237,
        "researchAndDevelopmentExpenses": 27984000,
        "generalAndAdministrativeExpenses": 0,
        "sellingAndMarketingExpenses": 0,
        "sellingGeneralAndAdministrativeExpenses": 229896000,
        "otherExpenses": 0,
        "operatingExpenses": 257880000,
        "costAndExpenses": 530519000,
        "interestIncome": 470000,
        "interestExpense": 19545000,
        "depreciationAndAmortization": 52696000,
        "ebitda": 175808000,
        "ebitdaratio": 0.2711751468,
        "operatingIncome": 117621000,
        "operatingIncomeRatio": 0.1814245765,
        "totalOtherIncomeExpensesNet": -19254000,
        "incomeBeforeTax": 98546000,
        "incomeBeforeTaxRatio": 0.1520023322,
        "incomeTaxExpense": -130383000,
        "netIncome": 228929000,
        "netIncomeRatio": 0.3531116626,
        "eps": 4.95,
        "epsdiluted": 4.85,
        "weightedAverageShsOut": 46248000,
        "weightedAverageShsOutDil": 47176000,
        "link": "https://www.sec.gov/Archives/edgar/data/96943/000009694319000177/0000096943-19-000177-index.htm",
        "finalLink": "https://www.sec.gov/Archives/edgar/data/96943/000009694319000177/tfx-20190929.htm"
    },
    {
        "date": "2019-06-30",
        "symbol": "TFX",
        "reportedCurrency": "USD",
        "cik": "0000096943",
        "fillingDate": "2019-08-01",
        "acceptedDate": "2019-08-01 11:47:34",
        "calendarYear": "2019",
        "period": "Q2",
        "revenue": 652507000,
        "costOfRevenue": 279583000,
        "grossProfit": 372924000,
        "grossProfitRatio": 0.5715249032,
        "researchAndDevelopmentExpenses": 27595000,
        "generalAndAdministrativeExpenses": 0,
        "sellingAndMarketingExpenses": 0,
        "sellingGeneralAndAdministrativeExpenses": 236186000,
        "otherExpenses": 0,
        "operatingExpenses": 263781000,
        "costAndExpenses": 543364000,
        "interestIncome": 472000,
        "interestExpense": 20758000,
        "depreciationAndAmortization": 53855000,
        "ebitda": 166702000,
        "ebitdaratio": 0.2554792516,
        "operatingIncome": 107458000,
        "operatingIncomeRatio": 0.1646848233,
        "totalOtherIncomeExpensesNet": -21971000,
        "incomeBeforeTax": 87172000,
        "incomeBeforeTaxRatio": 0.1335955017,
        "incomeTaxExpense": 3844000,
        "netIncome": 83375000,
        "netIncomeRatio": 0.127776407,
        "eps": 1.81,
        "epsdiluted": 1.77,
        "weightedAverageShsOut": 46172000,
        "weightedAverageShsOutDil": 47036000,
        "link": "https://www.sec.gov/Archives/edgar/data/96943/000009694319000140/0000096943-19-000140-index.htm",
        "finalLink": "https://www.sec.gov/Archives/edgar/data/96943/000009694319000140/tfx-2019630x10q.htm"
    },
    {
        "date": "2019-03-31",
        "symbol": "TFX",
        "reportedCurrency": "USD",
        "cik": "0000096943",
        "fillingDate": "2019-05-02",
        "acceptedDate": "2019-05-02 12:08:55",
        "calendarYear": "2019",
        "period": "Q1",
        "revenue": 613584000,
        "costOfRevenue": 268842000,
        "grossProfit": 344742000,
        "grossProfitRatio": 0.5618497223,
        "researchAndDevelopmentExpenses": 27150000,
        "generalAndAdministrativeExpenses": 0,
        "sellingAndMarketingExpenses": 0,
        "sellingGeneralAndAdministrativeExpenses": 227693000,
        "otherExpenses": 0,
        "operatingExpenses": 254843000,
        "costAndExpenses": 523685000,
        "interestIncome": 339000,
        "interestExpense": 22692000,
        "depreciationAndAmortization": 53396000,
        "ebitda": 132860000,
        "ebitdaratio": 0.2165310699,
        "operatingIncome": 75243000,
        "operatingIncomeRatio": 0.1226286865,
        "totalOtherIncomeExpensesNet": -22353000,
        "incomeBeforeTax": 52890000,
        "incomeBeforeTaxRatio": 0.0861984667,
        "incomeTaxExpense": 10972000,
        "netIncome": 40897000,
        "netIncomeRatio": 0.0666526507,
        "eps": 0.89,
        "epsdiluted": 0.87,
        "weightedAverageShsOut": 46050000,
        "weightedAverageShsOutDil": 46942000,
        "link": "https://www.sec.gov/Archives/edgar/data/96943/000009694319000080/0000096943-19-000080-index.htm",
        "finalLink": "https://www.sec.gov/Archives/edgar/data/96943/000009694319000080/tfx-2019331x10q.htm"
    },
    {
        "date": "2018-12-31",
        "symbol": "TFX",
        "reportedCurrency": "USD",
        "cik": "0000096943",
        "fillingDate": "2019-02-21",
        "acceptedDate": "2019-02-21 15:09:35",
        "calendarYear": "2018",
        "period": "Q4",
        "revenue": 641615000,
        "costOfRevenue": 275794000,
        "grossProfit": 365821000,
        "grossProfitRatio": 0.5701565581,
        "researchAndDevelopmentExpenses": 27798000,
        "generalAndAdministrativeExpenses": 0,
        "sellingAndMarketingExpenses": 0,
        "sellingGeneralAndAdministrativeExpenses": 218540000,
        "otherExpenses": 0,
        "operatingExpenses": 246338000,
        "costAndExpenses": 522132000,
        "interestIncome": 168000,
        "interestExpense": 23257000,
        "depreciationAndAmortization": 53489000,
        "ebitda": 172923000,
        "ebitdaratio": 0.2695120906,
        "operatingIncome": 119266000,
        "operatingIncomeRatio": 0.1858840582,
        "totalOtherIncomeExpensesNet": -23089000,
        "incomeBeforeTax": 96177000,
        "incomeBeforeTaxRatio": 0.1498983035,
        "incomeTaxExpense": 8664000,
        "netIncome": 90590000,
        "netIncomeRatio": 0.1411905894,
        "eps": 1.97,
        "epsdiluted": 1.93,
        "weightedAverageShsOut": 45993000,
        "weightedAverageShsOutDil": 46849000,
        "link": "https://www.sec.gov/Archives/edgar/data/96943/000009694319000021/0000096943-19-000021-index.htm",
        "finalLink": "https://www.sec.gov/Archives/edgar/data/96943/000009694319000021/tfx-20181231x10k.htm"
    },
    {
        "date": "2018-09-30",
        "symbol": "TFX",
        "reportedCurrency": "USD",
        "cik": "0000096943",
        "fillingDate": "2018-11-01",
        "acceptedDate": "2018-11-01 10:54:26",
        "calendarYear": "2018",
        "period": "Q3",
        "revenue": 609672000,
        "costOfRevenue": 267099000,
        "grossProfit": 342573000,
        "grossProfitRatio": 0.5618972169,
        "researchAndDevelopmentExpenses": 26365000,
        "generalAndAdministrativeExpenses": 0,
        "sellingAndMarketingExpenses": 0,
        "sellingGeneralAndAdministrativeExpenses": 214894000,
        "otherExpenses": 0,
        "operatingExpenses": 241259000,
        "costAndExpenses": 508358000,
        "interestIncome": 320000,
        "interestExpense": 27171000,
        "depreciationAndAmortization": 51956000,
        "ebitda": 134381000,
        "ebitdaratio": 0.2204152397,
        "operatingIncome": 82105000,
        "operatingIncomeRatio": 0.1346707738,
        "totalOtherIncomeExpensesNet": -26851000,
        "incomeBeforeTax": 55254000,
        "incomeBeforeTaxRatio": 0.0906290596,
        "incomeTaxExpense": -1286000,
        "netIncome": 56524000,
        "netIncomeRatio": 0.0927121469,
        "eps": 1.23,
        "epsdiluted": 1.21,
        "weightedAverageShsOut": 45851000,
        "weightedAverageShsOutDil": 46815000,
        "link": "https://www.sec.gov/Archives/edgar/data/96943/000009694318000193/0000096943-18-000193-index.htm",
        "finalLink": "https://www.sec.gov/Archives/edgar/data/96943/000009694318000193/tfx-2018930x10q.htm"
    },
    {
        "date": "2018-07-01",
        "symbol": "TFX",
        "reportedCurrency": "USD",
        "cik": "0000096943",
        "fillingDate": "2018-08-02",
        "acceptedDate": "2018-08-02 11:31:01",
        "calendarYear": "2018",
        "period": "Q2",
        "revenue": 609866000,
        "costOfRevenue": 265088000,
        "grossProfit": 344778000,
        "grossProfitRatio": 0.5653340242,
        "researchAndDevelopmentExpenses": 26018000,
        "generalAndAdministrativeExpenses": 0,
        "sellingAndMarketingExpenses": 0,
        "sellingGeneralAndAdministrativeExpenses": 229917000,
        "otherExpenses": 0,
        "operatingExpenses": 255935000,
        "costAndExpenses": 521023000,
        "interestIncome": 183000,
        "interestExpense": 26649000,
        "depreciationAndAmortization": 51887000,
        "ebitda": 85560000,
        "ebitdaratio": 0.1402931136,
        "operatingIncome": 33490000,
        "operatingIncomeRatio": 0.0549137024,
        "totalOtherIncomeExpensesNet": -26466000,
        "incomeBeforeTax": 7024000,
        "incomeBeforeTaxRatio": 0.0115172841,
        "incomeTaxExpense": 9576000,
        "netIncome": -2496000,
        "netIncomeRatio": -0.0040927023,
        "eps": -0.0548,
        "epsdiluted": -0.0548,
        "weightedAverageShsOut": 45581000,
        "weightedAverageShsOutDil": 45581000,
        "link": "https://www.sec.gov/Archives/edgar/data/96943/000009694318000154/0000096943-18-000154-index.htm",
        "finalLink": "https://www.sec.gov/Archives/edgar/data/96943/000009694318000154/tfx-201871x10q.htm"
    },
    {
        "date": "2018-04-01",
        "symbol": "TFX",
        "reportedCurrency": "USD",
        "cik": "0000096943",
        "fillingDate": "2018-05-03",
        "acceptedDate": "2018-05-03 14:12:35",
        "calendarYear": "2018",
        "period": "Q1",
        "revenue": 587230000,
        "costOfRevenue": 255960000,
        "grossProfit": 331270000,
        "grossProfitRatio": 0.5641230864,
        "researchAndDevelopmentExpenses": 26027000,
        "generalAndAdministrativeExpenses": 0,
        "sellingAndMarketingExpenses": 0,
        "sellingGeneralAndAdministrativeExpenses": 215337000,
        "otherExpenses": 0,
        "operatingExpenses": 241364000,
        "costAndExpenses": 497324000,
        "interestIncome": 273000,
        "interestExpense": 25943000,
        "depreciationAndAmortization": 52648000,
        "ebitda": 139764000,
        "ebitdaratio": 0.2380055515,
        "operatingIncome": 86843000,
        "operatingIncomeRatio": 0.1478858369,
        "totalOtherIncomeExpensesNet": -25670000,
        "incomeBeforeTax": 61173000,
        "incomeBeforeTaxRatio": 0.1041721302,
        "incomeTaxExpense": 6242000,
        "netIncome": 56184000,
        "netIncomeRatio": 0.0956763108,
        "eps": 1.24,
        "epsdiluted": 1.2,
        "weightedAverageShsOut": 45329000,
        "weightedAverageShsOutDil": 46695000,
        "link": "https://www.sec.gov/Archives/edgar/data/96943/000009694318000084/0000096943-18-000084-index.htm",
        "finalLink": "https://www.sec.gov/Archives/edgar/data/96943/000009694318000084/tfx-201841x10q.htm"
    },
    {
        "date": "2017-12-31",
        "symbol": "TFX",
        "reportedCurrency": "USD",
        "cik": "0000096943",
        "fillingDate": "2018-02-22",
        "acceptedDate": "2018-02-22 15:03:06",
        "calendarYear": "2017",
        "period": "Q4",
        "revenue": 595106000,
        "costOfRevenue": 264375000,
        "grossProfit": 330731000,
        "grossProfitRatio": 0.5557514124,
        "researchAndDevelopmentExpenses": 25471000,
        "generalAndAdministrativeExpenses": 0,
        "sellingAndMarketingExpenses": 0,
        "sellingGeneralAndAdministrativeExpenses": 213289000,
        "otherExpenses": 0,
        "operatingExpenses": 238760000,
        "costAndExpenses": 503135000,
        "interestIncome": 155000,
        "interestExpense": 23662000,
        "depreciationAndAmortization": 48897000,
        "ebitda": 139738000,
        "ebitdaratio": 0.2348119495,
        "operatingIncome": 90904000,
        "operatingIncomeRatio": 0.1527526189,
        "totalOtherIncomeExpensesNet": -23507000,
        "incomeBeforeTax": 67397000,
        "incomeBeforeTaxRatio": 0.1132520929,
        "incomeTaxExpense": 110244000,
        "netIncome": -42658000,
        "netIncomeRatio": -0.0716813475,
        "eps": -0.95,
        "epsdiluted": -0.91,
        "weightedAverageShsOut": 45093000,
        "weightedAverageShsOutDil": 46636000,
        "link": "https://www.sec.gov/Archives/edgar/data/96943/000009694318000028/0000096943-18-000028-index.htm",
        "finalLink": "https://www.sec.gov/Archives/edgar/data/96943/000009694318000028/tfx-20171231x10k.htm"
    },
    {
        "date": "2017-10-01",
        "symbol": "TFX",
        "reportedCurrency": "USD",
        "cik": "0000096943",
        "fillingDate": "2017-11-02",
        "acceptedDate": "2017-11-02 11:43:21",
        "calendarYear": "2017",
        "period": "Q3",
        "revenue": 534703000,
        "costOfRevenue": 239476000,
        "grossProfit": 295227000,
        "grossProfitRatio": 0.5521326793,
        "researchAndDevelopmentExpenses": 21194000,
        "generalAndAdministrativeExpenses": 0,
        "sellingAndMarketingExpenses": 0,
        "sellingGeneralAndAdministrativeExpenses": 163771000,
        "otherExpenses": 0,
        "operatingExpenses": 184965000,
        "costAndExpenses": 424441000,
        "interestIncome": 286000,
        "interestExpense": 21264000,
        "depreciationAndAmortization": 36907000,
        "ebitda": 147547000,
        "ebitdaratio": 0.2759419715,
        "operatingIncome": 110354000,
        "operatingIncomeRatio": 0.2063837308,
        "totalOtherIncomeExpensesNet": -20978000,
        "incomeBeforeTax": 89376000,
        "incomeBeforeTaxRatio": 0.167150736,
        "incomeTaxExpense": 9978000,
        "netIncome": 77015000,
        "netIncomeRatio": 0.1440332297,
        "eps": 1.71,
        "epsdiluted": 1.65,
        "weightedAverageShsOut": 45035000,
        "weightedAverageShsOutDil": 46587000,
        "link": "https://www.sec.gov/Archives/edgar/data/96943/000009694317000119/0000096943-17-000119-index.htm",
        "finalLink": "https://www.sec.gov/Archives/edgar/data/96943/000009694317000119/tfx-2017101x10q.htm"
    },
    {
        "date": "2017-07-02",
        "symbol": "TFX",
        "reportedCurrency": "USD",
        "cik": "0000096943",
        "fillingDate": "2017-08-03",
        "acceptedDate": "2017-08-03 12:02:52",
        "calendarYear": "2017",
        "period": "Q2",
        "revenue": 528613000,
        "costOfRevenue": 238329000,
        "grossProfit": 290284000,
        "grossProfitRatio": 0.5491427566,
        "researchAndDevelopmentExpenses": 20278000,
        "generalAndAdministrativeExpenses": 0,
        "sellingAndMarketingExpenses": 0,
        "sellingGeneralAndAdministrativeExpenses": 158934000,
        "otherExpenses": 0,
        "operatingExpenses": 179212000,
        "costAndExpenses": 417541000,
        "interestIncome": 161000,
        "interestExpense": 19894000,
        "depreciationAndAmortization": 36494000,
        "ebitda": 146846000,
        "ebitdaratio": 0.2777949086,
        "operatingIncome": 110202000,
        "operatingIncomeRatio": 0.2084738741,
        "totalOtherIncomeExpensesNet": -19744000,
        "incomeBeforeTax": 90458000,
        "incomeBeforeTaxRatio": 0.1711232981,
        "incomeTaxExpense": 12095000,
        "netIncome": 78003000,
        "netIncomeRatio": 0.1475616377,
        "eps": 1.73,
        "epsdiluted": 1.67,
        "weightedAverageShsOut": 44996000,
        "weightedAverageShsOutDil": 46818000,
        "link": "https://www.sec.gov/Archives/edgar/data/96943/000009694317000101/0000096943-17-000101-index.htm",
        "finalLink": "https://www.sec.gov/Archives/edgar/data/96943/000009694317000101/tfx-201772x10q.htm"
    },
    {
        "date": "2017-04-02",
        "symbol": "TFX",
        "reportedCurrency": "USD",
        "cik": "0000096943",
        "fillingDate": "2017-05-04",
        "acceptedDate": "2017-05-04 13:37:19",
        "calendarYear": "2017",
        "period": "Q1",
        "revenue": 487881000,
        "costOfRevenue": 232321000,
        "grossProfit": 255560000,
        "grossProfitRatio": 0.5238162585,
        "researchAndDevelopmentExpenses": 17827000,
        "generalAndAdministrativeExpenses": 0,
        "sellingAndMarketingExpenses": 0,
        "sellingGeneralAndAdministrativeExpenses": 163969000,
        "otherExpenses": 0,
        "operatingExpenses": 181796000,
        "costAndExpenses": 414117000,
        "interestIncome": 169000,
        "interestExpense": 17726000,
        "depreciationAndAmortization": 32965000,
        "ebitda": 88371000,
        "ebitdaratio": 0.1811322843,
        "operatingIncome": 60819000,
        "operatingIncomeRatio": 0.1246594969,
        "totalOtherIncomeExpensesNet": -23139000,
        "incomeBeforeTax": 37680000,
        "incomeBeforeTaxRatio": 0.077231948,
        "incomeTaxExpense": -2669000,
        "netIncome": 40170000,
        "netIncomeRatio": 0.0823356515,
        "eps": 0.89,
        "epsdiluted": 0.86,
        "weightedAverageShsOut": 44893000,
        "weightedAverageShsOutDil": 46615000,
        "link": "https://www.sec.gov/Archives/edgar/data/96943/000009694317000052/0000096943-17-000052-index.htm",
        "finalLink": "https://www.sec.gov/Archives/edgar/data/96943/000009694317000052/tfx-201742x10q.htm"
    },
    {
        "date": "2016-12-31",
        "symbol": "TFX",
        "reportedCurrency": "USD",
        "cik": "0000096943",
        "fillingDate": "2017-02-23",
        "acceptedDate": "2017-02-23 09:03:47",
        "calendarYear": "2016",
        "period": "Q4",
        "revenue": 513933000,
        "costOfRevenue": 240881000,
        "grossProfit": 273052000,
        "grossProfitRatio": 0.5312988269,
        "researchAndDevelopmentExpenses": 15687000,
        "generalAndAdministrativeExpenses": 0,
        "sellingAndMarketingExpenses": 0,
        "sellingGeneralAndAdministrativeExpenses": 144180000,
        "otherExpenses": 0,
        "operatingExpenses": 159867000,
        "costAndExpenses": 400748000,
        "interestIncome": 150000,
        "interestExpense": 16362000,
        "depreciationAndAmortization": 30148000,
        "ebitda": 97426000,
        "ebitdaratio": 0.1895694575,
        "operatingIncome": 67028000,
        "operatingIncomeRatio": 0.1304216698,
        "totalOtherIncomeExpensesNet": -16212000,
        "incomeBeforeTax": 50816000,
        "incomeBeforeTaxRatio": 0.0988767018,
        "incomeTaxExpense": -10060000,
        "netIncome": 61063000,
        "netIncomeRatio": 0.1188150985,
        "eps": 1.39,
        "epsdiluted": 1.3,
        "weightedAverageShsOut": 44058000,
        "weightedAverageShsOutDil": 47112000,
        "link": "https://www.sec.gov/Archives/edgar/data/96943/000009694317000014/0000096943-17-000014-index.htm",
        "finalLink": "https://www.sec.gov/Archives/edgar/data/96943/000009694317000014/tfx-20161231x10k.htm"
    },
    {
        "date": "2016-09-25",
        "symbol": "TFX",
        "reportedCurrency": "USD",
        "cik": "0000096943",
        "fillingDate": "2016-10-27",
        "acceptedDate": "2016-10-27 12:24:11",
        "calendarYear": "2016",
        "period": "Q3",
        "revenue": 455648000,
        "costOfRevenue": 214046000,
        "grossProfit": 241602000,
        "grossProfitRatio": 0.5302382541,
        "researchAndDevelopmentExpenses": 15067000,
        "generalAndAdministrativeExpenses": 0,
        "sellingAndMarketingExpenses": 0,
        "sellingGeneralAndAdministrativeExpenses": 139797000,
        "otherExpenses": 0,
        "operatingExpenses": 154864000,
        "costAndExpenses": 368910000,
        "interestIncome": 115000,
        "interestExpense": 12888000,
        "depreciationAndAmortization": 29752000,
        "ebitda": 116354000,
        "ebitdaratio": 0.2553594002,
        "operatingIncome": 73965000,
        "operatingIncomeRatio": 0.1623292542,
        "totalOtherIncomeExpensesNet": -12773000,
        "incomeBeforeTax": 73714000,
        "incomeBeforeTaxRatio": 0.1617783903,
        "incomeTaxExpense": 7514000,
        "netIncome": 66322000,
        "netIncomeRatio": 0.145555341,
        "eps": 1.51,
        "epsdiluted": 1.4,
        "weightedAverageShsOut": 44045000,
        "weightedAverageShsOutDil": 47446000,
        "link": "https://www.sec.gov/Archives/edgar/data/96943/000009694316000258/0000096943-16-000258-index.htm",
        "finalLink": "https://www.sec.gov/Archives/edgar/data/96943/000009694316000258/tfx-2016925x10q.htm"
    },
    {
        "date": "2016-06-26",
        "symbol": "TFX",
        "reportedCurrency": "USD",
        "cik": "0000096943",
        "fillingDate": "2016-07-28",
        "acceptedDate": "2016-07-28 12:10:12",
        "calendarYear": "2016",
        "period": "Q2",
        "revenue": 473553000,
        "costOfRevenue": 217154000,
        "grossProfit": 256399000,
        "grossProfitRatio": 0.5414367558,
        "researchAndDevelopmentExpenses": 15472000,
        "generalAndAdministrativeExpenses": 0,
        "sellingAndMarketingExpenses": 0,
        "sellingGeneralAndAdministrativeExpenses": 142983000,
        "otherExpenses": 0,
        "operatingExpenses": 158455000,
        "costAndExpenses": 375609000,
        "interestIncome": 129000,
        "interestExpense": 11907000,
        "depreciationAndAmortization": 30047000,
        "ebitda": 128120000,
        "ebitdaratio": 0.270550498,
        "operatingIncome": 98441000,
        "operatingIncomeRatio": 0.2078774709,
        "totalOtherIncomeExpensesNet": -31039000,
        "incomeBeforeTax": 67402000,
        "incomeBeforeTaxRatio": 0.1423325372,
        "incomeTaxExpense": 8007000,
        "netIncome": 59303000,
        "netIncomeRatio": 0.1252299109,
        "eps": 1.36,
        "epsdiluted": 1.26,
        "weightedAverageShsOut": 43549000,
        "weightedAverageShsOutDil": 47246000,
        "link": "https://www.sec.gov/Archives/edgar/data/96943/000009694316000240/0000096943-16-000240-index.htm",
        "finalLink": "https://www.sec.gov/Archives/edgar/data/96943/000009694316000240/tfx-2016626x10q.htm"
    },
    {
        "date": "2016-03-27",
        "symbol": "TFX",
        "reportedCurrency": "USD",
        "cik": "0000096943",
        "fillingDate": "2016-04-28",
        "acceptedDate": "2016-04-28 13:20:52",
        "calendarYear": "2016",
        "period": "Q1",
        "revenue": 424893000,
        "costOfRevenue": 199746000,
        "grossProfit": 225147000,
        "grossProfitRatio": 0.5298910549,
        "researchAndDevelopmentExpenses": 12353000,
        "generalAndAdministrativeExpenses": 0,
        "sellingAndMarketingExpenses": 0,
        "sellingGeneralAndAdministrativeExpenses": 136348000,
        "otherExpenses": 0,
        "operatingExpenses": 148701000,
        "costAndExpenses": 348447000,
        "interestIncome": 80000,
        "interestExpense": 13784000,
        "depreciationAndAmortization": 27959000,
        "ebitda": 95536000,
        "ebitdaratio": 0.2248471968,
        "operatingIncome": 67497000,
        "operatingIncomeRatio": 0.158856465,
        "totalOtherIncomeExpensesNet": -13704000,
        "incomeBeforeTax": 53793000,
        "incomeBeforeTaxRatio": 0.126603639,
        "incomeTaxExpense": 2613000,
        "netIncome": 50689000,
        "netIncomeRatio": 0.1192982704,
        "eps": 1.22,
        "epsdiluted": 1.04,
        "weightedAverageShsOut": 41647000,
        "weightedAverageShsOutDil": 48782000,
        "link": "https://www.sec.gov/Archives/edgar/data/96943/000009694316000199/0000096943-16-000199-index.htm",
        "finalLink": "https://www.sec.gov/Archives/edgar/data/96943/000009694316000199/tfx-2016327x10q.htm"
    },
    {
        "date": "2015-12-31",
        "symbol": "TFX",
        "reportedCurrency": "USD",
        "cik": "0000096943",
        "fillingDate": "2016-02-25",
        "acceptedDate": "2016-02-25 15:16:05",
        "calendarYear": "2015",
        "period": "Q4",
        "revenue": 484501000,
        "costOfRevenue": 224185000,
        "grossProfit": 260316000,
        "grossProfitRatio": 0.5372868167,
        "researchAndDevelopmentExpenses": 13221000,
        "generalAndAdministrativeExpenses": 0,
        "sellingAndMarketingExpenses": 0,
        "sellingGeneralAndAdministrativeExpenses": 148217000,
        "otherExpenses": 0,
        "operatingExpenses": 161438000,
        "costAndExpenses": 385623000,
        "interestIncome": 79000,
        "interestExpense": 13638000,
        "depreciationAndAmortization": 29080000,
        "ebitda": 125906000,
        "ebitdaratio": 0.2598673687,
        "operatingIncome": 96747000,
        "operatingIncomeRatio": 0.1996837984,
        "totalOtherIncomeExpensesNet": -13559000,
        "incomeBeforeTax": 83188000,
        "incomeBeforeTaxRatio": 0.171698304,
        "incomeTaxExpense": -7577000,
        "netIncome": 101124000,
        "netIncomeRatio": 0.2087178355,
        "eps": 2.43,
        "epsdiluted": 2.09,
        "weightedAverageShsOut": 41606000,
        "weightedAverageShsOutDil": 48323000,
        "link": "https://www.sec.gov/Archives/edgar/data/96943/000009694316000154/0000096943-16-000154-index.htm",
        "finalLink": "https://www.sec.gov/Archives/edgar/data/96943/000009694316000154/tfx-20151231x10k.htm"
    },
    {
        "date": "2015-09-27",
        "symbol": "TFX",
        "reportedCurrency": "USD",
        "cik": "0000096943",
        "fillingDate": "2015-10-29",
        "acceptedDate": "2015-10-29 13:54:55",
        "calendarYear": "2015",
        "period": "Q3",
        "revenue": 443714000,
        "costOfRevenue": 215501000,
        "grossProfit": 228213000,
        "grossProfitRatio": 0.5143245424,
        "researchAndDevelopmentExpenses": 12571000,
        "generalAndAdministrativeExpenses": 0,
        "sellingAndMarketingExpenses": 0,
        "sellingGeneralAndAdministrativeExpenses": 138840000,
        "otherExpenses": 0,
        "operatingExpenses": 151411000,
        "costAndExpenses": 366912000,
        "interestIncome": 130000,
        "interestExpense": 14306000,
        "depreciationAndAmortization": 27102000,
        "ebitda": 103782000,
        "ebitdaratio": 0.2338939046,
        "operatingIncome": 76550000,
        "operatingIncomeRatio": 0.1725210383,
        "totalOtherIncomeExpensesNet": -14176000,
        "incomeBeforeTax": 62374000,
        "incomeBeforeTaxRatio": 0.140572531,
        "incomeTaxExpense": 803000,
        "netIncome": 60824000,
        "netIncomeRatio": 0.1370792898,
        "eps": 1.46,
        "epsdiluted": 1.25,
        "weightedAverageShsOut": 41597000,
        "weightedAverageShsOutDil": 48532000,
        "link": "https://www.sec.gov/Archives/edgar/data/96943/000009694315000137/0000096943-15-000137-index.htm",
        "finalLink": "https://www.sec.gov/Archives/edgar/data/96943/000009694315000137/tfx-2015927x10q.htm"
    },
    {
        "date": "2015-06-28",
        "symbol": "TFX",
        "reportedCurrency": "USD",
        "cik": "0000096943",
        "fillingDate": "2015-07-30",
        "acceptedDate": "2015-07-30 16:21:29",
        "calendarYear": "2015",
        "period": "Q2",
        "revenue": 452045000,
        "costOfRevenue": 218808000,
        "grossProfit": 233237000,
        "grossProfitRatio": 0.5159596943,
        "researchAndDevelopmentExpenses": 13443000,
        "generalAndAdministrativeExpenses": 0,
        "sellingAndMarketingExpenses": 0,
        "sellingGeneralAndAdministrativeExpenses": 142228000,
        "otherExpenses": 0,
        "operatingExpenses": 155671000,
        "costAndExpenses": 374479000,
        "interestIncome": 154000,
        "interestExpense": 16207000,
        "depreciationAndAmortization": 26556000,
        "ebitda": 104276000,
        "ebitdaratio": 0.2306761495,
        "operatingIncome": 76986000,
        "operatingIncomeRatio": 0.1703060536,
        "totalOtherIncomeExpensesNet": -26507000,
        "incomeBeforeTax": 50479000,
        "incomeBeforeTaxRatio": 0.1116680861,
        "incomeTaxExpense": 5280000,
        "netIncome": 44563000,
        "netIncomeRatio": 0.0985808935,
        "eps": 1.07,
        "epsdiluted": 0.93,
        "weightedAverageShsOut": 41560000,
        "weightedAverageShsOutDil": 48081000,
        "link": "https://www.sec.gov/Archives/edgar/data/96943/000009694315000126/0000096943-15-000126-index.htm",
        "finalLink": "https://www.sec.gov/Archives/edgar/data/96943/000009694315000126/tfx-2015628x10q.htm"
    },
    {
        "date": "2015-03-29",
        "symbol": "TFX",
        "reportedCurrency": "USD",
        "cik": "0000096943",
        "fillingDate": "2015-04-30",
        "acceptedDate": "2015-04-30 14:54:18",
        "calendarYear": "2015",
        "period": "Q1",
        "revenue": 429430000,
        "costOfRevenue": 206793000,
        "grossProfit": 222637000,
        "grossProfitRatio": 0.5184477098,
        "researchAndDevelopmentExpenses": 12884000,
        "generalAndAdministrativeExpenses": 0,
        "sellingAndMarketingExpenses": 0,
        "sellingGeneralAndAdministrativeExpenses": 139697000,
        "otherExpenses": 0,
        "operatingExpenses": 152581000,
        "costAndExpenses": 359374000,
        "interestIncome": 169000,
        "interestExpense": 17172000,
        "depreciationAndAmortization": 25655000,
        "ebitda": 91432000,
        "ebitdaratio": 0.212914794,
        "operatingIncome": 65608000,
        "operatingIncomeRatio": 0.1527792655,
        "totalOtherIncomeExpensesNet": -17003000,
        "incomeBeforeTax": 48605000,
        "incomeBeforeTaxRatio": 0.1131849195,
        "incomeTaxExpense": 9332000,
        "netIncome": 38352000,
        "netIncomeRatio": 0.0893090841,
        "eps": 0.92,
        "epsdiluted": 0.81,
        "weightedAverageShsOut": 41469000,
        "weightedAverageShsOutDil": 47295000,
        "link": "https://www.sec.gov/Archives/edgar/data/96943/000009694315000088/0000096943-15-000088-index.htm",
        "finalLink": "https://www.sec.gov/Archives/edgar/data/96943/000009694315000088/tfx-2015329x10q.htm"
    },
    {
        "date": "2014-12-31",
        "symbol": "TFX",
        "reportedCurrency": "USD",
        "cik": "0000096943",
        "fillingDate": "2015-02-20",
        "acceptedDate": "2015-02-20 15:42:54",
        "calendarYear": "2014",
        "period": "Q4",
        "revenue": 476008000,
        "costOfRevenue": 234993000,
        "grossProfit": 241015000,
        "grossProfitRatio": 0.5063255239,
        "researchAndDevelopmentExpenses": 17237000,
        "generalAndAdministrativeExpenses": 0,
        "sellingAndMarketingExpenses": 0,
        "sellingGeneralAndAdministrativeExpenses": 153265000,
        "otherExpenses": 0,
        "operatingExpenses": 170502000,
        "costAndExpenses": 405495000,
        "interestIncome": 212000,
        "interestExpense": 16808000,
        "depreciationAndAmortization": 26671000,
        "ebitda": 96038000,
        "ebitdaratio": 0.2017571133,
        "operatingIncome": 69155000,
        "operatingIncomeRatio": 0.1452811717,
        "totalOtherIncomeExpensesNet": -16596000,
        "incomeBeforeTax": 52559000,
        "incomeBeforeTaxRatio": 0.1104162115,
        "incomeTaxExpense": 426000,
        "netIncome": 50638000,
        "netIncomeRatio": 0.106380565,
        "eps": 1.22,
        "epsdiluted": 1.07,
        "weightedAverageShsOut": 41469000,
        "weightedAverageShsOutDil": 47295000,
        "link": "https://www.sec.gov/Archives/edgar/data/96943/000009694315000023/0000096943-15-000023-index.htm",
        "finalLink": "https://www.sec.gov/Archives/edgar/data/96943/000009694315000023/tfx-20141231x10k.htm"
    },
    {
        "date": "2014-09-28",
        "symbol": "TFX",
        "reportedCurrency": "USD",
        "cik": "0000096943",
        "fillingDate": "2014-10-29",
        "acceptedDate": "2014-10-29 14:46:47",
        "calendarYear": "2014",
        "period": "Q3",
        "revenue": 457173000,
        "costOfRevenue": 221007000,
        "grossProfit": 236166000,
        "grossProfitRatio": 0.5165790631,
        "researchAndDevelopmentExpenses": 14871000,
        "generalAndAdministrativeExpenses": 0,
        "sellingAndMarketingExpenses": 0,
        "sellingGeneralAndAdministrativeExpenses": 138252000,
        "otherExpenses": 0,
        "operatingExpenses": 153123000,
        "costAndExpenses": 374130000,
        "interestIncome": 161000,
        "interestExpense": 17184000,
        "depreciationAndAmortization": 28363000,
        "ebitda": 110459000,
        "ebitdaratio": 0.2416131311,
        "operatingIncome": 81935000,
        "operatingIncomeRatio": 0.1792209951,
        "totalOtherIncomeExpensesNet": -17023000,
        "incomeBeforeTax": 64912000,
        "incomeBeforeTaxRatio": 0.1419856378,
        "incomeTaxExpense": 9684000,
        "netIncome": 54831000,
        "netIncomeRatio": 0.1199349043,
        "eps": 1.32,
        "epsdiluted": 1.18,
        "weightedAverageShsOut": 41399000,
        "weightedAverageShsOutDil": 46628000,
        "link": "https://www.sec.gov/Archives/edgar/data/96943/000009694314000048/0000096943-14-000048-index.htm",
        "finalLink": "https://www.sec.gov/Archives/edgar/data/96943/000009694314000048/tfx-2014928x10q.htm"
    },
    {
        "date": "2014-06-29",
        "symbol": "TFX",
        "reportedCurrency": "USD",
        "cik": "0000096943",
        "fillingDate": "2014-07-30",
        "acceptedDate": "2014-07-30 16:14:20",
        "calendarYear": "2014",
        "period": "Q2",
        "revenue": 468105000,
        "costOfRevenue": 224017000,
        "grossProfit": 244088000,
        "grossProfitRatio": 0.5214385661,
        "researchAndDevelopmentExpenses": 14870000,
        "generalAndAdministrativeExpenses": 0,
        "sellingAndMarketingExpenses": 0,
        "sellingGeneralAndAdministrativeExpenses": 146843000,
        "otherExpenses": 0,
        "operatingExpenses": 161713000,
        "costAndExpenses": 385730000,
        "interestIncome": 146000,
        "interestExpense": 16062000,
        "depreciationAndAmortization": 28500000,
        "ebitda": 103398000,
        "ebitdaratio": 0.2208863396,
        "operatingIncome": 74752000,
        "operatingIncomeRatio": 0.1596906677,
        "totalOtherIncomeExpensesNet": -15916000,
        "incomeBeforeTax": 58836000,
        "incomeBeforeTaxRatio": 0.1256897491,
        "incomeTaxExpense": 10006000,
        "netIncome": 47252000,
        "netIncomeRatio": 0.1009431645,
        "eps": 1.14,
        "epsdiluted": 1.02,
        "weightedAverageShsOut": 41380000,
        "weightedAverageShsOutDil": 46392000,
        "link": "https://www.sec.gov/Archives/edgar/data/96943/000156459014002983/0001564590-14-002983-index.htm",
        "finalLink": "https://www.sec.gov/Archives/edgar/data/96943/000156459014002983/tfx-10q_20140629.htm"
    },
    {
        "date": "2014-03-30",
        "symbol": "TFX",
        "reportedCurrency": "USD",
        "cik": "0000096943",
        "fillingDate": "2014-04-30",
        "acceptedDate": "2014-04-30 14:12:04",
        "calendarYear": "2014",
        "period": "Q1",
        "revenue": 438546000,
        "costOfRevenue": 217387000,
        "grossProfit": 221159000,
        "grossProfitRatio": 0.5043005751,
        "researchAndDevelopmentExpenses": 14062000,
        "generalAndAdministrativeExpenses": 0,
        "sellingAndMarketingExpenses": 0,
        "sellingGeneralAndAdministrativeExpenses": 140297000,
        "otherExpenses": 0,
        "operatingExpenses": 154359000,
        "costAndExpenses": 371746000,
        "interestIncome": 187000,
        "interestExpense": 15404000,
        "depreciationAndAmortization": 27599000,
        "ebitda": 86806000,
        "ebitdaratio": 0.1979404669,
        "operatingIncome": 59020000,
        "operatingIncomeRatio": 0.134581093,
        "totalOtherIncomeExpensesNet": -15217000,
        "incomeBeforeTax": 43803000,
        "incomeBeforeTaxRatio": 0.0998823385,
        "incomeTaxExpense": 8534000,
        "netIncome": 34958000,
        "netIncomeRatio": 0.0797134166,
        "eps": 0.85,
        "epsdiluted": 0.76,
        "weightedAverageShsOut": 41262000,
        "weightedAverageShsOutDil": 45749000,
        "link": "https://www.sec.gov/Archives/edgar/data/96943/000156459014001662/0001564590-14-001662-index.htm",
        "finalLink": "https://www.sec.gov/Archives/edgar/data/96943/000156459014001662/tfx-10q_20140330.htm"
    },
    {
        "date": "2013-12-31",
        "symbol": "TFX",
        "reportedCurrency": "USD",
        "cik": "0000096943",
        "fillingDate": "2014-02-24",
        "acceptedDate": "2014-02-24 06:18:59",
        "calendarYear": "2013",
        "period": "Q4",
        "revenue": 450539000,
        "costOfRevenue": 225596000,
        "grossProfit": 224943000,
        "grossProfitRatio": 0.4992753125,
        "researchAndDevelopmentExpenses": 17876000,
        "generalAndAdministrativeExpenses": 0,
        "sellingAndMarketingExpenses": 0,
        "sellingGeneralAndAdministrativeExpenses": 143756000,
        "otherExpenses": 0,
        "operatingExpenses": 161632000,
        "costAndExpenses": 387228000,
        "interestIncome": 166000,
        "interestExpense": 14339000,
        "depreciationAndAmortization": 25169000,
        "ebitda": 79399000,
        "ebitdaratio": 0.1762311365,
        "operatingIncome": 54064000,
        "operatingIncomeRatio": 0.1199984907,
        "totalOtherIncomeExpensesNet": -14173000,
        "incomeBeforeTax": 39891000,
        "incomeBeforeTaxRatio": 0.0885406147,
        "incomeTaxExpense": 4589000,
        "netIncome": 34828000,
        "netIncomeRatio": 0.0773029638,
        "eps": 0.85,
        "epsdiluted": 0.77,
        "weightedAverageShsOut": 41161000,
        "weightedAverageShsOutDil": 45033000,
        "link": "https://www.sec.gov/Archives/edgar/data/96943/000156459014000320/0001564590-14-000320-index.htm",
        "finalLink": "https://www.sec.gov/Archives/edgar/data/96943/000156459014000320/tfx-10k_20131231.htm"
    },
    {
        "date": "2013-09-29",
        "symbol": "TFX",
        "reportedCurrency": "USD",
        "cik": "0000096943",
        "fillingDate": "2013-10-30",
        "acceptedDate": "2013-10-30 12:02:41",
        "calendarYear": "2013",
        "period": "Q3",
        "revenue": 413796000,
        "costOfRevenue": 209804000,
        "grossProfit": 203992000,
        "grossProfitRatio": 0.4929772158,
        "researchAndDevelopmentExpenses": 15638000,
        "generalAndAdministrativeExpenses": 0,
        "sellingAndMarketingExpenses": 0,
        "sellingGeneralAndAdministrativeExpenses": 115228000,
        "otherExpenses": 0,
        "operatingExpenses": 130866000,
        "costAndExpenses": 340670000,
        "interestIncome": 144000,
        "interestExpense": 13948000,
        "depreciationAndAmortization": 23380000,
        "ebitda": 88316000,
        "ebitdaratio": 0.2134288393,
        "operatingIncome": 66042000,
        "operatingIncomeRatio": 0.1596003828,
        "totalOtherIncomeExpensesNet": -15054000,
        "incomeBeforeTax": 50988000,
        "incomeBeforeTaxRatio": 0.1232201375,
        "incomeTaxExpense": 5209000,
        "netIncome": 46574000,
        "netIncomeRatio": 0.1125530455,
        "eps": 1.13,
        "epsdiluted": 1.08,
        "weightedAverageShsOut": 41132000,
        "weightedAverageShsOutDil": 43264000,
        "link": "https://www.sec.gov/Archives/edgar/data/96943/000119312513417721/0001193125-13-417721-index.htm",
        "finalLink": "https://www.sec.gov/Archives/edgar/data/96943/000119312513417721/d609705d10q.htm"
    },
    {
        "date": "2013-06-30",
        "symbol": "TFX",
        "reportedCurrency": "USD",
        "cik": "0000096943",
        "fillingDate": "2013-07-31",
        "acceptedDate": "2013-07-31 14:09:19",
        "calendarYear": "2013",
        "period": "Q2",
        "revenue": 420059000,
        "costOfRevenue": 210569000,
        "grossProfit": 209490000,
        "grossProfitRatio": 0.4987156566,
        "researchAndDevelopmentExpenses": 16524000,
        "generalAndAdministrativeExpenses": 0,
        "sellingAndMarketingExpenses": 0,
        "sellingGeneralAndAdministrativeExpenses": 116253000,
        "otherExpenses": 0,
        "operatingExpenses": 132777000,
        "costAndExpenses": 343346000,
        "interestIncome": 157000,
        "interestExpense": 14425000,
        "depreciationAndAmortization": 21836000,
        "ebitda": 85744000,
        "ebitdaratio": 0.2041237064,
        "operatingIncome": 63751000,
        "operatingIncomeRatio": 0.1517667756,
        "totalOtherIncomeExpensesNet": -14268000,
        "incomeBeforeTax": 49483000,
        "incomeBeforeTaxRatio": 0.1178001186,
        "incomeTaxExpense": 6082000,
        "netIncome": 42441000,
        "netIncomeRatio": 0.1010358069,
        "eps": 1.03,
        "epsdiluted": 0.98,
        "weightedAverageShsOut": 41115000,
        "weightedAverageShsOutDil": 43429000,
        "link": "https://www.sec.gov/Archives/edgar/data/96943/000119312513312219/0001193125-13-312219-index.htm",
        "finalLink": "https://www.sec.gov/Archives/edgar/data/96943/000119312513312219/d545487d10q.htm"
    },
    {
        "date": "2013-03-31",
        "symbol": "TFX",
        "reportedCurrency": "USD",
        "cik": "0000096943",
        "fillingDate": "2013-04-30",
        "acceptedDate": "2013-04-30 16:09:12",
        "calendarYear": "2013",
        "period": "Q1",
        "revenue": 411877000,
        "costOfRevenue": 211357000,
        "grossProfit": 200520000,
        "grossProfitRatio": 0.4868443734,
        "researchAndDevelopmentExpenses": 15007000,
        "generalAndAdministrativeExpenses": 0,
        "sellingAndMarketingExpenses": 0,
        "sellingGeneralAndAdministrativeExpenses": 126950000,
        "otherExpenses": 0,
        "operatingExpenses": 141957000,
        "costAndExpenses": 353314000,
        "interestIncome": 157000,
        "interestExpense": 14193000,
        "depreciationAndAmortization": 22591000,
        "ebitda": 72152000,
        "ebitdaratio": 0.175178512,
        "operatingIncome": 49404000,
        "operatingIncomeRatio": 0.1199484312,
        "totalOtherIncomeExpensesNet": -14036000,
        "incomeBeforeTax": 35368000,
        "incomeBeforeTaxRatio": 0.0858702962,
        "incomeTaxExpense": 7667000,
        "netIncome": 27038000,
        "netIncomeRatio": 0.0656458117,
        "eps": 0.66,
        "epsdiluted": 0.63,
        "weightedAverageShsOut": 41014000,
        "weightedAverageShsOutDil": 43047000,
        "link": "https://www.sec.gov/Archives/edgar/data/96943/000119312513187185/0001193125-13-187185-index.htm",
        "finalLink": "https://www.sec.gov/Archives/edgar/data/96943/000119312513187185/d507097d10q.htm"
    },
    {
        "date": "2012-12-31",
        "symbol": "TFX",
        "reportedCurrency": "USD",
        "cik": "0000096943",
        "fillingDate": "2013-02-22",
        "acceptedDate": "2013-02-22 13:54:10",
        "calendarYear": "2012",
        "period": "Q4",
        "revenue": 419056000,
        "costOfRevenue": 219876000,
        "grossProfit": 199180000,
        "grossProfitRatio": 0.475306403,
        "researchAndDevelopmentExpenses": 16263000,
        "generalAndAdministrativeExpenses": 0,
        "sellingAndMarketingExpenses": 0,
        "sellingGeneralAndAdministrativeExpenses": 121524000,
        "otherExpenses": 0,
        "operatingExpenses": 137787000,
        "costAndExpenses": 357663000,
        "interestIncome": 247000,
        "interestExpense": 14621000,
        "depreciationAndAmortization": 22046000,
        "ebitda": 80733000,
        "ebitdaratio": 0.1926544424,
        "operatingIncome": 58440000,
        "operatingIncomeRatio": 0.1394563018,
        "totalOtherIncomeExpensesNet": -14374000,
        "incomeBeforeTax": 44066000,
        "incomeBeforeTaxRatio": 0.1051553969,
        "incomeTaxExpense": 13452000,
        "netIncome": 29323000,
        "netIncomeRatio": 0.0699739414,
        "eps": 0.71,
        "epsdiluted": 0.68,
        "weightedAverageShsOut": 41014000,
        "weightedAverageShsOutDil": 43047000,
        "link": "https://www.sec.gov/Archives/edgar/data/96943/000119312513071160/0001193125-13-071160-index.htm",
        "finalLink": "https://www.sec.gov/Archives/edgar/data/96943/000119312513071160/d444647d10k.htm"
    },
    {
        "date": "2012-09-30",
        "symbol": "TFX",
        "reportedCurrency": "USD",
        "cik": "0000096943",
        "fillingDate": "2012-10-31",
        "acceptedDate": "2012-10-31 16:11:30",
        "calendarYear": "2012",
        "period": "Q3",
        "revenue": 368054000,
        "costOfRevenue": 187487000,
        "grossProfit": 180567000,
        "grossProfitRatio": 0.4905992056,
        "researchAndDevelopmentExpenses": 14760000,
        "generalAndAdministrativeExpenses": 0,
        "sellingAndMarketingExpenses": 0,
        "sellingGeneralAndAdministrativeExpenses": 114878000,
        "otherExpenses": 0,
        "operatingExpenses": 129638000,
        "costAndExpenses": 317125000,
        "interestIncome": 340000,
        "interestExpense": 18493000,
        "depreciationAndAmortization": 20072000,
        "ebitda": 70253000,
        "ebitdaratio": 0.1908768822,
        "operatingIncome": 49841000,
        "operatingIncomeRatio": 0.1354176289,
        "totalOtherIncomeExpensesNet": -18153000,
        "incomeBeforeTax": 31688000,
        "incomeBeforeTaxRatio": 0.086096062,
        "incomeTaxExpense": 7237000,
        "netIncome": 21742000,
        "netIncomeRatio": 0.0590728534,
        "eps": 0.53,
        "epsdiluted": 0.52,
        "weightedAverageShsOut": 40890000,
        "weightedAverageShsOutDil": 41511000,
        "link": "https://www.sec.gov/Archives/edgar/data/96943/000119312512443809/0001193125-12-443809-index.htm",
        "finalLink": "https://www.sec.gov/Archives/edgar/data/96943/000119312512443809/d417282d10q.htm"
    },
    {
        "date": "2012-07-01",
        "symbol": "TFX",
        "reportedCurrency": "USD",
        "cik": "0000096943",
        "fillingDate": "2012-07-31",
        "acceptedDate": "2012-07-31 16:25:53",
        "calendarYear": "2012",
        "period": "Q2",
        "revenue": 383332000,
        "costOfRevenue": 198968000,
        "grossProfit": 184364000,
        "grossProfitRatio": 0.4809512381,
        "researchAndDevelopmentExpenses": 13702000,
        "generalAndAdministrativeExpenses": 0,
        "sellingAndMarketingExpenses": 0,
        "sellingGeneralAndAdministrativeExpenses": 105951000,
        "otherExpenses": 0,
        "operatingExpenses": 119653000,
        "costAndExpenses": 318621000,
        "interestIncome": 506000,
        "interestExpense": 18240000,
        "depreciationAndAmortization": 18551000,
        "ebitda": 84438000,
        "ebitdaratio": 0.2202738096,
        "operatingIncome": 64722000,
        "operatingIncomeRatio": 0.1688405873,
        "totalOtherIncomeExpensesNet": -17734000,
        "incomeBeforeTax": 46988000,
        "incomeBeforeTaxRatio": 0.1225778177,
        "incomeTaxExpense": -278000,
        "netIncome": 42613000,
        "netIncomeRatio": 0.1111647345,
        "eps": 1.04,
        "epsdiluted": 1.04,
        "weightedAverageShsOut": 40834000,
        "weightedAverageShsOutDil": 41076000,
        "link": "https://www.sec.gov/Archives/edgar/data/96943/000119312512325923/0001193125-12-325923-index.htm",
        "finalLink": "https://www.sec.gov/Archives/edgar/data/96943/000119312512325923/d368647d10q.htm"
    },
    {
        "date": "2012-04-01",
        "symbol": "TFX",
        "reportedCurrency": "USD",
        "cik": "0000096943",
        "fillingDate": "2012-05-01",
        "acceptedDate": "2012-05-01 16:08:40",
        "calendarYear": "2012",
        "period": "Q1",
        "revenue": 387757000,
        "costOfRevenue": 201922000,
        "grossProfit": 185835000,
        "grossProfitRatio": 0.4792563384,
        "researchAndDevelopmentExpenses": 11562000,
        "generalAndAdministrativeExpenses": 0,
        "sellingAndMarketingExpenses": 0,
        "sellingGeneralAndAdministrativeExpenses": 113378000,
        "otherExpenses": 0,
        "operatingExpenses": 124940000,
        "costAndExpenses": 326862000,
        "interestIncome": 478000,
        "interestExpense": 18211000,
        "depreciationAndAmortization": 19799000,
        "ebitda": -250760000,
        "ebitdaratio": -0.6466936767,
        "operatingIncome": -270395000,
        "operatingIncomeRatio": -0.6973310604,
        "totalOtherIncomeExpensesNet": -4019000,
        "incomeBeforeTax": -288128000,
        "incomeBeforeTaxRatio": -0.7430633103,
        "incomeTaxExpense": -4019000,
        "netIncome": -283735000,
        "netIncomeRatio": -0.7317340499,
        "eps": -6.96,
        "epsdiluted": -6.96,
        "weightedAverageShsOut": 40769000,
        "weightedAverageShsOutDil": 40769000,
        "link": "https://www.sec.gov/Archives/edgar/data/96943/000119312512200737/0001193125-12-200737-index.htm",
        "finalLink": "https://www.sec.gov/Archives/edgar/data/96943/000119312512200737/d332618d10q.htm"
    },
    {
        "date": "2011-12-31",
        "symbol": "TFX",
        "reportedCurrency": "USD",
        "cik": "0000096943",
        "fillingDate": "2012-02-24",
        "acceptedDate": "2012-02-23 20:41:52",
        "calendarYear": "2011",
        "period": "Q4",
        "revenue": 411730000,
        "costOfRevenue": 219699000,
        "grossProfit": 192031000,
        "grossProfitRatio": 0.4664003109,
        "researchAndDevelopmentExpenses": 12913000,
        "generalAndAdministrativeExpenses": 0,
        "sellingAndMarketingExpenses": 0,
        "sellingGeneralAndAdministrativeExpenses": 111924000,
        "otherExpenses": 582000,
        "operatingExpenses": 125419000,
        "costAndExpenses": 345118000,
        "interestIncome": 584000,
        "interestExpense": 19209000,
        "depreciationAndAmortization": 21177000,
        "ebitda": 84879000,
        "ebitdaratio": 0.20615209,
        "operatingIncome": 63118000,
        "operatingIncomeRatio": 0.1532994924,
        "totalOtherIncomeExpensesNet": -18625000,
        "incomeBeforeTax": 44493000,
        "incomeBeforeTaxRatio": 0.1080635368,
        "incomeTaxExpense": 2578000,
        "netIncome": 167796000,
        "netIncomeRatio": 0.4075389211,
        "eps": 4.12,
        "epsdiluted": 4.12,
        "weightedAverageShsOut": 40726000,
        "weightedAverageShsOutDil": 40769000,
        "link": "https://www.sec.gov/Archives/edgar/data/96943/000119312512076013/0001193125-12-076013-index.htm",
        "finalLink": "https://www.sec.gov/Archives/edgar/data/96943/000119312512076013/d266472d10k.htm"
    },
    {
        "date": "2011-09-25",
        "symbol": "TFX",
        "reportedCurrency": "USD",
        "cik": "0000096943",
        "fillingDate": "2011-10-25",
        "acceptedDate": "2011-10-25 14:57:11",
        "calendarYear": "2011",
        "period": "Q3",
        "revenue": 371891000,
        "costOfRevenue": 193617000,
        "grossProfit": 178274000,
        "grossProfitRatio": 0.4793716438,
        "researchAndDevelopmentExpenses": 12325000,
        "generalAndAdministrativeExpenses": 0,
        "sellingAndMarketingExpenses": 0,
        "sellingGeneralAndAdministrativeExpenses": 102911000,
        "otherExpenses": 0,
        "operatingExpenses": 115236000,
        "costAndExpenses": 308853000,
        "interestIncome": 318000,
        "interestExpense": 19177000,
        "depreciationAndAmortization": 21397000,
        "ebitda": 82963000,
        "ebitdaratio": 0.2230841833,
        "operatingIncome": 63211000,
        "operatingIncomeRatio": 0.1699718466,
        "totalOtherIncomeExpensesNet": -18859000,
        "incomeBeforeTax": 44352000,
        "incomeBeforeTaxRatio": 0.1192607511,
        "incomeTaxExpense": 10600000,
        "netIncome": 43651000,
        "netIncomeRatio": 0.1173757902,
        "eps": 1.07,
        "epsdiluted": 1.07,
        "weightedAverageShsOut": 40684000,
        "weightedAverageShsOutDil": 40943000,
        "link": "https://www.sec.gov/Archives/edgar/data/96943/000119312511280093/0001193125-11-280093-index.htm",
        "finalLink": "https://www.sec.gov/Archives/edgar/data/96943/000119312511280093/d235658d10q.htm"
    },
    {
        "date": "2011-06-26",
        "symbol": "TFX",
        "reportedCurrency": "USD",
        "cik": "0000096943",
        "fillingDate": "2011-07-27",
        "acceptedDate": "2011-07-27 13:56:45",
        "calendarYear": "2011",
        "period": "Q2",
        "revenue": 391286000,
        "costOfRevenue": 207254000,
        "grossProfit": 184032000,
        "grossProfitRatio": 0.4703260531,
        "researchAndDevelopmentExpenses": 12456000,
        "generalAndAdministrativeExpenses": 0,
        "sellingAndMarketingExpenses": 0,
        "sellingGeneralAndAdministrativeExpenses": 111751000,
        "otherExpenses": 0,
        "operatingExpenses": 124207000,
        "costAndExpenses": 331461000,
        "interestIncome": 253000,
        "interestExpense": 15785000,
        "depreciationAndAmortization": 20974000,
        "ebitda": 75679000,
        "ebitdaratio": 0.1934109577,
        "operatingIncome": 56649000,
        "operatingIncomeRatio": 0.1447764551,
        "totalOtherIncomeExpensesNet": -17115000,
        "incomeBeforeTax": 40301000,
        "incomeBeforeTaxRatio": 0.1029962738,
        "incomeTaxExpense": 8714000,
        "netIncome": 34070000,
        "netIncomeRatio": 0.0870718605,
        "eps": 0.84,
        "epsdiluted": 0.83,
        "weightedAverageShsOut": 40536000,
        "weightedAverageShsOutDil": 40872000,
        "link": "https://www.sec.gov/Archives/edgar/data/96943/000119312511198684/0001193125-11-198684-index.htm",
        "finalLink": "https://www.sec.gov/Archives/edgar/data/96943/000119312511198684/d10q.htm"
    },
    {
        "date": "2011-03-27",
        "symbol": "TFX",
        "reportedCurrency": "USD",
        "cik": "0000096943",
        "fillingDate": "2011-04-26",
        "acceptedDate": "2011-04-26 16:35:46",
        "calendarYear": "2011",
        "period": "Q1",
        "revenue": 388658000,
        "costOfRevenue": 212620000,
        "grossProfit": 176038000,
        "grossProfitRatio": 0.4529380587,
        "researchAndDevelopmentExpenses": 11038000,
        "generalAndAdministrativeExpenses": 0,
        "sellingAndMarketingExpenses": 0,
        "sellingGeneralAndAdministrativeExpenses": 109831000,
        "otherExpenses": 0,
        "operatingExpenses": 120869000,
        "costAndExpenses": 333489000,
        "interestIncome": 106000,
        "interestExpense": 16157000,
        "depreciationAndAmortization": 22069000,
        "ebitda": 56514000,
        "ebitdaratio": 0.1454080451,
        "operatingIncome": 54574000,
        "operatingIncomeRatio": 0.1404165101,
        "totalOtherIncomeExpensesNet": -30638000,
        "incomeBeforeTax": 23926000,
        "incomeBeforeTaxRatio": 0.0615605494,
        "incomeTaxExpense": 6426000,
        "netIncome": 77812000,
        "netIncomeRatio": 0.2002068657,
        "eps": 1.94,
        "epsdiluted": 1.92,
        "weightedAverageShsOut": 40057000,
        "weightedAverageShsOutDil": 40424000,
        "link": "https://www.sec.gov/Archives/edgar/data/96943/000095012311039311/0000950123-11-039311-index.htm",
        "finalLink": "https://www.sec.gov/Archives/edgar/data/96943/000095012311039311/c15464e10vq.htm"
    },
    {
        "date": "2010-12-31",
        "symbol": "TFX",
        "reportedCurrency": "USD",
        "cik": "0000096943",
        "fillingDate": "2011-02-25",
        "acceptedDate": "2011-02-24 17:56:58",
        "calendarYear": "2010",
        "period": "Q4",
        "revenue": 475838000,
        "costOfRevenue": 287986000,
        "grossProfit": 187852000,
        "grossProfitRatio": 0.3947814172,
        "researchAndDevelopmentExpenses": 11694000,
        "generalAndAdministrativeExpenses": 0,
        "sellingAndMarketingExpenses": 0,
        "sellingGeneralAndAdministrativeExpenses": 117573000,
        "otherExpenses": -158000,
        "operatingExpenses": 129109000,
        "costAndExpenses": 417095000,
        "interestIncome": 224000,
        "interestExpense": 21322000,
        "depreciationAndAmortization": 22232000,
        "ebitda": 63727000,
        "ebitdaratio": 0.1339258319,
        "operatingIncome": 57547000,
        "operatingIncomeRatio": 0.1209382185,
        "totalOtherIncomeExpensesNet": -37374000,
        "incomeBeforeTax": 20173000,
        "incomeBeforeTaxRatio": 0.0423946805,
        "incomeTaxExpense": -4693000,
        "netIncome": 81078000,
        "netIncomeRatio": 0.1703899226,
        "eps": 2.02,
        "epsdiluted": 2.01,
        "weightedAverageShsOut": 40057000,
        "weightedAverageShsOutDil": 40424000,
        "link": "https://www.sec.gov/Archives/edgar/data/96943/000095012311018007/0000950123-11-018007-index.htm",
        "finalLink": "https://www.sec.gov/Archives/edgar/data/96943/000095012311018007/w80858e10vk.htm"
    },
    {
        "date": "2010-09-26",
        "symbol": "TFX",
        "reportedCurrency": "USD",
        "cik": "0000096943",
        "fillingDate": "2010-10-27",
        "acceptedDate": "2010-10-27 11:33:09",
        "calendarYear": "2010",
        "period": "Q3",
        "revenue": 442993000,
        "costOfRevenue": 239926000,
        "grossProfit": 203067000,
        "grossProfitRatio": 0.4583977625,
        "researchAndDevelopmentExpenses": 11013000,
        "generalAndAdministrativeExpenses": 0,
        "sellingAndMarketingExpenses": 0,
        "sellingGeneralAndAdministrativeExpenses": 123441000,
        "otherExpenses": -183000,
        "operatingExpenses": 134271000,
        "costAndExpenses": 374197000,
        "interestIncome": 243000,
        "interestExpense": 20090000,
        "depreciationAndAmortization": 23252000,
        "ebitda": 92291000,
        "ebitdaratio": 0.2083351204,
        "operatingIncome": 67655000,
        "operatingIncomeRatio": 0.1527225035,
        "totalOtherIncomeExpensesNet": -50182000,
        "incomeBeforeTax": 17454000,
        "incomeBeforeTaxRatio": 0.0394001711,
        "incomeTaxExpense": -5986000,
        "netIncome": 22196000,
        "netIncomeRatio": 0.0501046292,
        "eps": 0.56,
        "epsdiluted": 0.55,
        "weightedAverageShsOut": 39933000,
        "weightedAverageShsOutDil": 40254000,
        "link": "https://www.sec.gov/Archives/edgar/data/96943/000095012310096455/0000950123-10-096455-index.htm",
        "finalLink": "https://www.sec.gov/Archives/edgar/data/96943/000095012310096455/c06141e10vq.htm"
    },
    {
        "date": "2010-06-27",
        "symbol": "TFX",
        "reportedCurrency": "USD",
        "cik": "0000096943",
        "fillingDate": "2010-07-23",
        "acceptedDate": "2010-07-22 18:17:38",
        "calendarYear": "2010",
        "period": "Q2",
        "revenue": 461675000,
        "costOfRevenue": 252874000,
        "grossProfit": 208801000,
        "grossProfitRatio": 0.4522683706,
        "researchAndDevelopmentExpenses": 10867000,
        "generalAndAdministrativeExpenses": 0,
        "sellingAndMarketingExpenses": 0,
        "sellingGeneralAndAdministrativeExpenses": 118506000,
        "otherExpenses": 0,
        "operatingExpenses": 129373000,
        "costAndExpenses": 382247000,
        "interestIncome": 176000,
        "interestExpense": 19585000,
        "depreciationAndAmortization": 23182000,
        "ebitda": 85058000,
        "ebitdaratio": 0.1842378296,
        "operatingIncome": 79353000,
        "operatingIncomeRatio": 0.171880652,
        "totalOtherIncomeExpensesNet": -4226000,
        "incomeBeforeTax": 59944000,
        "incomeBeforeTaxRatio": 0.1298402556,
        "incomeTaxExpense": 17563000,
        "netIncome": 60148000,
        "netIncomeRatio": 0.1302821249,
        "eps": 1.51,
        "epsdiluted": 1.49,
        "weightedAverageShsOut": 39913000,
        "weightedAverageShsOutDil": 40356000,
        "link": "https://www.sec.gov/Archives/edgar/data/96943/000095012310067387/0000950123-10-067387-index.htm",
        "finalLink": "https://www.sec.gov/Archives/edgar/data/96943/000095012310067387/c01867e10vq.htm"
    },
    {
        "date": "2010-03-28",
        "symbol": "TFX",
        "reportedCurrency": "USD",
        "cik": "0000096943",
        "fillingDate": "2010-04-28",
        "acceptedDate": "2010-04-27 18:06:58",
        "calendarYear": "2010",
        "period": "Q1",
        "revenue": 436460000,
        "costOfRevenue": 238867000,
        "grossProfit": 197593000,
        "grossProfitRatio": 0.4527173166,
        "researchAndDevelopmentExpenses": 9560000,
        "generalAndAdministrativeExpenses": 0,
        "sellingAndMarketingExpenses": 0,
        "sellingGeneralAndAdministrativeExpenses": 117388000,
        "otherExpenses": 0,
        "operatingExpenses": 126948000,
        "costAndExpenses": 365815000,
        "interestIncome": 218000,
        "interestExpense": 19034000,
        "depreciationAndAmortization": 23523000,
        "ebitda": 88766000,
        "ebitdaratio": 0.2033771709,
        "operatingIncome": 70182000,
        "operatingIncomeRatio": 0.1607982404,
        "totalOtherIncomeExpensesNet": -18788000,
        "incomeBeforeTax": 51366000,
        "incomeBeforeTaxRatio": 0.1176877606,
        "incomeTaxExpense": 15433000,
        "netIncome": 37672000,
        "netIncomeRatio": 0.086312606,
        "eps": 0.95,
        "epsdiluted": 0.94,
        "weightedAverageShsOut": 39791000,
        "weightedAverageShsOutDil": 40199000,
        "link": "https://www.sec.gov/Archives/edgar/data/96943/000095012310038969/0000950123-10-038969-index.htm",
        "finalLink": "https://www.sec.gov/Archives/edgar/data/96943/000095012310038969/c99558e10vq.htm"
    },
    {
        "date": "2009-12-31",
        "symbol": "TFX",
        "reportedCurrency": "USD",
        "cik": "0000096943",
        "fillingDate": "2010-02-25",
        "acceptedDate": "2010-02-24 19:05:06",
        "calendarYear": "2009",
        "period": "Q4",
        "revenue": 515003000,
        "costOfRevenue": 295277000,
        "grossProfit": 219726000,
        "grossProfitRatio": 0.4266499418,
        "researchAndDevelopmentExpenses": 0,
        "generalAndAdministrativeExpenses": 0,
        "sellingAndMarketingExpenses": 0,
        "sellingGeneralAndAdministrativeExpenses": 138793000,
        "otherExpenses": 0,
        "operatingExpenses": 138793000,
        "costAndExpenses": 434070000,
        "interestIncome": 634000,
        "interestExpense": 20993000,
        "depreciationAndAmortization": 22944000,
        "ebitda": 102866000,
        "ebitdaratio": 0.1997386423,
        "operatingIncome": 79288000,
        "operatingIncomeRatio": 0.1539563847,
        "totalOtherIncomeExpensesNet": -20359000,
        "incomeBeforeTax": 58929000,
        "incomeBeforeTaxRatio": 0.1144245762,
        "incomeTaxExpense": 10642000,
        "netIncome": 42701000,
        "netIncomeRatio": 0.0829140801,
        "eps": 1.07,
        "epsdiluted": 1.06,
        "weightedAverageShsOut": 39791000,
        "weightedAverageShsOutDil": 40199000,
        "link": "https://www.sec.gov/Archives/edgar/data/96943/000095012310016499/0000950123-10-016499-index.htm",
        "finalLink": "https://www.sec.gov/Archives/edgar/data/96943/000095012310016499/w77123e10vk.htm"
    },
    {
        "date": "2009-09-27",
        "symbol": "TFX",
        "reportedCurrency": "USD",
        "cik": "0000096943",
        "fillingDate": "2009-10-27",
        "acceptedDate": "2009-10-27 13:01:32",
        "calendarYear": "2009",
        "period": "Q3",
        "revenue": 461479000,
        "costOfRevenue": 260925000,
        "grossProfit": 200554000,
        "grossProfitRatio": 0.4345896563,
        "researchAndDevelopmentExpenses": 0,
        "generalAndAdministrativeExpenses": 0,
        "sellingAndMarketingExpenses": 0,
        "sellingGeneralAndAdministrativeExpenses": 126151000,
        "otherExpenses": 0,
        "operatingExpenses": 126151000,
        "costAndExpenses": 387076000,
        "interestIncome": 233000,
        "interestExpense": 21074000,
        "depreciationAndAmortization": 24049000,
        "ebitda": 93004000,
        "ebitdaratio": 0.201534631,
        "operatingIncome": 69620000,
        "operatingIncomeRatio": 0.1508627695,
        "totalOtherIncomeExpensesNet": -22162000,
        "incomeBeforeTax": 48779000,
        "incomeBeforeTaxRatio": 0.1057014512,
        "incomeTaxExpense": 13740000,
        "netIncome": 38312000,
        "netIncomeRatio": 0.0830200291,
        "eps": 0.96,
        "epsdiluted": 0.96,
        "weightedAverageShsOut": 39724000,
        "weightedAverageShsOutDil": 39932000,
        "link": "https://www.sec.gov/Archives/edgar/data/96943/000095012309053524/0000950123-09-053524-index.htm",
        "finalLink": "https://www.sec.gov/Archives/edgar/data/96943/000095012309053524/c91287e10vq.htm"
    },
    {
        "date": "2009-06-28",
        "symbol": "TFX",
        "reportedCurrency": "USD",
        "cik": "0000096943",
        "fillingDate": "2009-07-27",
        "acceptedDate": "2009-07-27 11:53:27",
        "calendarYear": "2009",
        "period": "Q2",
        "revenue": 483059000,
        "costOfRevenue": 277048000,
        "grossProfit": 206011000,
        "grossProfitRatio": 0.4264717146,
        "researchAndDevelopmentExpenses": 0,
        "generalAndAdministrativeExpenses": 0,
        "sellingAndMarketingExpenses": 0,
        "sellingGeneralAndAdministrativeExpenses": 133956000,
        "otherExpenses": 0,
        "operatingExpenses": 133956000,
        "costAndExpenses": 411004000,
        "interestIncome": 1463000,
        "interestExpense": 21999000,
        "depreciationAndAmortization": 28422000,
        "ebitda": 82395000,
        "ebitdaratio": 0.1705692265,
        "operatingIncome": 34016000,
        "operatingIncomeRatio": 0.0704178993,
        "totalOtherIncomeExpensesNet": -45644000,
        "incomeBeforeTax": 13480000,
        "incomeBeforeTaxRatio": 0.0279054939,
        "incomeTaxExpense": 6889000,
        "netIncome": 6772000,
        "netIncomeRatio": 0.0140189915,
        "eps": 0.16,
        "epsdiluted": 0.16,
        "weightedAverageShsOut": 39717000,
        "weightedAverageShsOutDil": 39921000,
        "link": "https://www.sec.gov/Archives/edgar/data/96943/000095012309025618/0000950123-09-025618-index.htm",
        "finalLink": "https://www.sec.gov/Archives/edgar/data/96943/000095012309025618/c88162e10vq.htm"
    },
    {
        "date": "2009-03-29",
        "symbol": "TFX",
        "reportedCurrency": "USD",
        "cik": "0000096943",
        "fillingDate": "2009-04-28",
        "acceptedDate": "2009-04-28 12:09:41",
        "calendarYear": "2009",
        "period": "Q1",
        "revenue": 469675000,
        "costOfRevenue": 273551000,
        "grossProfit": 196124000,
        "grossProfitRatio": 0.4175738543,
        "researchAndDevelopmentExpenses": 0,
        "generalAndAdministrativeExpenses": 0,
        "sellingAndMarketingExpenses": 0,
        "sellingGeneralAndAdministrativeExpenses": 128764000,
        "otherExpenses": 0,
        "operatingExpenses": 128764000,
        "costAndExpenses": 402315000,
        "interestIncome": 214000,
        "interestExpense": 25402000,
        "depreciationAndAmortization": 25642000,
        "ebitda": 86191000,
        "ebitdaratio": 0.183512003,
        "operatingIncome": 62300000,
        "operatingIncomeRatio": 0.132644914,
        "totalOtherIncomeExpensesNet": -28792000,
        "incomeBeforeTax": 37112000,
        "incomeBeforeTaxRatio": 0.0790163411,
        "incomeTaxExpense": 10462000,
        "netIncome": 215511000,
        "netIncomeRatio": 0.4588513334,
        "eps": 5.43,
        "epsdiluted": 5.4,
        "weightedAverageShsOut": 39692000,
        "weightedAverageShsOutDil": 39876000,
        "link": "https://www.sec.gov/Archives/edgar/data/96943/000089322009000921/0000893220-09-000921-index.htm",
        "finalLink": "https://www.sec.gov/Archives/edgar/data/96943/000089322009000921/w73677e10vq.htm"
    },
    {
        "date": "2008-12-31",
        "symbol": "TFX",
        "reportedCurrency": "USD",
        "cik": "0000096943",
        "fillingDate": "2009-02-25",
        "acceptedDate": "2009-02-25 15:14:32",
        "calendarYear": "2008",
        "period": "Q4",
        "revenue": 596462000,
        "costOfRevenue": 362617000,
        "grossProfit": 233845000,
        "grossProfitRatio": 0.3920534753,
        "researchAndDevelopmentExpenses": 0,
        "generalAndAdministrativeExpenses": 0,
        "sellingAndMarketingExpenses": 0,
        "sellingGeneralAndAdministrativeExpenses": 137726000,
        "otherExpenses": 2339000,
        "operatingExpenses": 140065000,
        "costAndExpenses": 502682000,
        "interestIncome": 0,
        "interestExpense": 121647000,
        "depreciationAndAmortization": 23226000,
        "ebitda": 94575000,
        "ebitdaratio": 0.1585599753,
        "operatingIncome": 80649000,
        "operatingIncomeRatio": 0.1352123019,
        "totalOtherIncomeExpensesNet": 176335000,
        "incomeBeforeTax": 50975000,
        "incomeBeforeTaxRatio": 0.0854622759,
        "incomeTaxExpense": 10996000,
        "netIncome": 19569000,
        "netIncomeRatio": 0.0328084606,
        "eps": 0.49,
        "epsdiluted": 0.49,
        "weightedAverageShsOut": 39692000,
        "weightedAverageShsOutDil": 39876000,
        "link": "https://www.sec.gov/Archives/edgar/data/96943/000089322009000387/0000893220-09-000387-index.htm",
        "finalLink": "https://www.sec.gov/Archives/edgar/data/96943/000089322009000387/w72765e10vk.htm"
    },
    {
        "date": "2008-09-28",
        "symbol": "TFX",
        "reportedCurrency": "USD",
        "cik": "0000096943",
        "fillingDate": "2008-10-28",
        "acceptedDate": "2008-10-28 13:29:01",
        "calendarYear": "2008",
        "period": "Q3",
        "revenue": 595882000,
        "costOfRevenue": 357064000,
        "grossProfit": 238818000,
        "grossProfitRatio": 0.4007806915,
        "researchAndDevelopmentExpenses": 0,
        "generalAndAdministrativeExpenses": 0,
        "sellingAndMarketingExpenses": 0,
        "sellingGeneralAndAdministrativeExpenses": 144329000,
        "otherExpenses": 0,
        "operatingExpenses": 144329000,
        "costAndExpenses": 501393000,
        "interestIncome": 0,
        "interestExpense": 0,
        "depreciationAndAmortization": 28184000,
        "ebitda": 122673000,
        "ebitdaratio": 0.2058679403,
        "operatingIncome": 94019000,
        "operatingIncomeRatio": 0.1577812386,
        "totalOtherIncomeExpensesNet": -28372000,
        "incomeBeforeTax": 65647000,
        "incomeBeforeTaxRatio": 0.1101677849,
        "incomeTaxExpense": 13701000,
        "netIncome": 42319000,
        "netIncomeRatio": 0.0710190944,
        "eps": 1.07,
        "epsdiluted": 1.06,
        "weightedAverageShsOut": 39645000,
        "weightedAverageShsOutDil": 39970000,
        "link": "https://www.sec.gov/Archives/edgar/data/96943/000089322008002819/0000893220-08-002819-index.htm",
        "finalLink": "https://www.sec.gov/Archives/edgar/data/96943/000089322008002819/w71217e10vq.htm"
    },
    {
        "date": "2008-06-29",
        "symbol": "TFX",
        "reportedCurrency": "USD",
        "cik": "0000096943",
        "fillingDate": "2008-07-29",
        "acceptedDate": "2008-07-29 12:01:34",
        "calendarYear": "2008",
        "period": "Q2",
        "revenue": 624085000,
        "costOfRevenue": 365436000,
        "grossProfit": 258649000,
        "grossProfitRatio": 0.4144451477,
        "researchAndDevelopmentExpenses": 0,
        "generalAndAdministrativeExpenses": 0,
        "sellingAndMarketingExpenses": 0,
        "sellingGeneralAndAdministrativeExpenses": 162850000,
        "otherExpenses": 0,
        "operatingExpenses": 162850000,
        "costAndExpenses": 528286000,
        "interestIncome": 0,
        "interestExpense": 0,
        "depreciationAndAmortization": 28907000,
        "ebitda": 127625000,
        "ebitdaratio": 0.2044993871,
        "operatingIncome": 93208000,
        "operatingIncomeRatio": 0.1493514505,
        "totalOtherIncomeExpensesNet": -30918000,
        "incomeBeforeTax": 62290000,
        "incomeBeforeTaxRatio": 0.099810122,
        "incomeTaxExpense": 15404000,
        "netIncome": 34943000,
        "netIncomeRatio": 0.0559907705,
        "eps": 0.88,
        "epsdiluted": 0.88,
        "weightedAverageShsOut": 39562000,
        "weightedAverageShsOutDil": 39831000,
        "link": "https://www.sec.gov/Archives/edgar/data/96943/000089322008002185/0000893220-08-002185-index.htm",
        "finalLink": "https://www.sec.gov/Archives/edgar/data/96943/000089322008002185/w63568e10vq.htm"
    },
    {
        "date": "2008-03-30",
        "symbol": "TFX",
        "reportedCurrency": "USD",
        "cik": "0000096943",
        "fillingDate": "2008-04-29",
        "acceptedDate": "2008-04-29 16:39:17",
        "calendarYear": "2008",
        "period": "Q1",
        "revenue": 604520000,
        "costOfRevenue": 371665000,
        "grossProfit": 232855000,
        "grossProfitRatio": 0.3851899027,
        "researchAndDevelopmentExpenses": 0,
        "generalAndAdministrativeExpenses": 0,
        "sellingAndMarketingExpenses": 0,
        "sellingGeneralAndAdministrativeExpenses": 151868000,
        "otherExpenses": 0,
        "operatingExpenses": 151868000,
        "costAndExpenses": 523533000,
        "interestIncome": 961000,
        "interestExpense": 31090000,
        "depreciationAndAmortization": 30901000,
        "ebitda": 85935000,
        "ebitdaratio": 0.1421541057,
        "operatingIncome": 72113000,
        "operatingIncomeRatio": 0.1192896844,
        "totalOtherIncomeExpensesNet": -45243000,
        "incomeBeforeTax": 42065000,
        "incomeBeforeTaxRatio": 0.0695841329,
        "incomeTaxExpense": 12068000,
        "netIncome": 22943000,
        "netIncomeRatio": 0.0379524251,
        "eps": 0.58,
        "epsdiluted": 0.58,
        "weightedAverageShsOut": 39454000,
        "weightedAverageShsOutDil": 39709000,
        "link": "https://www.sec.gov/Archives/edgar/data/96943/000089322008001269/0000893220-08-001269-index.htm",
        "finalLink": "https://www.sec.gov/Archives/edgar/data/96943/000089322008001269/w55972e10vq.htm"
    },
    {
        "date": "2007-12-31",
        "symbol": "TFX",
        "reportedCurrency": "USD",
        "cik": "0000096943",
        "fillingDate": "2008-02-29",
        "acceptedDate": "2008-02-29 14:13:15",
        "calendarYear": "2007",
        "period": "Q4",
        "revenue": -68792000,
        "costOfRevenue": -133209000,
        "grossProfit": 64417000,
        "grossProfitRatio": -0.9364024887,
        "researchAndDevelopmentExpenses": 30000000,
        "generalAndAdministrativeExpenses": 0,
        "sellingAndMarketingExpenses": 0,
        "sellingGeneralAndAdministrativeExpenses": 50650000,
        "otherExpenses": 0,
        "operatingExpenses": 50650000,
        "costAndExpenses": -82559000,
        "interestIncome": 0,
        "interestExpense": 74876000,
        "depreciationAndAmortization": 11329000,
        "ebitda": 25096000,
        "ebitdaratio": -0.3648098616,
        "operatingIncome": -21696000,
        "operatingIncomeRatio": 0.3153855099,
        "totalOtherIncomeExpensesNet": -61323000,
        "incomeBeforeTax": -83019000,
        "incomeBeforeTaxRatio": 1.2068118386,
        "incomeTaxExpense": -17941000,
        "netIncome": 65385000,
        "netIncomeRatio": -0.9504738923,
        "eps": 1.66,
        "epsdiluted": 1.65,
        "weightedAverageShsOut": 39454000,
        "weightedAverageShsOutDil": 39709000,
        "link": "https://www.sec.gov/Archives/edgar/data/96943/000089322008000569/0000893220-08-000569-index.htm",
        "finalLink": "https://www.sec.gov/Archives/edgar/data/96943/000089322008000569/w47957e10vk.htm"
    },
    {
        "date": "2007-09-30",
        "symbol": "TFX",
        "reportedCurrency": "USD",
        "cik": "0000096943",
        "fillingDate": "2007-11-01",
        "acceptedDate": "2007-11-01 16:12:18",
        "calendarYear": "2007",
        "period": "Q3",
        "revenue": 656064000,
        "costOfRevenue": 462325000,
        "grossProfit": 193739000,
        "grossProfitRatio": 0.2953050312,
        "researchAndDevelopmentExpenses": 0,
        "generalAndAdministrativeExpenses": 0,
        "sellingAndMarketingExpenses": 0,
        "sellingGeneralAndAdministrativeExpenses": 126774000,
        "otherExpenses": 0,
        "operatingExpenses": 126774000,
        "costAndExpenses": 589099000,
        "interestIncome": 0,
        "interestExpense": 0,
        "depreciationAndAmortization": 23227000,
        "ebitda": 81583000,
        "ebitdaratio": 0.1243521973,
        "operatingIncome": 61567000,
        "operatingIncomeRatio": 0.0938429787,
        "totalOtherIncomeExpensesNet": -5292000,
        "incomeBeforeTax": 56528000,
        "incomeBeforeTaxRatio": 0.0861623256,
        "incomeTaxExpense": 105687000,
        "netIncome": -56839000,
        "netIncomeRatio": -0.0866363647,
        "eps": -1.44,
        "epsdiluted": -1.44,
        "weightedAverageShsOut": 39368000,
        "weightedAverageShsOutDil": 39368000,
        "link": "https://www.sec.gov/Archives/edgar/data/96943/000089322007003511/0000893220-07-003511-index.htm",
        "finalLink": "https://www.sec.gov/Archives/edgar/data/96943/000089322007003511/w41483e10vq.htm"
    },
    {
        "date": "2007-07-01",
        "symbol": "TFX",
        "reportedCurrency": "USD",
        "cik": "0000096943",
        "fillingDate": "2007-07-31",
        "acceptedDate": "2007-07-31 16:29:35",
        "calendarYear": "2007",
        "period": "Q2",
        "revenue": 679718000,
        "costOfRevenue": 466946000,
        "grossProfit": 212772000,
        "grossProfitRatio": 0.3130298153,
        "researchAndDevelopmentExpenses": 0,
        "generalAndAdministrativeExpenses": 0,
        "sellingAndMarketingExpenses": 0,
        "sellingGeneralAndAdministrativeExpenses": 136968000,
        "otherExpenses": 0,
        "operatingExpenses": 136968000,
        "costAndExpenses": 603914000,
        "interestIncome": 0,
        "interestExpense": 0,
        "depreciationAndAmortization": 22405000,
        "ebitda": 89513000,
        "ebitdaratio": 0.1316913779,
        "operatingIncome": 74685000,
        "operatingIncomeRatio": 0.1098764488,
        "totalOtherIncomeExpensesNet": -9571000,
        "incomeBeforeTax": 64893000,
        "incomeBeforeTaxRatio": 0.0954704745,
        "incomeTaxExpense": 14656000,
        "netIncome": 93861000,
        "netIncomeRatio": 0.1380881483,
        "eps": 2.39,
        "epsdiluted": 2.37,
        "weightedAverageShsOut": 39221000,
        "weightedAverageShsOutDil": 39678000,
        "link": "https://www.sec.gov/Archives/edgar/data/96943/000089322007002604/0000893220-07-002604-index.htm",
        "finalLink": "https://www.sec.gov/Archives/edgar/data/96943/000089322007002604/w37559e10vq.htm"
    },
    {
        "date": "2007-04-01",
        "symbol": "TFX",
        "reportedCurrency": "USD",
        "cik": "0000096943",
        "fillingDate": "2007-05-01",
        "acceptedDate": "2007-05-01 14:22:30",
        "calendarYear": "2007",
        "period": "Q1",
        "revenue": 667342000,
        "costOfRevenue": 457916000,
        "grossProfit": 209426000,
        "grossProfitRatio": 0.3138210992,
        "researchAndDevelopmentExpenses": 0,
        "generalAndAdministrativeExpenses": 0,
        "sellingAndMarketingExpenses": 0,
        "sellingGeneralAndAdministrativeExpenses": 130862000,
        "otherExpenses": 0,
        "operatingExpenses": 130862000,
        "costAndExpenses": 588778000,
        "interestIncome": 0,
        "interestExpense": 0,
        "depreciationAndAmortization": 21799000,
        "ebitda": 77604000,
        "ebitdaratio": 0.1162882001,
        "operatingIncome": 78082000,
        "operatingIncomeRatio": 0.1170044745,
        "totalOtherIncomeExpensesNet": -7904000,
        "incomeBeforeTax": 70946000,
        "incomeBeforeTaxRatio": 0.1063113066,
        "incomeTaxExpense": 20365000,
        "netIncome": 44274000,
        "netIncomeRatio": 0.0663437937,
        "eps": 1.14,
        "epsdiluted": 1.13,
        "weightedAverageShsOut": 39032000,
        "weightedAverageShsOutDil": 39403000,
        "link": "https://www.sec.gov/Archives/edgar/data/96943/000089322007001581/0000893220-07-001581-index.htm",
        "finalLink": "https://www.sec.gov/Archives/edgar/data/96943/000089322007001581/w34114e10vq.htm"
    },
    {
        "date": "2006-12-31",
        "symbol": "TFX",
        "reportedCurrency": "USD",
        "cik": "0000096943",
        "fillingDate": "2007-03-01",
        "acceptedDate": "2007-03-01 14:21:20",
        "calendarYear": "2006",
        "period": "Q4",
        "revenue": 692843000,
        "costOfRevenue": 489915000,
        "grossProfit": 202928000,
        "grossProfitRatio": 0.2928917518,
        "researchAndDevelopmentExpenses": 0,
        "generalAndAdministrativeExpenses": 0,
        "sellingAndMarketingExpenses": 0,
        "sellingGeneralAndAdministrativeExpenses": 125723000,
        "otherExpenses": 838000,
        "operatingExpenses": 126561000,
        "costAndExpenses": 616476000,
        "interestIncome": 0,
        "interestExpense": 41997000,
        "depreciationAndAmortization": 25885000,
        "ebitda": 102252000,
        "ebitdaratio": 0.1475832187,
        "operatingIncome": 68116000,
        "operatingIncomeRatio": 0.0983137594,
        "totalOtherIncomeExpensesNet": 106563000,
        "incomeBeforeTax": 58812000,
        "incomeBeforeTaxRatio": 0.0848850317,
        "incomeTaxExpense": 13449000,
        "netIncome": 37719000,
        "netIncomeRatio": 0.0544409051,
        "eps": 0.97,
        "epsdiluted": 0.96,
        "weightedAverageShsOut": 39032000,
        "weightedAverageShsOutDil": 39403000,
        "link": "https://www.sec.gov/Archives/edgar/data/96943/000089322007000527/0000893220-07-000527-index.htm",
        "finalLink": "https://www.sec.gov/Archives/edgar/data/96943/000089322007000527/w30240e10vk.htm"
    },
    {
        "date": "2006-09-24",
        "symbol": "TFX",
        "reportedCurrency": "USD",
        "cik": "0000096943",
        "fillingDate": "2006-10-26",
        "acceptedDate": "2006-10-26 14:37:13",
        "calendarYear": "2006",
        "period": "Q3",
        "revenue": 639132000,
        "costOfRevenue": 453990000,
        "grossProfit": 185142000,
        "grossProfitRatio": 0.2896772498,
        "researchAndDevelopmentExpenses": 0,
        "generalAndAdministrativeExpenses": 0,
        "sellingAndMarketingExpenses": 0,
        "sellingGeneralAndAdministrativeExpenses": 115009000,
        "otherExpenses": 0,
        "operatingExpenses": 115009000,
        "costAndExpenses": 568999000,
        "interestIncome": 0,
        "interestExpense": 0,
        "depreciationAndAmortization": 24910000,
        "ebitda": 96138000,
        "ebitdaratio": 0.1504196316,
        "operatingIncome": 67311000,
        "operatingIncomeRatio": 0.1053162727,
        "totalOtherIncomeExpensesNet": -8088000,
        "incomeBeforeTax": 58770000,
        "incomeBeforeTaxRatio": 0.091952836,
        "incomeTaxExpense": 15861000,
        "netIncome": 35966000,
        "netIncomeRatio": 0.0562731955,
        "eps": 0.91,
        "epsdiluted": 0.91,
        "weightedAverageShsOut": 39465000,
        "weightedAverageShsOutDil": 39566000,
        "link": "https://www.sec.gov/Archives/edgar/data/96943/000089322006002253/0000893220-06-002253-index.htm",
        "finalLink": "https://www.sec.gov/Archives/edgar/data/96943/000089322006002253/w26143e10vq.htm"
    },
    {
        "date": "2006-06-25",
        "symbol": "TFX",
        "reportedCurrency": "USD",
        "cik": "0000096943",
        "fillingDate": "2006-08-01",
        "acceptedDate": "2006-08-01 17:14:34",
        "calendarYear": "2006",
        "period": "Q2",
        "revenue": 682615000,
        "costOfRevenue": 480091000,
        "grossProfit": 202524000,
        "grossProfitRatio": 0.2966884701,
        "researchAndDevelopmentExpenses": 0,
        "generalAndAdministrativeExpenses": 0,
        "sellingAndMarketingExpenses": 0,
        "sellingGeneralAndAdministrativeExpenses": 129665000,
        "otherExpenses": 0,
        "operatingExpenses": 129665000,
        "costAndExpenses": 609756000,
        "interestIncome": 0,
        "interestExpense": 0,
        "depreciationAndAmortization": 23901000,
        "ebitda": 91739000,
        "ebitdaratio": 0.1343934722,
        "operatingIncome": 64384000,
        "operatingIncomeRatio": 0.0943196384,
        "totalOtherIncomeExpensesNet": -11131000,
        "incomeBeforeTax": 53253000,
        "incomeBeforeTaxRatio": 0.0780132285,
        "incomeTaxExpense": 11291000,
        "netIncome": 36639000,
        "netIncomeRatio": 0.0536744724,
        "eps": 0.91,
        "epsdiluted": 0.9,
        "weightedAverageShsOut": 40244000,
        "weightedAverageShsOutDil": 40495000,
        "link": "https://www.sec.gov/Archives/edgar/data/96943/000089322006001693/0000893220-06-001693-index.htm",
        "finalLink": "https://www.sec.gov/Archives/edgar/data/96943/000089322006001693/w23536e10vq.htm"
    },
    {
        "date": "2006-03-26",
        "symbol": "TFX",
        "reportedCurrency": "USD",
        "cik": "0000096943",
        "fillingDate": "2006-04-28",
        "acceptedDate": "2006-04-28 16:21:33",
        "calendarYear": "2006",
        "period": "Q1",
        "revenue": 632167000,
        "costOfRevenue": 448569000,
        "grossProfit": 183598000,
        "grossProfitRatio": 0.2904264221,
        "researchAndDevelopmentExpenses": 0,
        "generalAndAdministrativeExpenses": 0,
        "sellingAndMarketingExpenses": 0,
        "sellingGeneralAndAdministrativeExpenses": 123119000,
        "otherExpenses": 0,
        "operatingExpenses": 123119000,
        "costAndExpenses": 571688000,
        "interestIncome": 0,
        "interestExpense": 0,
        "depreciationAndAmortization": 24308000,
        "ebitda": 80688000,
        "ebitdaratio": 0.1276371592,
        "operatingIncome": 55986000,
        "operatingIncomeRatio": 0.0885620414,
        "totalOtherIncomeExpensesNet": -7794000,
        "incomeBeforeTax": 48192000,
        "incomeBeforeTaxRatio": 0.0762330207,
        "incomeTaxExpense": 13539000,
        "netIncome": 29106000,
        "netIncomeRatio": 0.0460416314,
        "eps": 0.72,
        "epsdiluted": 0.72,
        "weightedAverageShsOut": 40346000,
        "weightedAverageShsOutDil": 40626000,
        "link": "https://www.sec.gov/Archives/edgar/data/96943/000089322006000958/0000893220-06-000958-index.htm",
        "finalLink": "https://www.sec.gov/Archives/edgar/data/96943/000089322006000958/w20248e10vq.htm"
    },
    {
        "date": "2005-12-31",
        "symbol": "TFX",
        "reportedCurrency": "USD",
        "cik": "0000096943",
        "fillingDate": "2006-03-20",
        "acceptedDate": "2006-03-20 16:32:18",
        "calendarYear": "2005",
        "period": "Q4",
        "revenue": 646553000,
        "costOfRevenue": 466645000,
        "grossProfit": 179908000,
        "grossProfitRatio": 0.2782571576,
        "researchAndDevelopmentExpenses": 0,
        "generalAndAdministrativeExpenses": 0,
        "sellingAndMarketingExpenses": 0,
        "sellingGeneralAndAdministrativeExpenses": 111804000,
        "otherExpenses": -14223000,
        "operatingExpenses": 97581000,
        "costAndExpenses": 564226000,
        "interestIncome": 0,
        "interestExpense": 44516000,
        "depreciationAndAmortization": 23298000,
        "ebitda": 105625000,
        "ebitdaratio": 0.1633663443,
        "operatingIncome": 74984000,
        "operatingIncomeRatio": 0.1159750245,
        "totalOtherIncomeExpensesNet": 94499000,
        "incomeBeforeTax": 60713000,
        "incomeBeforeTaxRatio": 0.093902588,
        "incomeTaxExpense": 14518000,
        "netIncome": 37518000,
        "netIncomeRatio": 0.0580277255,
        "eps": 0.93,
        "epsdiluted": 0.92,
        "weightedAverageShsOut": 40346000,
        "weightedAverageShsOutDil": 40626000,
        "link": "https://www.sec.gov/Archives/edgar/data/96943/000089322006000621/0000893220-06-000621-index.htm",
        "finalLink": "https://www.sec.gov/Archives/edgar/data/96943/000089322006000621/w17700e10vk.htm"
    },
    {
        "date": "2005-09-25",
        "symbol": "TFX",
        "reportedCurrency": "USD",
        "cik": "0000096943",
        "fillingDate": "2005-11-04",
        "acceptedDate": "2005-11-04 14:31:51",
        "calendarYear": "2005",
        "period": "Q3",
        "revenue": 587390000,
        "costOfRevenue": 421327000,
        "grossProfit": 166063000,
        "grossProfitRatio": 0.2827133591,
        "researchAndDevelopmentExpenses": 0,
        "generalAndAdministrativeExpenses": 0,
        "sellingAndMarketingExpenses": 0,
        "sellingGeneralAndAdministrativeExpenses": 104666000,
        "otherExpenses": 0,
        "operatingExpenses": 104666000,
        "costAndExpenses": 525993000,
        "interestIncome": 0,
        "interestExpense": 9798000,
        "depreciationAndAmortization": 25990000,
        "ebitda": 87720000,
        "ebitdaratio": 0.1493385996,
        "operatingIncome": 55621000,
        "operatingIncomeRatio": 0.0946917721,
        "totalOtherIncomeExpensesNet": -4229000,
        "incomeBeforeTax": 51392000,
        "incomeBeforeTaxRatio": 0.0874921262,
        "incomeTaxExpense": 10360000,
        "netIncome": 33600000,
        "netIncomeRatio": 0.0572021996,
        "eps": 0.83,
        "epsdiluted": 0.82,
        "weightedAverageShsOut": 40569000,
        "weightedAverageShsOutDil": 41185000,
        "link": "https://www.sec.gov/Archives/edgar/data/96943/000089322005002508/0000893220-05-002508-index.htm",
        "finalLink": "https://www.sec.gov/Archives/edgar/data/96943/000089322005002508/w13907e10vq.htm"
    },
    {
        "date": "2005-06-26",
        "symbol": "TFX",
        "reportedCurrency": "USD",
        "cik": "0000096943",
        "fillingDate": "2005-07-27",
        "acceptedDate": "2005-07-27 11:18:46",
        "calendarYear": "2005",
        "period": "Q2",
        "revenue": 657959000,
        "costOfRevenue": 467441000,
        "grossProfit": 190518000,
        "grossProfitRatio": 0.2895590759,
        "researchAndDevelopmentExpenses": 0,
        "generalAndAdministrativeExpenses": 0,
        "sellingAndMarketingExpenses": 0,
        "sellingGeneralAndAdministrativeExpenses": 116219000,
        "otherExpenses": 0,
        "operatingExpenses": 116219000,
        "costAndExpenses": 583660000,
        "interestIncome": 0,
        "interestExpense": 10565000,
        "depreciationAndAmortization": 25791000,
        "ebitda": 100890000,
        "ebitdaratio": 0.153337822,
        "operatingIncome": 67646000,
        "operatingIncomeRatio": 0.1028118773,
        "totalOtherIncomeExpensesNet": 18482000,
        "incomeBeforeTax": 57081000,
        "incomeBeforeTaxRatio": 0.0867546458,
        "incomeTaxExpense": 13585000,
        "netIncome": 28973000,
        "netIncomeRatio": 0.0440346587,
        "eps": 0.71,
        "epsdiluted": 0.71,
        "weightedAverageShsOut": 40635000,
        "weightedAverageShsOutDil": 41031000,
        "link": "https://www.sec.gov/Archives/edgar/data/96943/000089322005001708/0000893220-05-001708-index.htm",
        "finalLink": "https://www.sec.gov/Archives/edgar/data/96943/000089322005001708/w11094e10vq.htm"
    },
    {
        "date": "2005-03-27",
        "symbol": "TFX",
        "reportedCurrency": "USD",
        "cik": "0000096943",
        "fillingDate": "2005-04-29",
        "acceptedDate": "2005-04-29 17:08:00",
        "calendarYear": "2005",
        "period": "Q1",
        "revenue": 626029000,
        "costOfRevenue": 452054000,
        "grossProfit": 173975000,
        "grossProfitRatio": 0.2779024614,
        "researchAndDevelopmentExpenses": 0,
        "generalAndAdministrativeExpenses": 0,
        "sellingAndMarketingExpenses": 0,
        "sellingGeneralAndAdministrativeExpenses": 116390000,
        "otherExpenses": 0,
        "operatingExpenses": 116390000,
        "costAndExpenses": 568444000,
        "interestIncome": 0,
        "interestExpense": 11088000,
        "depreciationAndAmortization": 25774000,
        "ebitda": 82702000,
        "ebitdaratio": 0.1321057012,
        "operatingIncome": 50291000,
        "operatingIncomeRatio": 0.0803333392,
        "totalOtherIncomeExpensesNet": 13747000,
        "incomeBeforeTax": 39203000,
        "incomeBeforeTaxRatio": 0.0626216996,
        "incomeTaxExpense": 9526000,
        "netIncome": 38726000,
        "netIncomeRatio": 0.0618597541,
        "eps": 0.95,
        "epsdiluted": 0.95,
        "weightedAverageShsOut": 40453000,
        "weightedAverageShsOutDil": 40699000,
        "link": "https://www.sec.gov/Archives/edgar/data/96943/000089322005000986/0000893220-05-000986-index.htm",
        "finalLink": "https://www.sec.gov/Archives/edgar/data/96943/000089322005000986/w08336e10vq.htm"
    },
    {
        "date": "2004-12-31",
        "symbol": "TFX",
        "reportedCurrency": "USD",
        "cik": "0000096943",
        "fillingDate": "2005-03-09",
        "acceptedDate": "2005-03-09 17:08:56",
        "calendarYear": "2004",
        "period": "Q4",
        "revenue": 568187000,
        "costOfRevenue": 379101000,
        "grossProfit": 189086000,
        "grossProfitRatio": 0.332788325,
        "researchAndDevelopmentExpenses": 0,
        "generalAndAdministrativeExpenses": 0,
        "sellingAndMarketingExpenses": 0,
        "sellingGeneralAndAdministrativeExpenses": 115231000,
        "otherExpenses": -2733000,
        "operatingExpenses": 112498000,
        "costAndExpenses": 491599000,
        "interestIncome": 0,
        "interestExpense": 37118000,
        "depreciationAndAmortization": 26223000,
        "ebitda": 102811000,
        "ebitdaratio": 0.1809457098,
        "operatingIncome": 8970000,
        "operatingIncomeRatio": 0.015787056,
        "totalOtherIncomeExpensesNet": 55024000,
        "incomeBeforeTax": -7158000,
        "incomeBeforeTaxRatio": -0.0125979651,
        "incomeTaxExpense": -14045000,
        "netIncome": -71613000,
        "netIncomeRatio": -0.1260377305,
        "eps": -1.77,
        "epsdiluted": -1.76,
        "weightedAverageShsOut": 40453000,
        "weightedAverageShsOutDil": 40699000,
        "link": "https://www.sec.gov/Archives/edgar/data/96943/000089322005000499/0000893220-05-000499-index.htm",
        "finalLink": "https://www.sec.gov/Archives/edgar/data/96943/000089322005000499/w68607e10vk.htm"
    },
    {
        "date": "2004-09-26",
        "symbol": "TFX",
        "reportedCurrency": "USD",
        "cik": "0000096943",
        "fillingDate": "2004-11-02",
        "acceptedDate": "2004-11-02 08:42:27",
        "calendarYear": "2004",
        "period": "Q3",
        "revenue": 625762000,
        "costOfRevenue": 455659000,
        "grossProfit": 170103000,
        "grossProfitRatio": 0.2718333807,
        "researchAndDevelopmentExpenses": 0,
        "generalAndAdministrativeExpenses": 0,
        "sellingAndMarketingExpenses": 0,
        "sellingGeneralAndAdministrativeExpenses": 135808000,
        "otherExpenses": 0,
        "operatingExpenses": 135808000,
        "costAndExpenses": 591467000,
        "interestIncome": 0,
        "interestExpense": 12590000,
        "depreciationAndAmortization": 33210000,
        "ebitda": 75078000,
        "ebitdaratio": 0.1199785222,
        "operatingIncome": 34295000,
        "operatingIncomeRatio": 0.0548051815,
        "totalOtherIncomeExpensesNet": -1145000,
        "incomeBeforeTax": 21142000,
        "incomeBeforeTaxRatio": 0.0337860081,
        "incomeTaxExpense": 3649000,
        "netIncome": 17493000,
        "netIncomeRatio": 0.0279547176,
        "eps": 0.43,
        "epsdiluted": 0.43,
        "weightedAverageShsOut": 40273000,
        "weightedAverageShsOutDil": 40414000,
        "link": "https://www.sec.gov/Archives/edgar/data/96943/000089322004002314/0000893220-04-002314-index.htm",
        "finalLink": "https://www.sec.gov/Archives/edgar/data/96943/000089322004002314/w67976e10vq.htm"
    },
    {
        "date": "2004-06-27",
        "symbol": "TFX",
        "reportedCurrency": "USD",
        "cik": "0000096943",
        "fillingDate": "2004-07-28",
        "acceptedDate": "2004-07-28 14:53:31",
        "calendarYear": "2004",
        "period": "Q2",
        "revenue": 653424000,
        "costOfRevenue": 481390000,
        "grossProfit": 172034000,
        "grossProfitRatio": 0.26328081,
        "researchAndDevelopmentExpenses": 0,
        "generalAndAdministrativeExpenses": 0,
        "sellingAndMarketingExpenses": 0,
        "sellingGeneralAndAdministrativeExpenses": 123521000,
        "otherExpenses": 0,
        "operatingExpenses": 123521000,
        "costAndExpenses": 604911000,
        "interestIncome": 0,
        "interestExpense": 6145000,
        "depreciationAndAmortization": 26540000,
        "ebitda": 77851000,
        "ebitdaratio": 0.1191431597,
        "operatingIncome": 48513000,
        "operatingIncomeRatio": 0.0742442885,
        "totalOtherIncomeExpensesNet": -1062000,
        "incomeBeforeTax": 47451000,
        "incomeBeforeTaxRatio": 0.0726190039,
        "incomeTaxExpense": 13286000,
        "netIncome": 34165000,
        "netIncomeRatio": 0.0522861113,
        "eps": 0.85,
        "epsdiluted": 0.84,
        "weightedAverageShsOut": 40195000,
        "weightedAverageShsOutDil": 40538000,
        "link": "https://www.sec.gov/Archives/edgar/data/96943/000089322004001497/0000893220-04-001497-index.htm",
        "finalLink": "https://www.sec.gov/Archives/edgar/data/96943/000089322004001497/w99363e10vq.htm"
    },
    {
        "date": "2004-03-28",
        "symbol": "TFX",
        "reportedCurrency": "USD",
        "cik": "0000096943",
        "fillingDate": "2004-04-30",
        "acceptedDate": "2004-04-30 09:43:41",
        "calendarYear": "2004",
        "period": "Q1",
        "revenue": 638005000,
        "costOfRevenue": 470427000,
        "grossProfit": 167578000,
        "grossProfitRatio": 0.2626593835,
        "researchAndDevelopmentExpenses": 0,
        "generalAndAdministrativeExpenses": 0,
        "sellingAndMarketingExpenses": 0,
        "sellingGeneralAndAdministrativeExpenses": 119870000,
        "otherExpenses": 0,
        "operatingExpenses": 119870000,
        "costAndExpenses": 590297000,
        "interestIncome": 0,
        "interestExpense": 6775000,
        "depreciationAndAmortization": 28622000,
        "ebitda": 76330000,
        "ebitdaratio": 0.1196385608,
        "operatingIncome": 47708000,
        "operatingIncomeRatio": 0.0747768434,
        "totalOtherIncomeExpensesNet": -6775000,
        "incomeBeforeTax": 40933000,
        "incomeBeforeTaxRatio": 0.0641578044,
        "incomeTaxExpense": 11461000,
        "netIncome": 29472000,
        "netIncomeRatio": 0.0461939953,
        "eps": 0.74,
        "epsdiluted": 0.73,
        "weightedAverageShsOut": 39990000,
        "weightedAverageShsOutDil": 40457000,
        "link": "https://www.sec.gov/Archives/edgar/data/96943/000089322004000854/0000893220-04-000854-index.htm",
        "finalLink": "https://www.sec.gov/Archives/edgar/data/96943/000089322004000854/w96748e10vq.htm"
    },
    {
        "date": "2003-12-31",
        "symbol": "TFX",
        "reportedCurrency": "USD",
        "cik": "0000096943",
        "fillingDate": "2004-03-11",
        "acceptedDate": "2004-03-11 15:47:46",
        "calendarYear": "2003",
        "period": "Q4",
        "revenue": 607419000,
        "costOfRevenue": 446755000,
        "grossProfit": 160664000,
        "grossProfitRatio": 0.2645027567,
        "researchAndDevelopmentExpenses": 0,
        "generalAndAdministrativeExpenses": 0,
        "sellingAndMarketingExpenses": 0,
        "sellingGeneralAndAdministrativeExpenses": 114265000,
        "otherExpenses": -1929847000,
        "operatingExpenses": -1815582000,
        "costAndExpenses": -1368827000,
        "interestIncome": 0,
        "interestExpense": 26337000,
        "depreciationAndAmortization": 25240000,
        "ebitda": 2001486000,
        "ebitdaratio": 3.2950665027,
        "operatingIncome": 1976246000,
        "operatingIncomeRatio": 3.2535136372,
        "totalOtherIncomeExpensesNet": -1936429000,
        "incomeBeforeTax": 39817000,
        "incomeBeforeTaxRatio": 0.065551127,
        "incomeTaxExpense": 10012000,
        "netIncome": 29805000,
        "netIncomeRatio": 0.0490682708,
        "eps": 0.75,
        "epsdiluted": 0.74,
        "weightedAverageShsOut": 39990000,
        "weightedAverageShsOutDil": 40457000,
        "link": "https://www.sec.gov/Archives/edgar/data/96943/000089322004000402/0000893220-04-000402-index.htm",
        "finalLink": "https://www.sec.gov/Archives/edgar/data/96943/000089322004000402/w94871e10vk.htm"
    },
    {
        "date": "2003-09-28",
        "symbol": "TFX",
        "reportedCurrency": "USD",
        "cik": "0000096943",
        "fillingDate": "2003-11-12",
        "acceptedDate": "2003-11-12 06:14:25",
        "calendarYear": "2003",
        "period": "Q3",
        "revenue": 550850000,
        "costOfRevenue": 410611000,
        "grossProfit": 140239000,
        "grossProfitRatio": 0.2545865481,
        "researchAndDevelopmentExpenses": 0,
        "generalAndAdministrativeExpenses": 0,
        "sellingAndMarketingExpenses": 0,
        "sellingGeneralAndAdministrativeExpenses": 108350000,
        "otherExpenses": 0,
        "operatingExpenses": 108350000,
        "costAndExpenses": 518961000,
        "interestIncome": 0,
        "interestExpense": 6580000,
        "depreciationAndAmortization": 27083000,
        "ebitda": 58972000,
        "ebitdaratio": 0.1070563674,
        "operatingIncome": 31889000,
        "operatingIncomeRatio": 0.0578905328,
        "totalOtherIncomeExpensesNet": -6580000,
        "incomeBeforeTax": 25309000,
        "incomeBeforeTaxRatio": 0.0459453572,
        "incomeTaxExpense": 7087000,
        "netIncome": 18222000,
        "netIncomeRatio": 0.0330797858,
        "eps": 0.46,
        "epsdiluted": 0.45,
        "weightedAverageShsOut": 39655000,
        "weightedAverageShsOutDil": 40072000,
        "link": "https://www.sec.gov/Archives/edgar/data/96943/000089322003001865/0000893220-03-001865-index.htm",
        "finalLink": "https://www.sec.gov/Archives/edgar/data/96943/000089322003001865/w91285e10vq.htm"
    },
    {
        "date": "2003-06-29",
        "symbol": "TFX",
        "reportedCurrency": "USD",
        "cik": "0000096943",
        "fillingDate": "2003-08-12",
        "acceptedDate": "2003-08-12 10:53:30",
        "calendarYear": "2003",
        "period": "Q2",
        "revenue": 577945000,
        "costOfRevenue": 423339000,
        "grossProfit": 154606000,
        "grossProfitRatio": 0.2675098842,
        "researchAndDevelopmentExpenses": 0,
        "generalAndAdministrativeExpenses": 0,
        "sellingAndMarketingExpenses": 0,
        "sellingGeneralAndAdministrativeExpenses": 103166000,
        "otherExpenses": 0,
        "operatingExpenses": 103166000,
        "costAndExpenses": 526505000,
        "interestIncome": 0,
        "interestExpense": 6610000,
        "depreciationAndAmortization": 26620000,
        "ebitda": 78060000,
        "ebitdaratio": 0.1350647553,
        "operatingIncome": 51440000,
        "operatingIncomeRatio": 0.0890050091,
        "totalOtherIncomeExpensesNet": -6610000,
        "incomeBeforeTax": 44830000,
        "incomeBeforeTaxRatio": 0.0775679347,
        "incomeTaxExpense": 12995000,
        "netIncome": 31835000,
        "netIncomeRatio": 0.0550830961,
        "eps": 0.81,
        "epsdiluted": 0.8,
        "weightedAverageShsOut": 39539000,
        "weightedAverageShsOutDil": 39837000,
        "link": "https://www.sec.gov/Archives/edgar/data/96943/000089322003001397/0000893220-03-001397-index.htm",
        "finalLink": "https://www.sec.gov/Archives/edgar/data/96943/000089322003001397/w88975e10vq.htm"
    },
    {
        "date": "2003-03-30",
        "symbol": "TFX",
        "reportedCurrency": "USD",
        "cik": "0000096943",
        "fillingDate": "2003-05-13",
        "acceptedDate": "2003-05-13 12:49:36",
        "calendarYear": "2003",
        "period": "Q1",
        "revenue": 546221000,
        "costOfRevenue": 403942000,
        "grossProfit": 142279000,
        "grossProfitRatio": 0.2604788172,
        "researchAndDevelopmentExpenses": 0,
        "generalAndAdministrativeExpenses": 0,
        "sellingAndMarketingExpenses": 0,
        "sellingGeneralAndAdministrativeExpenses": 97247000,
        "otherExpenses": 0,
        "operatingExpenses": 97247000,
        "costAndExpenses": 501189000,
        "interestIncome": 0,
        "interestExpense": 6565000,
        "depreciationAndAmortization": 25409000,
        "ebitda": 70441000,
        "ebitdaratio": 0.1289606222,
        "operatingIncome": 45032000,
        "operatingIncomeRatio": 0.0824428208,
        "totalOtherIncomeExpensesNet": -3497000,
        "incomeBeforeTax": 41535000,
        "incomeBeforeTaxRatio": 0.0760406502,
        "incomeTaxExpense": 12294000,
        "netIncome": 29241000,
        "netIncomeRatio": 0.0535332768,
        "eps": 0.74,
        "epsdiluted": 0.74,
        "weightedAverageShsOut": 39446000,
        "weightedAverageShsOutDil": 39700000,
        "link": "https://www.sec.gov/Archives/edgar/data/96943/000089322003000898/0000893220-03-000898-index.htm",
        "finalLink": "https://www.sec.gov/Archives/edgar/data/96943/000089322003000898/w86214e10vq.htm"
    },
    {
        "date": "2002-12-31",
        "symbol": "TFX",
        "reportedCurrency": "USD",
        "cik": "0000096943",
        "fillingDate": "2003-03-24",
        "acceptedDate": "2003-03-24 14:11:20",
        "calendarYear": "2002",
        "period": "Q4",
        "revenue": 513289000,
        "costOfRevenue": 377350000,
        "grossProfit": 135939000,
        "grossProfitRatio": 0.2648391062,
        "researchAndDevelopmentExpenses": 0,
        "generalAndAdministrativeExpenses": 0,
        "sellingAndMarketingExpenses": 0,
        "sellingGeneralAndAdministrativeExpenses": 92216000,
        "otherExpenses": -18904000,
        "operatingExpenses": 73312000,
        "costAndExpenses": 450662000,
        "interestIncome": 0,
        "interestExpense": 0,
        "depreciationAndAmortization": 25411000,
        "ebitda": 88038000,
        "ebitdaratio": 0.1715174103,
        "operatingIncome": 62627000,
        "operatingIncomeRatio": 0.1220111867,
        "totalOtherIncomeExpensesNet": -15287000,
        "incomeBeforeTax": 47340000,
        "incomeBeforeTaxRatio": 0.0922287444,
        "incomeTaxExpense": 12308000,
        "netIncome": 35032000,
        "netIncomeRatio": 0.0682500502,
        "eps": 0.89,
        "epsdiluted": 0.88,
        "weightedAverageShsOut": 39446000,
        "weightedAverageShsOutDil": 39700000,
        "link": "https://www.sec.gov/Archives/edgar/data/96943/000089322003000375/0000893220-03-000375-index.htm",
        "finalLink": "https://www.sec.gov/Archives/edgar/data/96943/000089322003000375/w84287e10vk.htm"
    },
    {
        "date": "2002-10-29",
        "symbol": "TFX",
        "reportedCurrency": "USD",
        "cik": "0000096943",
        "fillingDate": "2002-11-12",
        "acceptedDate": "2002-11-12 11:19:10",
        "calendarYear": "2002",
        "period": "Q3",
        "revenue": 508238000,
        "costOfRevenue": 375749000,
        "grossProfit": 132489000,
        "grossProfitRatio": 0.2606829871,
        "researchAndDevelopmentExpenses": 0,
        "generalAndAdministrativeExpenses": 0,
        "sellingAndMarketingExpenses": 0,
        "sellingGeneralAndAdministrativeExpenses": 93069000,
        "otherExpenses": 0,
        "operatingExpenses": 93069000,
        "costAndExpenses": 468818000,
        "interestIncome": 0,
        "interestExpense": 0,
        "depreciationAndAmortization": 24824000,
        "ebitda": 64244000,
        "ebitdaratio": 0.1264053455,
        "operatingIncome": 39420000,
        "operatingIncomeRatio": 0.0775620871,
        "totalOtherIncomeExpensesNet": -6280000,
        "incomeBeforeTax": 33140000,
        "incomeBeforeTaxRatio": 0.0652056714,
        "incomeTaxExpense": 6860000,
        "netIncome": 26280000,
        "netIncomeRatio": 0.051708058,
        "eps": 0.67,
        "epsdiluted": 0.66,
        "weightedAverageShsOut": 39341000,
        "weightedAverageShsOutDil": 39820000,
        "link": "https://www.sec.gov/Archives/edgar/data/96943/000089322002001332/0000893220-02-001332-index.htm",
        "finalLink": "https://www.sec.gov/Archives/edgar/data/96943/000089322002001332/w65051e10vq.txt"
    },
    {
        "date": "2002-06-30",
        "symbol": "TFX",
        "reportedCurrency": "USD",
        "cik": "0000096943",
        "fillingDate": "2002-08-12",
        "acceptedDate": "2002-08-12 11:51:55",
        "calendarYear": "2002",
        "period": "Q2",
        "revenue": 546306000,
        "costOfRevenue": 397390000,
        "grossProfit": 148916000,
        "grossProfitRatio": 0.2725871581,
        "researchAndDevelopmentExpenses": 0,
        "generalAndAdministrativeExpenses": 0,
        "sellingAndMarketingExpenses": 0,
        "sellingGeneralAndAdministrativeExpenses": 94563000,
        "otherExpenses": 0,
        "operatingExpenses": 94563000,
        "costAndExpenses": 491953000,
        "interestIncome": 0,
        "interestExpense": 0,
        "depreciationAndAmortization": 23167000,
        "ebitda": 77520000,
        "ebitdaratio": 0.1418984964,
        "operatingIncome": 54353000,
        "operatingIncomeRatio": 0.0994918599,
        "totalOtherIncomeExpensesNet": -6239000,
        "incomeBeforeTax": 48114000,
        "incomeBeforeTaxRatio": 0.0880715204,
        "incomeTaxExpense": 14578000,
        "netIncome": 33536000,
        "netIncomeRatio": 0.0613868418,
        "eps": 0.85,
        "epsdiluted": 0.84,
        "weightedAverageShsOut": 39241000,
        "weightedAverageShsOutDil": 39968000,
        "link": "https://www.sec.gov/Archives/edgar/data/96943/000089322002000976/0000893220-02-000976-index.htm",
        "finalLink": "https://www.sec.gov/Archives/edgar/data/96943/000089322002000976/w62751e10vq.txt"
    },
    {
        "date": "2002-03-31",
        "symbol": "TFX",
        "reportedCurrency": "USD",
        "cik": "0000096943",
        "fillingDate": "2002-05-15",
        "acceptedDate": "2002-05-15 15:32:36",
        "calendarYear": "2002",
        "period": "Q1",
        "revenue": 508396000,
        "costOfRevenue": 373290000,
        "grossProfit": 135106000,
        "grossProfitRatio": 0.2657495338,
        "researchAndDevelopmentExpenses": 0,
        "generalAndAdministrativeExpenses": 0,
        "sellingAndMarketingExpenses": 0,
        "sellingGeneralAndAdministrativeExpenses": 85176000,
        "otherExpenses": 0,
        "operatingExpenses": 85176000,
        "costAndExpenses": 458466000,
        "interestIncome": 0,
        "interestExpense": 0,
        "depreciationAndAmortization": 21715000,
        "ebitda": 71645000,
        "ebitdaratio": 0.1409236107,
        "operatingIncome": 49930000,
        "operatingIncomeRatio": 0.0982108435,
        "totalOtherIncomeExpensesNet": -6036000,
        "incomeBeforeTax": 43894000,
        "incomeBeforeTaxRatio": 0.0863382088,
        "incomeTaxExpense": 13476000,
        "netIncome": 30418000,
        "netIncomeRatio": 0.0598313126,
        "eps": 0.78,
        "epsdiluted": 0.77,
        "weightedAverageShsOut": 39038000,
        "weightedAverageShsOutDil": 39638000,
        "link": "https://www.sec.gov/Archives/edgar/data/96943/000089322002000665/0000893220-02-000665-index.htm",
        "finalLink": "https://www.sec.gov/Archives/edgar/data/96943/000089322002000665/w60193e10-q.txt"
    },
    {
        "date": "2001-12-31",
        "symbol": "TFX",
        "reportedCurrency": "USD",
        "cik": "0000096943",
        "fillingDate": "2002-03-27",
        "acceptedDate": "2002-03-27 00:00:00",
        "calendarYear": "2001",
        "period": "Q4",
        "revenue": 465252000,
        "costOfRevenue": 337321000,
        "grossProfit": 127931000,
        "grossProfitRatio": 0.2749714133,
        "researchAndDevelopmentExpenses": 0,
        "generalAndAdministrativeExpenses": 0,
        "sellingAndMarketingExpenses": 0,
        "sellingGeneralAndAdministrativeExpenses": 82890000,
        "otherExpenses": -21352000,
        "operatingExpenses": 61538000,
        "costAndExpenses": 398859000,
        "interestIncome": 0,
        "interestExpense": 0,
        "depreciationAndAmortization": 24306000,
        "ebitda": 90699000,
        "ebitdaratio": 0.1949459648,
        "operatingIncome": 66393000,
        "operatingIncomeRatio": 0.1427033092,
        "totalOtherIncomeExpensesNet": -28465000,
        "incomeBeforeTax": 37928000,
        "incomeBeforeTaxRatio": 0.0815214121,
        "incomeTaxExpense": 8761000,
        "netIncome": 29167000,
        "netIncomeRatio": 0.0626907568,
        "eps": 0.75,
        "epsdiluted": 0.74,
        "weightedAverageShsOut": 39038000,
        "weightedAverageShsOutDil": 39638000,
        "link": "https://www.sec.gov/Archives/edgar/data/96943/000089322002000311/0000893220-02-000311-index.htm",
        "finalLink": "https://www.sec.gov/Archives/edgar/data/96943/000089322002000311/w58094e10-k.txt"
    },
    {
        "date": "2001-09-30",
        "symbol": "TFX",
        "reportedCurrency": "USD",
        "cik": "0000096943",
        "fillingDate": "2001-11-13",
        "acceptedDate": "2001-11-13 00:00:00",
        "calendarYear": "2001",
        "period": "Q3",
        "revenue": 466014000,
        "costOfRevenue": 337422000,
        "grossProfit": 128592000,
        "grossProfitRatio": 0.2759402078,
        "researchAndDevelopmentExpenses": 0,
        "generalAndAdministrativeExpenses": 0,
        "sellingAndMarketingExpenses": 0,
        "sellingGeneralAndAdministrativeExpenses": 89064000,
        "otherExpenses": 7263000,
        "operatingExpenses": 96327000,
        "costAndExpenses": 433749000,
        "interestIncome": 0,
        "interestExpense": 0,
        "depreciationAndAmortization": 23906000,
        "ebitda": 56171000,
        "ebitdaratio": 0.1205350054,
        "operatingIncome": 32265000,
        "operatingIncomeRatio": 0.0692361174,
        "totalOtherIncomeExpensesNet": 0,
        "incomeBeforeTax": 32265000,
        "incomeBeforeTaxRatio": 0.0692361174,
        "incomeTaxExpense": 10163000,
        "netIncome": 22102000,
        "netIncomeRatio": 0.0474277597,
        "eps": 0.57,
        "epsdiluted": 0.56,
        "weightedAverageShsOut": 38847000,
        "weightedAverageShsOutDil": 39379000,
        "link": "https://www.sec.gov/Archives/edgar/data/96943/000089322001500859/0000893220-01-500859-index.htm",
        "finalLink": "https://www.sec.gov/Archives/edgar/data/96943/000089322001500859/w54650e10-q.txt"
    },
    {
        "date": "2001-07-01",
        "symbol": "TFX",
        "reportedCurrency": "USD",
        "cik": "0000096943",
        "fillingDate": "2001-08-02",
        "acceptedDate": "2001-08-02 00:00:00",
        "calendarYear": "2001",
        "period": "Q2",
        "revenue": 503004000,
        "costOfRevenue": 359469000,
        "grossProfit": 143535000,
        "grossProfitRatio": 0.2853555837,
        "researchAndDevelopmentExpenses": 0,
        "generalAndAdministrativeExpenses": 0,
        "sellingAndMarketingExpenses": 0,
        "sellingGeneralAndAdministrativeExpenses": 90680000,
        "otherExpenses": -404672000,
        "operatingExpenses": -313992000,
        "costAndExpenses": 45477000,
        "interestIncome": 0,
        "interestExpense": 0,
        "depreciationAndAmortization": 23099000,
        "ebitda": 480626000,
        "ebitdaratio": 0.9555112882,
        "operatingIncome": 457527000,
        "operatingIncomeRatio": 0.9095891882,
        "totalOtherIncomeExpensesNet": -412050000,
        "incomeBeforeTax": 45477000,
        "incomeBeforeTaxRatio": 0.0904108118,
        "incomeTaxExpense": 14416000,
        "netIncome": 31061000,
        "netIncomeRatio": 0.061751,
        "eps": 0.8,
        "epsdiluted": 0.79,
        "weightedAverageShsOut": 38755000,
        "weightedAverageShsOutDil": 39359000,
        "link": "https://www.sec.gov/Archives/edgar/data/96943/000089322001500527/0000893220-01-500527-index.htm",
        "finalLink": "https://www.sec.gov/Archives/edgar/data/96943/000089322001500527/w51841e10-q.txt"
    },
    {
        "date": "2001-04-01",
        "symbol": "TFX",
        "reportedCurrency": "USD",
        "cik": "0000096943",
        "fillingDate": "2001-05-16",
        "acceptedDate": "2001-05-16 00:00:00",
        "calendarYear": "2001",
        "period": "Q1",
        "revenue": 470734000,
        "costOfRevenue": 335501000,
        "grossProfit": 135233000,
        "grossProfitRatio": 0.2872811397,
        "researchAndDevelopmentExpenses": 0,
        "generalAndAdministrativeExpenses": 0,
        "sellingAndMarketingExpenses": 0,
        "sellingGeneralAndAdministrativeExpenses": 84497000,
        "otherExpenses": -375973000,
        "operatingExpenses": -291476000,
        "costAndExpenses": 44025000,
        "interestIncome": 0,
        "interestExpense": 0,
        "depreciationAndAmortization": 21090000,
        "ebitda": 447799000,
        "ebitdaratio": 0.9512782166,
        "operatingIncome": 426709000,
        "operatingIncomeRatio": 0.9064758441,
        "totalOtherIncomeExpensesNet": -382684000,
        "incomeBeforeTax": 44025000,
        "incomeBeforeTaxRatio": 0.0935241559,
        "incomeTaxExpense": 14044000,
        "netIncome": 29981000,
        "netIncomeRatio": 0.0636898971,
        "eps": 0.78,
        "epsdiluted": 0.77,
        "weightedAverageShsOut": 38497000,
        "weightedAverageShsOutDil": 39036000,
        "link": "https://www.sec.gov/Archives/edgar/data/96943/000089322001500244/0000893220-01-500244-index.htm",
        "finalLink": "https://www.sec.gov/Archives/edgar/data/96943/000089322001500244/w49242e10-q.txt"
    },
    {
        "date": "2000-12-31",
        "symbol": "TFX",
        "reportedCurrency": "USD",
        "cik": "0000096943",
        "fillingDate": "2001-03-27",
        "acceptedDate": "2001-03-27 00:00:00",
        "calendarYear": "2000",
        "period": "Q4",
        "revenue": 450934000,
        "costOfRevenue": 309880000,
        "grossProfit": 141054000,
        "grossProfitRatio": 0.3128040911,
        "researchAndDevelopmentExpenses": 0,
        "generalAndAdministrativeExpenses": 0,
        "sellingAndMarketingExpenses": 0,
        "sellingGeneralAndAdministrativeExpenses": 73202000,
        "otherExpenses": 20236000,
        "operatingExpenses": 93438000,
        "costAndExpenses": 403318000,
        "interestIncome": 0,
        "interestExpense": 0,
        "depreciationAndAmortization": 20236000,
        "ebitda": 67852000,
        "ebitdaratio": 0.1504699136,
        "operatingIncome": 47616000,
        "operatingIncomeRatio": 0.1055941668,
        "totalOtherIncomeExpensesNet": -5117000,
        "incomeBeforeTax": 42499000,
        "incomeBeforeTaxRatio": 0.0942466082,
        "incomeTaxExpense": 11135000,
        "netIncome": 31364000,
        "netIncomeRatio": 0.0695534158,
        "eps": 0.81,
        "epsdiluted": 0.8,
        "weightedAverageShsOut": 38497000,
        "weightedAverageShsOutDil": 39036000,
        "link": "https://www.sec.gov/Archives/edgar/data/96943/000089322001000317/0000893220-01-000317-index.htm",
        "finalLink": "https://www.sec.gov/Archives/edgar/data/96943/000089322001000317/w45905e10-k.txt"
    },
    {
        "date": "2000-09-24",
        "symbol": "TFX",
        "reportedCurrency": "USD",
        "cik": "0000096943",
        "fillingDate": "2000-11-08",
        "acceptedDate": "2000-11-08 00:00:00",
        "calendarYear": "2000",
        "period": "Q3",
        "revenue": 420405000,
        "costOfRevenue": 286449000,
        "grossProfit": 133956000,
        "grossProfitRatio": 0.3186356014,
        "researchAndDevelopmentExpenses": 0,
        "generalAndAdministrativeExpenses": 0,
        "sellingAndMarketingExpenses": 0,
        "sellingGeneralAndAdministrativeExpenses": 76946000,
        "otherExpenses": 19620000,
        "operatingExpenses": 96566000,
        "costAndExpenses": 383015000,
        "interestIncome": 0,
        "interestExpense": 0,
        "depreciationAndAmortization": 19620000,
        "ebitda": 57010000,
        "ebitdaratio": 0.135607331,
        "operatingIncome": 37390000,
        "operatingIncomeRatio": 0.0889380478,
        "totalOtherIncomeExpensesNet": -5209000,
        "incomeBeforeTax": 32181000,
        "incomeBeforeTaxRatio": 0.0765476148,
        "incomeTaxExpense": 10459000,
        "netIncome": 21722000,
        "netIncomeRatio": 0.0516692237,
        "eps": 0.57,
        "epsdiluted": 0.56,
        "weightedAverageShsOut": 38240000,
        "weightedAverageShsOutDil": 38714000,
        "link": "https://www.sec.gov/Archives/edgar/data/96943/000089322000001237/0000893220-00-001237-index.htm",
        "finalLink": "https://www.sec.gov/Archives/edgar/data/96943/000089322000001237/w42130ae10-q.txt"
    },
    {
        "date": "2000-06-25",
        "symbol": "TFX",
        "reportedCurrency": "USD",
        "cik": "0000096943",
        "fillingDate": "2000-07-31",
        "acceptedDate": "2000-07-31 00:00:00",
        "calendarYear": "2000",
        "period": "Q2",
        "revenue": 465553000,
        "costOfRevenue": 312370000,
        "grossProfit": 153183000,
        "grossProfitRatio": 0.3290345031,
        "researchAndDevelopmentExpenses": 0,
        "generalAndAdministrativeExpenses": 0,
        "sellingAndMarketingExpenses": 0,
        "sellingGeneralAndAdministrativeExpenses": 84714000,
        "otherExpenses": 19470000,
        "operatingExpenses": 104184000,
        "costAndExpenses": 416554000,
        "interestIncome": 0,
        "interestExpense": 0,
        "depreciationAndAmortization": 19470000,
        "ebitda": 68469000,
        "ebitdaratio": 0.1470702584,
        "operatingIncome": 48999000,
        "operatingIncomeRatio": 0.1052490264,
        "totalOtherIncomeExpensesNet": -5427000,
        "incomeBeforeTax": 43572000,
        "incomeBeforeTaxRatio": 0.0935919219,
        "incomeTaxExpense": 14248000,
        "netIncome": 29324000,
        "netIncomeRatio": 0.0629874579,
        "eps": 0.77,
        "epsdiluted": 0.76,
        "weightedAverageShsOut": 38180000,
        "weightedAverageShsOutDil": 38624000,
        "link": "https://www.sec.gov/Archives/edgar/data/96943/000089322000000903/0000893220-00-000903-index.htm",
        "finalLink": "https://www.sec.gov/Archives/edgar/data/96943/000089322000000903/e10-q.txt"
    },
    {
        "date": "2000-03-26",
        "symbol": "TFX",
        "reportedCurrency": "USD",
        "cik": "0000096943",
        "fillingDate": "2000-05-10",
        "acceptedDate": "2000-05-10 00:00:00",
        "calendarYear": "2000",
        "period": "Q1",
        "revenue": 427590000,
        "costOfRevenue": 288087000,
        "grossProfit": 139503000,
        "grossProfitRatio": 0.3262541219,
        "researchAndDevelopmentExpenses": 0,
        "generalAndAdministrativeExpenses": 0,
        "sellingAndMarketingExpenses": 0,
        "sellingGeneralAndAdministrativeExpenses": 76416000,
        "otherExpenses": 18091000,
        "operatingExpenses": 94507000,
        "costAndExpenses": 382594000,
        "interestIncome": 0,
        "interestExpense": 0,
        "depreciationAndAmortization": 18091000,
        "ebitda": 63087000,
        "ebitdaratio": 0.1475408686,
        "operatingIncome": 44996000,
        "operatingIncomeRatio": 0.1052316471,
        "totalOtherIncomeExpensesNet": -5034000,
        "incomeBeforeTax": 39962000,
        "incomeBeforeTaxRatio": 0.0934586871,
        "incomeTaxExpense": 13148000,
        "netIncome": 26814000,
        "netIncomeRatio": 0.062709605,
        "eps": 0.7,
        "epsdiluted": 0.7,
        "weightedAverageShsOut": 38096000,
        "weightedAverageShsOutDil": 38415000,
        "link": "https://www.sec.gov/Archives/edgar/data/96943/000089322000000625/0000893220-00-000625-index.html",
        "finalLink": "https://www.sec.gov/Archives/edgar/data/96943/000089322000000625/"
    },
    {
        "date": "1999-12-31",
        "symbol": "TFX",
        "reportedCurrency": "USD",
        "cik": "0000096943",
        "fillingDate": "2000-03-23",
        "acceptedDate": "2000-03-23 00:00:00",
        "calendarYear": "1999",
        "period": "Q4",
        "revenue": 410400000,
        "costOfRevenue": 284600000,
        "grossProfit": 125800000,
        "grossProfitRatio": 0.3065302144,
        "researchAndDevelopmentExpenses": 0,
        "generalAndAdministrativeExpenses": 0,
        "sellingAndMarketingExpenses": 0,
        "sellingGeneralAndAdministrativeExpenses": 63800000,
        "otherExpenses": 17600000,
        "operatingExpenses": 81400000,
        "costAndExpenses": 366000000,
        "interestIncome": 0,
        "interestExpense": 0,
        "depreciationAndAmortization": 17600000,
        "ebitda": 62000000,
        "ebitdaratio": 0.1510721248,
        "operatingIncome": 44400000,
        "operatingIncomeRatio": 0.1081871345,
        "totalOtherIncomeExpensesNet": -4400000,
        "incomeBeforeTax": 40000000,
        "incomeBeforeTaxRatio": 0.0974658869,
        "incomeTaxExpense": 12700000,
        "netIncome": 27300000,
        "netIncomeRatio": 0.0665204678,
        "eps": 0.72,
        "epsdiluted": 0.71,
        "weightedAverageShsOut": 38096000,
        "weightedAverageShsOutDil": 38415000,
        "link": "https://www.sec.gov/Archives/edgar/data/96943/000089322000000311/0000893220-00-000311-index.html",
        "finalLink": "https://www.sec.gov/Archives/edgar/data/96943/000089322000000311/"
    },
    {
        "date": "1999-09-26",
        "symbol": "TFX",
        "reportedCurrency": "USD",
        "cik": "0000096943",
        "fillingDate": "1999-11-09",
        "acceptedDate": "1999-11-09 00:00:00",
        "calendarYear": "1999",
        "period": "Q3",
        "revenue": 377400000,
        "costOfRevenue": 255600000,
        "grossProfit": 121800000,
        "grossProfitRatio": 0.3227344992,
        "researchAndDevelopmentExpenses": 0,
        "generalAndAdministrativeExpenses": 0,
        "sellingAndMarketingExpenses": 0,
        "sellingGeneralAndAdministrativeExpenses": 71300000,
        "otherExpenses": 17200000,
        "operatingExpenses": 88500000,
        "costAndExpenses": 344100000,
        "interestIncome": 0,
        "interestExpense": 0,
        "depreciationAndAmortization": 17200000,
        "ebitda": 50500000,
        "ebitdaratio": 0.1338102809,
        "operatingIncome": 33300000,
        "operatingIncomeRatio": 0.0882352941,
        "totalOtherIncomeExpensesNet": -4500000,
        "incomeBeforeTax": 28800000,
        "incomeBeforeTaxRatio": 0.0763116057,
        "incomeTaxExpense": 9800000,
        "netIncome": 19000000,
        "netIncomeRatio": 0.0503444621,
        "eps": 0.5,
        "epsdiluted": 0.49,
        "weightedAverageShsOut": 38000000,
        "weightedAverageShsOutDil": 38775510,
        "link": "https://www.sec.gov/Archives/edgar/data/96943/000089322099001234/0000893220-99-001234-index.html",
        "finalLink": "https://www.sec.gov/Archives/edgar/data/96943/000089322099001234/"
    },
    {
        "date": "1999-06-27",
        "symbol": "TFX",
        "reportedCurrency": "USD",
        "cik": "0000096943",
        "fillingDate": "1999-08-06",
        "acceptedDate": "1999-08-06 00:00:00",
        "calendarYear": "1999",
        "period": "Q2",
        "revenue": 421100000,
        "costOfRevenue": 283000000,
        "grossProfit": 138100000,
        "grossProfitRatio": 0.3279506056,
        "researchAndDevelopmentExpenses": 0,
        "generalAndAdministrativeExpenses": 0,
        "sellingAndMarketingExpenses": 0,
        "sellingGeneralAndAdministrativeExpenses": 77600000,
        "otherExpenses": 16700000,
        "operatingExpenses": 94300000,
        "costAndExpenses": 377300000,
        "interestIncome": 0,
        "interestExpense": 0,
        "depreciationAndAmortization": 16700000,
        "ebitda": 60500000,
        "ebitdaratio": 0.143671337,
        "operatingIncome": 43800000,
        "operatingIncomeRatio": 0.1040132985,
        "totalOtherIncomeExpensesNet": -4500000,
        "incomeBeforeTax": 39300000,
        "incomeBeforeTaxRatio": 0.0933270007,
        "incomeTaxExpense": 13400000,
        "netIncome": 25900000,
        "netIncomeRatio": 0.0615055806,
        "eps": 0.69,
        "epsdiluted": 0.67,
        "weightedAverageShsOut": 37536232,
        "weightedAverageShsOutDil": 38656716,
        "link": "https://www.sec.gov/Archives/edgar/data/96943/000089322099000889/0000893220-99-000889-index.html",
        "finalLink": "https://www.sec.gov/Archives/edgar/data/96943/000089322099000889/"
    },
    {
        "date": "1999-03-28",
        "symbol": "TFX",
        "reportedCurrency": "USD",
        "cik": "0000096943",
        "fillingDate": "1999-05-10",
        "acceptedDate": "1999-05-10 00:00:00",
        "calendarYear": "1999",
        "period": "Q1",
        "revenue": 392200000,
        "costOfRevenue": 265300000,
        "grossProfit": 126900000,
        "grossProfitRatio": 0.3235594085,
        "researchAndDevelopmentExpenses": 0,
        "generalAndAdministrativeExpenses": 0,
        "sellingAndMarketingExpenses": 0,
        "sellingGeneralAndAdministrativeExpenses": 72000000,
        "otherExpenses": 15900000,
        "operatingExpenses": 87900000,
        "costAndExpenses": 353200000,
        "interestIncome": 0,
        "interestExpense": 0,
        "depreciationAndAmortization": 15900000,
        "ebitda": 54900000,
        "ebitdaratio": 0.1399796022,
        "operatingIncome": 39000000,
        "operatingIncomeRatio": 0.0994390617,
        "totalOtherIncomeExpensesNet": -4300000,
        "incomeBeforeTax": 34700000,
        "incomeBeforeTaxRatio": 0.0884752677,
        "incomeTaxExpense": 11600000,
        "netIncome": 23100000,
        "netIncomeRatio": 0.0588985212,
        "eps": 0.61,
        "epsdiluted": 0.6,
        "weightedAverageShsOut": 37868852,
        "weightedAverageShsOutDil": 38500000,
        "link": "https://www.sec.gov/Archives/edgar/data/96943/000089322099000562/0000893220-99-000562-index.html",
        "finalLink": "https://www.sec.gov/Archives/edgar/data/96943/"
    },
    {
        "date": "1998-12-31",
        "symbol": "TFX",
        "reportedCurrency": "USD",
        "cik": "0000096943",
        "fillingDate": "1999-03-29",
        "acceptedDate": "1999-03-29 00:00:00",
        "calendarYear": "1998",
        "period": "Q4",
        "revenue": 385900000,
        "costOfRevenue": 262100000,
        "grossProfit": 123800000,
        "grossProfitRatio": 0.3208084996,
        "researchAndDevelopmentExpenses": 0,
        "generalAndAdministrativeExpenses": 0,
        "sellingAndMarketingExpenses": 0,
        "sellingGeneralAndAdministrativeExpenses": 67400000,
        "otherExpenses": 15200000,
        "operatingExpenses": 82600000,
        "costAndExpenses": 344700000,
        "interestIncome": 0,
        "interestExpense": 0,
        "depreciationAndAmortization": 15200000,
        "ebitda": 56400000,
        "ebitdaratio": 0.1461518528,
        "operatingIncome": 41200000,
        "operatingIncomeRatio": 0.1067634102,
        "totalOtherIncomeExpensesNet": -4100000,
        "incomeBeforeTax": 37100000,
        "incomeBeforeTaxRatio": 0.0961388961,
        "incomeTaxExpense": 11800000,
        "netIncome": 25300000,
        "netIncomeRatio": 0.0655610262,
        "eps": 0.67,
        "epsdiluted": 0.66,
        "weightedAverageShsOut": 37868852,
        "weightedAverageShsOutDil": 38500000,
        "link": "https://www.sec.gov/Archives/edgar/data/96943/000089322099000364/0000893220-99-000364-index.html",
        "finalLink": "https://www.sec.gov/Archives/edgar/data/96943/"
    },
    {
        "date": "1998-09-27",
        "symbol": "TFX",
        "reportedCurrency": "USD",
        "cik": "0000096943",
        "fillingDate": "1998-11-10",
        "acceptedDate": "1998-11-10 00:00:00",
        "calendarYear": "1998",
        "period": "Q3",
        "revenue": 343000000,
        "costOfRevenue": 231700000,
        "grossProfit": 111300000,
        "grossProfitRatio": 0.3244897959,
        "researchAndDevelopmentExpenses": 0,
        "generalAndAdministrativeExpenses": 0,
        "sellingAndMarketingExpenses": 0,
        "sellingGeneralAndAdministrativeExpenses": 67400000,
        "otherExpenses": 15100000,
        "operatingExpenses": 82500000,
        "costAndExpenses": 314200000,
        "interestIncome": 0,
        "interestExpense": 0,
        "depreciationAndAmortization": 15100000,
        "ebitda": 43900000,
        "ebitdaratio": 0.1279883382,
        "operatingIncome": 28800000,
        "operatingIncomeRatio": 0.0839650146,
        "totalOtherIncomeExpensesNet": -4200000,
        "incomeBeforeTax": 24600000,
        "incomeBeforeTaxRatio": 0.0717201166,
        "incomeTaxExpense": 8400000,
        "netIncome": 16200000,
        "netIncomeRatio": 0.0472303207,
        "eps": 0.43,
        "epsdiluted": 0.42,
        "weightedAverageShsOut": 37674419,
        "weightedAverageShsOutDil": 38571429,
        "link": "https://www.sec.gov/Archives/edgar/data/96943/000089322098001689/0000893220-98-001689-index.html",
        "finalLink": "https://www.sec.gov/Archives/edgar/data/96943/"
    },
    {
        "date": "1998-06-28",
        "symbol": "TFX",
        "reportedCurrency": "USD",
        "cik": "0000096943",
        "fillingDate": "1998-08-10",
        "acceptedDate": "1998-08-10 00:00:00",
        "calendarYear": "1998",
        "period": "Q2",
        "revenue": 363000000,
        "costOfRevenue": 243900000,
        "grossProfit": 119100000,
        "grossProfitRatio": 0.3280991736,
        "researchAndDevelopmentExpenses": 0,
        "generalAndAdministrativeExpenses": 0,
        "sellingAndMarketingExpenses": 0,
        "sellingGeneralAndAdministrativeExpenses": 66400000,
        "otherExpenses": 15900000,
        "operatingExpenses": 82300000,
        "costAndExpenses": 326200000,
        "interestIncome": 0,
        "interestExpense": 0,
        "depreciationAndAmortization": 15900000,
        "ebitda": 52700000,
        "ebitdaratio": 0.1451790634,
        "operatingIncome": 36800000,
        "operatingIncomeRatio": 0.1013774105,
        "totalOtherIncomeExpensesNet": -4300000,
        "incomeBeforeTax": 32500000,
        "incomeBeforeTaxRatio": 0.0895316804,
        "incomeTaxExpense": 11300000,
        "netIncome": 21200000,
        "netIncomeRatio": 0.0584022039,
        "eps": 0.57,
        "epsdiluted": 0.55,
        "weightedAverageShsOut": 37192982,
        "weightedAverageShsOutDil": 38545455,
        "link": "https://www.sec.gov/Archives/edgar/data/96943/000089322098001315/0000893220-98-001315-index.html",
        "finalLink": "https://www.sec.gov/Archives/edgar/data/96943/"
    },
    {
        "date": "1998-03-29",
        "symbol": "TFX",
        "reportedCurrency": "USD",
        "cik": "0000096943",
        "fillingDate": "1998-05-08",
        "acceptedDate": "1998-05-08 00:00:00",
        "calendarYear": "1998",
        "period": "Q1",
        "revenue": 345800000,
        "costOfRevenue": 231800000,
        "grossProfit": 114000000,
        "grossProfitRatio": 0.3296703297,
        "researchAndDevelopmentExpenses": 0,
        "generalAndAdministrativeExpenses": 0,
        "sellingAndMarketingExpenses": 0,
        "sellingGeneralAndAdministrativeExpenses": 65000000,
        "otherExpenses": 13900000,
        "operatingExpenses": 78900000,
        "costAndExpenses": 310700000,
        "interestIncome": 0,
        "interestExpense": 0,
        "depreciationAndAmortization": 13900000,
        "ebitda": 49000000,
        "ebitdaratio": 0.1417004049,
        "operatingIncome": 35100000,
        "operatingIncomeRatio": 0.1015037594,
        "totalOtherIncomeExpensesNet": -4500000,
        "incomeBeforeTax": 30600000,
        "incomeBeforeTaxRatio": 0.0884904569,
        "incomeTaxExpense": 10700000,
        "netIncome": 19900000,
        "netIncomeRatio": 0.0575477154,
        "eps": 0.53,
        "epsdiluted": 0.52,
        "weightedAverageShsOut": 37547170,
        "weightedAverageShsOutDil": 38269231,
        "link": "https://www.sec.gov/Archives/edgar/data/96943/000089322098000903/0000893220-98-000903-index.html",
        "finalLink": "https://www.sec.gov/Archives/edgar/data/96943/"
    },
    {
        "date": "1997-12-31",
        "symbol": "TFX",
        "reportedCurrency": "USD",
        "cik": "0000096943",
        "fillingDate": "1998-03-26",
        "acceptedDate": "1998-03-26 00:00:00",
        "calendarYear": "1997",
        "period": "Q4",
        "revenue": 314400000,
        "costOfRevenue": 205300000,
        "grossProfit": 109100000,
        "grossProfitRatio": 0.3470101781,
        "researchAndDevelopmentExpenses": 0,
        "generalAndAdministrativeExpenses": 0,
        "sellingAndMarketingExpenses": 0,
        "sellingGeneralAndAdministrativeExpenses": 61300000,
        "otherExpenses": 12400000,
        "operatingExpenses": 73700000,
        "costAndExpenses": 279000000,
        "interestIncome": 0,
        "interestExpense": 0,
        "depreciationAndAmortization": 12400000,
        "ebitda": 47800000,
        "ebitdaratio": 0.1520356234,
        "operatingIncome": 35400000,
        "operatingIncomeRatio": 0.1125954198,
        "totalOtherIncomeExpensesNet": -3900000,
        "incomeBeforeTax": 31500000,
        "incomeBeforeTaxRatio": 0.1001908397,
        "incomeTaxExpense": 10300000,
        "netIncome": 21200000,
        "netIncomeRatio": 0.0674300254,
        "eps": 0.56,
        "epsdiluted": 0.55,
        "weightedAverageShsOut": 37547170,
        "weightedAverageShsOutDil": 38269231,
        "link": "https://www.sec.gov/Archives/edgar/data/96943/000089322098000588/0000893220-98-000588-index.html",
        "finalLink": "https://www.sec.gov/Archives/edgar/data/96943/"
    },
    {
        "date": "1997-09-28",
        "symbol": "TFX",
        "reportedCurrency": "USD",
        "cik": "0000096943",
        "fillingDate": "1997-11-07",
        "acceptedDate": "1997-11-07 00:00:00",
        "calendarYear": "1997",
        "period": "Q3",
        "revenue": 281800000,
        "costOfRevenue": 184900000,
        "grossProfit": 96900000,
        "grossProfitRatio": 0.3438608943,
        "researchAndDevelopmentExpenses": 0,
        "generalAndAdministrativeExpenses": 0,
        "sellingAndMarketingExpenses": 0,
        "sellingGeneralAndAdministrativeExpenses": 59800000,
        "otherExpenses": 12200000,
        "operatingExpenses": 72000000,
        "costAndExpenses": 256900000,
        "interestIncome": 0,
        "interestExpense": 0,
        "depreciationAndAmortization": 12200000,
        "ebitda": 37100000,
        "ebitdaratio": 0.1316536551,
        "operatingIncome": 24900000,
        "operatingIncomeRatio": 0.0883605394,
        "totalOtherIncomeExpensesNet": -3800000,
        "incomeBeforeTax": 21100000,
        "incomeBeforeTaxRatio": 0.0748757984,
        "incomeTaxExpense": 7300000,
        "netIncome": 13800000,
        "netIncomeRatio": 0.0489709013,
        "eps": 0.38,
        "epsdiluted": 0.36,
        "weightedAverageShsOut": 36315789,
        "weightedAverageShsOutDil": 38333333,
        "link": "https://www.sec.gov/Archives/edgar/data/96943/000089322097001771/0000893220-97-001771-index.html",
        "finalLink": "https://www.sec.gov/Archives/edgar/data/96943/"
    },
    {
        "date": "1997-06-29",
        "symbol": "TFX",
        "reportedCurrency": "USD",
        "cik": "0000096943",
        "fillingDate": "1997-08-07",
        "acceptedDate": "1997-08-07 00:00:00",
        "calendarYear": "1997",
        "period": "Q2",
        "revenue": 280300000,
        "costOfRevenue": 181900000,
        "grossProfit": 98400000,
        "grossProfitRatio": 0.3510524438,
        "researchAndDevelopmentExpenses": 0,
        "generalAndAdministrativeExpenses": 0,
        "sellingAndMarketingExpenses": 0,
        "sellingGeneralAndAdministrativeExpenses": 54800000,
        "otherExpenses": 12000000,
        "operatingExpenses": 66800000,
        "costAndExpenses": 248700000,
        "interestIncome": 0,
        "interestExpense": 0,
        "depreciationAndAmortization": 12000000,
        "ebitda": 43600000,
        "ebitdaratio": 0.1555476275,
        "operatingIncome": 31600000,
        "operatingIncomeRatio": 0.1127363539,
        "totalOtherIncomeExpensesNet": -3600000,
        "incomeBeforeTax": 28000000,
        "incomeBeforeTaxRatio": 0.0998929718,
        "incomeTaxExpense": 9700000,
        "netIncome": 18300000,
        "netIncomeRatio": 0.0652871923,
        "eps": 0.5,
        "epsdiluted": 0.49,
        "weightedAverageShsOut": 36600000,
        "weightedAverageShsOutDil": 37346939,
        "link": "https://www.sec.gov/Archives/edgar/data/96943/000089322097001354/0000893220-97-001354-index.html",
        "finalLink": "https://www.sec.gov/Archives/edgar/data/96943/"
    },
    {
        "date": "1997-03-30",
        "symbol": "TFX",
        "reportedCurrency": "USD",
        "cik": "0000096943",
        "fillingDate": "1997-05-08",
        "acceptedDate": "1997-05-08 00:00:00",
        "calendarYear": "1997",
        "period": "Q1",
        "revenue": 269300000,
        "costOfRevenue": 174800000,
        "grossProfit": 94500000,
        "grossProfitRatio": 0.3509097661,
        "researchAndDevelopmentExpenses": 0,
        "generalAndAdministrativeExpenses": 0,
        "sellingAndMarketingExpenses": 0,
        "sellingGeneralAndAdministrativeExpenses": 54300000,
        "otherExpenses": 11300000,
        "operatingExpenses": 65600000,
        "costAndExpenses": 240400000,
        "interestIncome": 0,
        "interestExpense": 0,
        "depreciationAndAmortization": 11300000,
        "ebitda": 40200000,
        "ebitdaratio": 0.1492759005,
        "operatingIncome": 28900000,
        "operatingIncomeRatio": 0.1073152618,
        "totalOtherIncomeExpensesNet": -3300000,
        "incomeBeforeTax": 25600000,
        "incomeBeforeTaxRatio": 0.09506127,
        "incomeTaxExpense": 8900000,
        "netIncome": 16700000,
        "netIncomeRatio": 0.0620126253,
        "eps": 0.46,
        "epsdiluted": 0.45,
        "weightedAverageShsOut": 36304348,
        "weightedAverageShsOutDil": 37111111,
        "link": "https://www.sec.gov/Archives/edgar/data/96943/000089322097000913/0000893220-97-000913-index.html",
        "finalLink": "https://www.sec.gov/Archives/edgar/data/96943/"
    },
    {
        "date": "1996-12-31",
        "symbol": "TFX",
        "reportedCurrency": "USD",
        "cik": "0000096943",
        "fillingDate": "1997-03-24",
        "acceptedDate": "1997-03-24 00:00:00",
        "calendarYear": "1996",
        "period": "Q4",
        "revenue": 243200000,
        "costOfRevenue": 157100000,
        "grossProfit": 86100000,
        "grossProfitRatio": 0.3540296053,
        "researchAndDevelopmentExpenses": 0,
        "generalAndAdministrativeExpenses": 0,
        "sellingAndMarketingExpenses": 0,
        "sellingGeneralAndAdministrativeExpenses": 47700000,
        "otherExpenses": 9900000,
        "operatingExpenses": 57600000,
        "costAndExpenses": 214700000,
        "interestIncome": 0,
        "interestExpense": 0,
        "depreciationAndAmortization": 9900000,
        "ebitda": 38400000,
        "ebitdaratio": 0.1578947368,
        "operatingIncome": 28500000,
        "operatingIncomeRatio": 0.1171875,
        "totalOtherIncomeExpensesNet": -3100000,
        "incomeBeforeTax": 25400000,
        "incomeBeforeTaxRatio": 0.1044407895,
        "incomeTaxExpense": 8200000,
        "netIncome": 17200000,
        "netIncomeRatio": 0.0707236842,
        "eps": 0.47,
        "epsdiluted": 0.46,
        "weightedAverageShsOut": 36304348,
        "weightedAverageShsOutDil": 37111111,
        "link": "https://www.sec.gov/Archives/edgar/data/96943/000089322097000597/0000893220-97-000597-index.html",
        "finalLink": "https://www.sec.gov/Archives/edgar/data/96943/"
    },
    {
        "date": "1996-09-29",
        "symbol": "TFX",
        "reportedCurrency": "USD",
        "cik": "0000096943",
        "fillingDate": "1996-11-12",
        "acceptedDate": "1996-11-12 00:00:00",
        "calendarYear": "1996",
        "period": "Q3",
        "revenue": 215100000,
        "costOfRevenue": 138100000,
        "grossProfit": 77000000,
        "grossProfitRatio": 0.3579730358,
        "researchAndDevelopmentExpenses": 0,
        "generalAndAdministrativeExpenses": 0,
        "sellingAndMarketingExpenses": 0,
        "sellingGeneralAndAdministrativeExpenses": 47600000,
        "otherExpenses": 10700000,
        "operatingExpenses": 58300000,
        "costAndExpenses": 196400000,
        "interestIncome": 0,
        "interestExpense": 0,
        "depreciationAndAmortization": 10700000,
        "ebitda": 29400000,
        "ebitdaratio": 0.1366806137,
        "operatingIncome": 18700000,
        "operatingIncomeRatio": 0.0869363087,
        "totalOtherIncomeExpensesNet": -3300000,
        "incomeBeforeTax": 15400000,
        "incomeBeforeTaxRatio": 0.0715946072,
        "incomeTaxExpense": 5400000,
        "netIncome": 10000000,
        "netIncomeRatio": 0.0464900046,
        "eps": 0.29,
        "epsdiluted": 0.28,
        "weightedAverageShsOut": 34482759,
        "weightedAverageShsOutDil": 35714286,
        "link": "https://www.sec.gov/Archives/edgar/data/96943/000089322096001826/0000893220-96-001826-index.html",
        "finalLink": "https://www.sec.gov/Archives/edgar/data/96943/"
    },
    {
        "date": "1996-06-30",
        "symbol": "TFX",
        "reportedCurrency": "USD",
        "cik": "0000096943",
        "fillingDate": "1996-08-13",
        "acceptedDate": "1996-08-13 00:00:00",
        "calendarYear": "1996",
        "period": "Q2",
        "revenue": 238400000,
        "costOfRevenue": 154200000,
        "grossProfit": 84200000,
        "grossProfitRatio": 0.3531879195,
        "researchAndDevelopmentExpenses": 0,
        "generalAndAdministrativeExpenses": 0,
        "sellingAndMarketingExpenses": 0,
        "sellingGeneralAndAdministrativeExpenses": 48400000,
        "otherExpenses": 9100000,
        "operatingExpenses": 57500000,
        "costAndExpenses": 211700000,
        "interestIncome": 0,
        "interestExpense": 0,
        "depreciationAndAmortization": 9100000,
        "ebitda": 35800000,
        "ebitdaratio": 0.1501677852,
        "operatingIncome": 26700000,
        "operatingIncomeRatio": 0.1119966443,
        "totalOtherIncomeExpensesNet": -3600000,
        "incomeBeforeTax": 23100000,
        "incomeBeforeTaxRatio": 0.0968959732,
        "incomeTaxExpense": 8000000,
        "netIncome": 15100000,
        "netIncomeRatio": 0.0633389262,
        "eps": 0.43,
        "epsdiluted": 0.42,
        "weightedAverageShsOut": 35116279,
        "weightedAverageShsOutDil": 35952381,
        "link": "https://www.sec.gov/Archives/edgar/data/96943/000089322096001357/0000893220-96-001357-index.html",
        "finalLink": "https://www.sec.gov/Archives/edgar/data/96943/"
    },
    {
        "date": "1996-03-31",
        "symbol": "TFX",
        "reportedCurrency": "USD",
        "cik": "0000096943",
        "fillingDate": "1996-05-15",
        "acceptedDate": "1996-05-15 00:00:00",
        "calendarYear": "1996",
        "period": "Q1",
        "revenue": 234400000,
        "costOfRevenue": 152000000,
        "grossProfit": 82400000,
        "grossProfitRatio": 0.3515358362,
        "researchAndDevelopmentExpenses": 0,
        "generalAndAdministrativeExpenses": 0,
        "sellingAndMarketingExpenses": 0,
        "sellingGeneralAndAdministrativeExpenses": 46600000,
        "otherExpenses": 9100000,
        "operatingExpenses": 55700000,
        "costAndExpenses": 207700000,
        "interestIncome": 0,
        "interestExpense": 0,
        "depreciationAndAmortization": 9100000,
        "ebitda": 35800000,
        "ebitdaratio": 0.1527303754,
        "operatingIncome": 26700000,
        "operatingIncomeRatio": 0.1139078498,
        "totalOtherIncomeExpensesNet": -3800000,
        "incomeBeforeTax": 22900000,
        "incomeBeforeTaxRatio": 0.0976962457,
        "incomeTaxExpense": 8000000,
        "netIncome": 14900000,
        "netIncomeRatio": 0.0635665529,
        "eps": 0.42,
        "epsdiluted": 0.42,
        "weightedAverageShsOut": 35476190,
        "weightedAverageShsOutDil": 35476190,
        "link": "https://www.sec.gov/Archives/edgar/data/96943/000089322096000805/0000893220-96-000805-index.html",
        "finalLink": "https://www.sec.gov/Archives/edgar/data/96943/"
    },
    {
        "date": "1995-12-31",
        "symbol": "TFX",
        "reportedCurrency": "USD",
        "cik": "0000096943",
        "fillingDate": "1996-03-25",
        "acceptedDate": "1996-03-25 00:00:00",
        "calendarYear": "1995",
        "period": "Q4",
        "revenue": 241600000,
        "costOfRevenue": 156600000,
        "grossProfit": 85000000,
        "grossProfitRatio": 0.3518211921,
        "researchAndDevelopmentExpenses": 0,
        "generalAndAdministrativeExpenses": 0,
        "sellingAndMarketingExpenses": 0,
        "sellingGeneralAndAdministrativeExpenses": 48400000,
        "otherExpenses": 10700000,
        "operatingExpenses": 59100000,
        "costAndExpenses": 215700000,
        "interestIncome": 0,
        "interestExpense": 0,
        "depreciationAndAmortization": 10700000,
        "ebitda": 36600000,
        "ebitdaratio": 0.1514900662,
        "operatingIncome": 25900000,
        "operatingIncomeRatio": 0.1072019868,
        "totalOtherIncomeExpensesNet": -4400000,
        "incomeBeforeTax": 21500000,
        "incomeBeforeTaxRatio": 0.0889900662,
        "incomeTaxExpense": 6500000,
        "netIncome": 15000000,
        "netIncomeRatio": 0.0620860927,
        "eps": 0.42,
        "epsdiluted": 0.42,
        "weightedAverageShsOut": 35476190,
        "weightedAverageShsOutDil": 35476190,
        "link": "https://www.sec.gov/Archives/edgar/data/96943/000089322096000475/0000893220-96-000475-index.html",
        "finalLink": "https://www.sec.gov/Archives/edgar/data/96943/"
    },
    {
        "date": "1995-09-24",
        "symbol": "TFX",
        "reportedCurrency": "USD",
        "cik": "0000096943",
        "fillingDate": "1995-11-07",
        "acceptedDate": "1995-11-07 00:00:00",
        "calendarYear": "1995",
        "period": "Q3",
        "revenue": 210300000,
        "costOfRevenue": 136800000,
        "grossProfit": 73500000,
        "grossProfitRatio": 0.3495007133,
        "researchAndDevelopmentExpenses": 0,
        "generalAndAdministrativeExpenses": 0,
        "sellingAndMarketingExpenses": 0,
        "sellingGeneralAndAdministrativeExpenses": 47100000,
        "otherExpenses": 9100000,
        "operatingExpenses": 56200000,
        "costAndExpenses": 193000000,
        "interestIncome": 0,
        "interestExpense": 0,
        "depreciationAndAmortization": 9100000,
        "ebitda": 26400000,
        "ebitdaratio": 0.1255349501,
        "operatingIncome": 17300000,
        "operatingIncomeRatio": 0.0822634332,
        "totalOtherIncomeExpensesNet": -4600000,
        "incomeBeforeTax": 12700000,
        "incomeBeforeTaxRatio": 0.0603899192,
        "incomeTaxExpense": 4400000,
        "netIncome": 8300000,
        "netIncomeRatio": 0.0394674275,
        "eps": 0.23,
        "epsdiluted": 0.23,
        "weightedAverageShsOut": 36086957,
        "weightedAverageShsOutDil": 36086957,
        "link": "https://www.sec.gov/Archives/edgar/data/96943/000089322095000723/0000893220-95-000723-index.html",
        "finalLink": "https://www.sec.gov/Archives/edgar/data/96943/"
    },
    {
        "date": "1995-06-25",
        "symbol": "TFX",
        "reportedCurrency": "USD",
        "cik": "0000096943",
        "fillingDate": "1995-08-09",
        "acceptedDate": "1995-08-09 00:00:00",
        "calendarYear": "1995",
        "period": "Q2",
        "revenue": 233900000,
        "costOfRevenue": 150500000,
        "grossProfit": 83400000,
        "grossProfitRatio": 0.3565626336,
        "researchAndDevelopmentExpenses": 0,
        "generalAndAdministrativeExpenses": 0,
        "sellingAndMarketingExpenses": 0,
        "sellingGeneralAndAdministrativeExpenses": 48900000,
        "otherExpenses": 9200000,
        "operatingExpenses": 58100000,
        "costAndExpenses": 208600000,
        "interestIncome": 0,
        "interestExpense": 0,
        "depreciationAndAmortization": 9200000,
        "ebitda": 34500000,
        "ebitdaratio": 0.1474989312,
        "operatingIncome": 25300000,
        "operatingIncomeRatio": 0.1081658829,
        "totalOtherIncomeExpensesNet": -4800000,
        "incomeBeforeTax": 20500000,
        "incomeBeforeTaxRatio": 0.0876442924,
        "incomeTaxExpense": 7200000,
        "netIncome": 13300000,
        "netIncomeRatio": 0.0568619068,
        "eps": 0.38,
        "epsdiluted": 0.38,
        "weightedAverageShsOut": 35000000,
        "weightedAverageShsOutDil": 35000000,
        "link": "https://www.sec.gov/Archives/edgar/data/96943/000089322095000507/0000893220-95-000507-index.html",
        "finalLink": "https://www.sec.gov/Archives/edgar/data/96943/"
    },
    {
        "date": "1995-03-26",
        "symbol": "TFX",
        "reportedCurrency": "USD",
        "cik": "0000096943",
        "fillingDate": "1995-05-09",
        "acceptedDate": "1995-05-09 00:00:00",
        "calendarYear": "1995",
        "period": "Q1",
        "revenue": 226900000,
        "costOfRevenue": 146400000,
        "grossProfit": 80500000,
        "grossProfitRatio": 0.3547818422,
        "researchAndDevelopmentExpenses": 0,
        "generalAndAdministrativeExpenses": 0,
        "sellingAndMarketingExpenses": 0,
        "sellingGeneralAndAdministrativeExpenses": 48000000,
        "otherExpenses": 8700000,
        "operatingExpenses": 56700000,
        "costAndExpenses": 203100000,
        "interestIncome": 0,
        "interestExpense": 0,
        "depreciationAndAmortization": 8700000,
        "ebitda": 32500000,
        "ebitdaratio": 0.1432349052,
        "operatingIncome": 23800000,
        "operatingIncomeRatio": 0.1048920229,
        "totalOtherIncomeExpensesNet": -4900000,
        "incomeBeforeTax": 18900000,
        "incomeBeforeTaxRatio": 0.0832966064,
        "incomeTaxExpense": 6600000,
        "netIncome": 12300000,
        "netIncomeRatio": 0.0542089026,
        "eps": 0.35,
        "epsdiluted": 0.35,
        "weightedAverageShsOut": 35142857,
        "weightedAverageShsOutDil": 35142857,
        "link": "https://www.sec.gov/Archives/edgar/data/96943/000089322095000324/0000893220-95-000324-index.html",
        "finalLink": "https://www.sec.gov/Archives/edgar/data/96943/"
    },
    {
        "date": "1994-12-31",
        "symbol": "TFX",
        "reportedCurrency": "USD",
        "cik": "0000096943",
        "fillingDate": "1995-03-24",
        "acceptedDate": "1995-03-24 00:00:00",
        "calendarYear": "1994",
        "period": "Q4",
        "revenue": 218800000,
        "costOfRevenue": 137600000,
        "grossProfit": 81200000,
        "grossProfitRatio": 0.3711151737,
        "researchAndDevelopmentExpenses": 0,
        "generalAndAdministrativeExpenses": 0,
        "sellingAndMarketingExpenses": 0,
        "sellingGeneralAndAdministrativeExpenses": 48700000,
        "otherExpenses": 8900000,
        "operatingExpenses": 57600000,
        "costAndExpenses": 195200000,
        "interestIncome": 0,
        "interestExpense": 0,
        "depreciationAndAmortization": 8900000,
        "ebitda": 32500000,
        "ebitdaratio": 0.1485374771,
        "operatingIncome": 23600000,
        "operatingIncomeRatio": 0.1078610603,
        "totalOtherIncomeExpensesNet": -4500000,
        "incomeBeforeTax": 19100000,
        "incomeBeforeTaxRatio": 0.0872943327,
        "incomeTaxExpense": 6400000,
        "netIncome": 12700000,
        "netIncomeRatio": 0.0580438757,
        "eps": 0.36,
        "epsdiluted": 0.36,
        "weightedAverageShsOut": 35142857,
        "weightedAverageShsOutDil": 35142857,
        "link": "https://www.sec.gov/Archives/edgar/data/96943/000089322095000165/0000893220-95-000165-index.html",
        "finalLink": "https://www.sec.gov/Archives/edgar/data/96943/"
    },
    {
        "date": "1994-09-25",
        "symbol": "TFX",
        "reportedCurrency": "USD",
        "cik": "0000096943",
        "fillingDate": "1994-10-28",
        "acceptedDate": "1994-10-28 00:00:00",
        "calendarYear": "1994",
        "period": "Q3",
        "revenue": 193400000,
        "costOfRevenue": 125600000,
        "grossProfit": 67800000,
        "grossProfitRatio": 0.3505687694,
        "researchAndDevelopmentExpenses": 0,
        "generalAndAdministrativeExpenses": 0,
        "sellingAndMarketingExpenses": 0,
        "sellingGeneralAndAdministrativeExpenses": 43700000,
        "otherExpenses": 8000000,
        "operatingExpenses": 51700000,
        "costAndExpenses": 177300000,
        "interestIncome": 0,
        "interestExpense": 0,
        "depreciationAndAmortization": 7900000,
        "ebitda": 24100000,
        "ebitdaratio": 0.1246122027,
        "operatingIncome": 16100000,
        "operatingIncomeRatio": 0.0832471562,
        "totalOtherIncomeExpensesNet": -4700000,
        "incomeBeforeTax": 11400000,
        "incomeBeforeTaxRatio": 0.0589451913,
        "incomeTaxExpense": 4000000,
        "netIncome": 7400000,
        "netIncomeRatio": 0.038262668,
        "eps": 0.21,
        "epsdiluted": 0.21,
        "weightedAverageShsOut": 35238095,
        "weightedAverageShsOutDil": 35238095,
        "link": "https://www.sec.gov/Archives/edgar/data/96943/000089322094000425/0000893220-94-000425-index.html",
        "finalLink": "https://www.sec.gov/Archives/edgar/data/96943/"
    },
    {
        "date": "1994-06-26",
        "symbol": "TFX",
        "reportedCurrency": "USD",
        "cik": "0000096943",
        "fillingDate": "1994-08-11",
        "acceptedDate": "1994-08-11 00:00:00",
        "calendarYear": "1994",
        "period": "Q2",
        "revenue": 209500000,
        "costOfRevenue": 136600000,
        "grossProfit": 72900000,
        "grossProfitRatio": 0.3479713604,
        "researchAndDevelopmentExpenses": 0,
        "generalAndAdministrativeExpenses": 0,
        "sellingAndMarketingExpenses": 0,
        "sellingGeneralAndAdministrativeExpenses": 43000000,
        "otherExpenses": 8100000,
        "operatingExpenses": 51100000,
        "costAndExpenses": 187700000,
        "interestIncome": 0,
        "interestExpense": 0,
        "depreciationAndAmortization": 8300000,
        "ebitda": 30100000,
        "ebitdaratio": 0.1436754177,
        "operatingIncome": 21800000,
        "operatingIncomeRatio": 0.1040572792,
        "totalOtherIncomeExpensesNet": -4600000,
        "incomeBeforeTax": 17200000,
        "incomeBeforeTaxRatio": 0.0821002387,
        "incomeTaxExpense": 6000000,
        "netIncome": 11200000,
        "netIncomeRatio": 0.0534606205,
        "eps": 0.32,
        "epsdiluted": 0.32,
        "weightedAverageShsOut": 35000000,
        "weightedAverageShsOutDil": 35000000,
        "link": "https://www.sec.gov/Archives/edgar/data/96943/000089322094000365/0000893220-94-000365-index.html",
        "finalLink": "https://www.sec.gov/Archives/edgar/data/96943/"
    },
    {
        "date": "1994-03-27",
        "symbol": "TFX",
        "reportedCurrency": "USD",
        "cik": "0000096943",
        "fillingDate": "1994-05-10",
        "acceptedDate": "1994-05-10 00:00:00",
        "calendarYear": "1994",
        "period": "Q1",
        "revenue": 191100000,
        "costOfRevenue": 124600000,
        "grossProfit": 66500000,
        "grossProfitRatio": 0.347985348,
        "researchAndDevelopmentExpenses": 0,
        "generalAndAdministrativeExpenses": 0,
        "sellingAndMarketingExpenses": 0,
        "sellingGeneralAndAdministrativeExpenses": 38500000,
        "otherExpenses": 7900000,
        "operatingExpenses": 46400000,
        "costAndExpenses": 171000000,
        "interestIncome": 0,
        "interestExpense": 0,
        "depreciationAndAmortization": 7900000,
        "ebitda": 28000000,
        "ebitdaratio": 0.1465201465,
        "operatingIncome": 20100000,
        "operatingIncomeRatio": 0.1051805338,
        "totalOtherIncomeExpensesNet": -4700000,
        "incomeBeforeTax": 15400000,
        "incomeBeforeTaxRatio": 0.0805860806,
        "incomeTaxExpense": 5400000,
        "netIncome": 10000000,
        "netIncomeRatio": 0.0523286238,
        "eps": 0.29,
        "epsdiluted": 0.29,
        "weightedAverageShsOut": 34482759,
        "weightedAverageShsOutDil": 34482759,
        "link": "https://www.sec.gov/Archives/edgar/data/96943/000089322094000243/0000893220-94-000243-index.html",
        "finalLink": "https://www.sec.gov/Archives/edgar/data/96943/"
    },
    {
        "date": "1993-12-31",
        "symbol": "TFX",
        "reportedCurrency": "USD",
        "cik": "0000096943",
        "fillingDate": "1994-03-23",
        "acceptedDate": "1994-03-23 00:00:00",
        "calendarYear": "1993",
        "period": "Q4",
        "revenue": 177400000,
        "costOfRevenue": 114000000,
        "grossProfit": 63400000,
        "grossProfitRatio": 0.3573844419,
        "researchAndDevelopmentExpenses": 0,
        "generalAndAdministrativeExpenses": 0,
        "sellingAndMarketingExpenses": 0,
        "sellingGeneralAndAdministrativeExpenses": 37500000,
        "otherExpenses": 7100000,
        "operatingExpenses": 44600000,
        "costAndExpenses": 158600000,
        "interestIncome": 0,
        "interestExpense": 0,
        "depreciationAndAmortization": 7100000,
        "ebitda": 25900000,
        "ebitdaratio": 0.1459977452,
        "operatingIncome": 18800000,
        "operatingIncomeRatio": 0.1059751973,
        "totalOtherIncomeExpensesNet": -3600000,
        "incomeBeforeTax": 15200000,
        "incomeBeforeTaxRatio": 0.0856820744,
        "incomeTaxExpense": 5200000,
        "netIncome": 10000000,
        "netIncomeRatio": 0.0563697858,
        "eps": 0.29,
        "epsdiluted": 0.29,
        "weightedAverageShsOut": 34482759,
        "weightedAverageShsOutDil": 34482759,
        "link": "https://www.sec.gov/Archives/edgar/data/96943/000089322094000170/0000893220-94-000170-index.html",
        "finalLink": "https://www.sec.gov/Archives/edgar/data/96943/"
    },
    {
        "date": "1993-09-30",
        "symbol": "TFX",
        "reportedCurrency": "USD",
        "cik": "0000096943",
        "fillingDate": "1993-09-30",
        "acceptedDate": "1993-09-30 00:00:00",
        "calendarYear": "1993",
        "period": "Q3",
        "revenue": 156900000,
        "costOfRevenue": 102200000,
        "grossProfit": 54700000,
        "grossProfitRatio": 0.3486297004,
        "researchAndDevelopmentExpenses": 0,
        "generalAndAdministrativeExpenses": 0,
        "sellingAndMarketingExpenses": 0,
        "sellingGeneralAndAdministrativeExpenses": 34400000,
        "otherExpenses": 7000000,
        "operatingExpenses": 41400000,
        "costAndExpenses": 143600000,
        "interestIncome": 0,
        "interestExpense": 0,
        "depreciationAndAmortization": 7300000,
        "ebitda": 20600000,
        "ebitdaratio": 0.1312938177,
        "operatingIncome": 13300000,
        "operatingIncomeRatio": 0.0847673678,
        "totalOtherIncomeExpensesNet": -3600000,
        "incomeBeforeTax": 9700000,
        "incomeBeforeTaxRatio": 0.0618228171,
        "incomeTaxExpense": 3800000,
        "netIncome": 5900000,
        "netIncomeRatio": 0.0376035692,
        "eps": 0.17,
        "epsdiluted": 0.17,
        "weightedAverageShsOut": 34705882,
        "weightedAverageShsOutDil": 34705882,
        "link": null,
        "finalLink": null
    },
    {
        "date": "1993-06-30",
        "symbol": "TFX",
        "reportedCurrency": "USD",
        "cik": "0000096943",
        "fillingDate": "1993-06-30",
        "acceptedDate": "1993-06-30 00:00:00",
        "calendarYear": "1993",
        "period": "Q2",
        "revenue": 174900000,
        "costOfRevenue": 113700000,
        "grossProfit": 61200000,
        "grossProfitRatio": 0.3499142367,
        "researchAndDevelopmentExpenses": 0,
        "generalAndAdministrativeExpenses": 0,
        "sellingAndMarketingExpenses": 0,
        "sellingGeneralAndAdministrativeExpenses": 36500000,
        "otherExpenses": 6800000,
        "operatingExpenses": 43300000,
        "costAndExpenses": 157000000,
        "interestIncome": 0,
        "interestExpense": 0,
        "depreciationAndAmortization": 7300000,
        "ebitda": 25200000,
        "ebitdaratio": 0.1440823328,
        "operatingIncome": 17900000,
        "operatingIncomeRatio": 0.1023441967,
        "totalOtherIncomeExpensesNet": -3600000,
        "incomeBeforeTax": 14300000,
        "incomeBeforeTaxRatio": 0.0817610063,
        "incomeTaxExpense": 5000000,
        "netIncome": 9300000,
        "netIncomeRatio": 0.0531732419,
        "eps": 0.27,
        "epsdiluted": 0.27,
        "weightedAverageShsOut": 34444444,
        "weightedAverageShsOutDil": 34444444,
        "link": null,
        "finalLink": null
    },
    {
        "date": "1993-03-31",
        "symbol": "TFX",
        "reportedCurrency": "USD",
        "cik": "0000096943",
        "fillingDate": "1993-03-31",
        "acceptedDate": "1993-03-31 00:00:00",
        "calendarYear": "1993",
        "period": "Q1",
        "revenue": 157600000,
        "costOfRevenue": 101900000,
        "grossProfit": 55700000,
        "grossProfitRatio": 0.3534263959,
        "researchAndDevelopmentExpenses": 0,
        "generalAndAdministrativeExpenses": 0,
        "sellingAndMarketingExpenses": 0,
        "sellingGeneralAndAdministrativeExpenses": 32600000,
        "otherExpenses": 6400000,
        "operatingExpenses": 39000000,
        "costAndExpenses": 140900000,
        "interestIncome": 0,
        "interestExpense": 0,
        "depreciationAndAmortization": 6400000,
        "ebitda": 23100000,
        "ebitdaratio": 0.1465736041,
        "operatingIncome": 16700000,
        "operatingIncomeRatio": 0.105964467,
        "totalOtherIncomeExpensesNet": -3500000,
        "incomeBeforeTax": 13200000,
        "incomeBeforeTaxRatio": 0.0837563452,
        "incomeTaxExpense": 4600000,
        "netIncome": 8600000,
        "netIncomeRatio": 0.0545685279,
        "eps": 0.25,
        "epsdiluted": 0.25,
        "weightedAverageShsOut": 34400000,
        "weightedAverageShsOutDil": 34400000,
        "link": null,
        "finalLink": null
    },
    {
        "date": "1992-12-31",
        "symbol": "TFX",
        "reportedCurrency": "USD",
        "cik": "0000096943",
        "fillingDate": "1992-12-31",
        "acceptedDate": "1992-12-31 00:00:00",
        "calendarYear": "1992",
        "period": "Q4",
        "revenue": 147400000,
        "costOfRevenue": 94900000,
        "grossProfit": 52500000,
        "grossProfitRatio": 0.3561736771,
        "researchAndDevelopmentExpenses": 0,
        "generalAndAdministrativeExpenses": 0,
        "sellingAndMarketingExpenses": 0,
        "sellingGeneralAndAdministrativeExpenses": 33100000,
        "otherExpenses": 4900000,
        "operatingExpenses": 38000000,
        "costAndExpenses": 132900000,
        "interestIncome": 0,
        "interestExpense": 0,
        "depreciationAndAmortization": 4900000,
        "ebitda": 19400000,
        "ebitdaratio": 0.131614654,
        "operatingIncome": 14500000,
        "operatingIncomeRatio": 0.0983717775,
        "totalOtherIncomeExpensesNet": -400000,
        "incomeBeforeTax": 14100000,
        "incomeBeforeTaxRatio": 0.0956580733,
        "incomeTaxExpense": 4800000,
        "netIncome": 10200000,
        "netIncomeRatio": 0.0691994573,
        "eps": 0.3,
        "epsdiluted": 0.3,
        "weightedAverageShsOut": 34028312,
        "weightedAverageShsOutDil": 34400000,
        "link": null,
        "finalLink": null
    },
    {
        "date": "1992-09-30",
        "symbol": "TFX",
        "reportedCurrency": "USD",
        "cik": "0000096943",
        "fillingDate": "1992-09-30",
        "acceptedDate": "1992-09-30 00:00:00",
        "calendarYear": "1992",
        "period": "Q3",
        "revenue": 138000000,
        "costOfRevenue": 86700000,
        "grossProfit": 51300000,
        "grossProfitRatio": 0.3717391304,
        "researchAndDevelopmentExpenses": 0,
        "generalAndAdministrativeExpenses": 0,
        "sellingAndMarketingExpenses": 0,
        "sellingGeneralAndAdministrativeExpenses": 32100000,
        "otherExpenses": 5800000,
        "operatingExpenses": 37900000,
        "costAndExpenses": 124600000,
        "interestIncome": 0,
        "interestExpense": 0,
        "depreciationAndAmortization": 5700000,
        "ebitda": 19200000,
        "ebitdaratio": 0.1391304348,
        "operatingIncome": 13400000,
        "operatingIncomeRatio": 0.0971014493,
        "totalOtherIncomeExpensesNet": -4000000,
        "incomeBeforeTax": 9400000,
        "incomeBeforeTaxRatio": 0.068115942,
        "incomeTaxExpense": 3200000,
        "netIncome": 6200000,
        "netIncomeRatio": 0.0449275362,
        "eps": 0.18,
        "epsdiluted": 0.18,
        "weightedAverageShsOut": 34444444,
        "weightedAverageShsOutDil": 34444444,
        "link": null,
        "finalLink": null
    },
    {
        "date": "1992-06-30",
        "symbol": "TFX",
        "reportedCurrency": "USD",
        "cik": "0000096943",
        "fillingDate": "1992-06-30",
        "acceptedDate": "1992-06-30 00:00:00",
        "calendarYear": "1992",
        "period": "Q2",
        "revenue": 148800000,
        "costOfRevenue": 94200000,
        "grossProfit": 54600000,
        "grossProfitRatio": 0.3669354839,
        "researchAndDevelopmentExpenses": 0,
        "generalAndAdministrativeExpenses": 0,
        "sellingAndMarketingExpenses": 0,
        "sellingGeneralAndAdministrativeExpenses": 32200000,
        "otherExpenses": 5500000,
        "operatingExpenses": 37700000,
        "costAndExpenses": 131900000,
        "interestIncome": 0,
        "interestExpense": 0,
        "depreciationAndAmortization": 5600000,
        "ebitda": 22500000,
        "ebitdaratio": 0.1512096774,
        "operatingIncome": 16900000,
        "operatingIncomeRatio": 0.1135752688,
        "totalOtherIncomeExpensesNet": -3800000,
        "incomeBeforeTax": 13100000,
        "incomeBeforeTaxRatio": 0.0880376344,
        "incomeTaxExpense": 4500000,
        "netIncome": 8600000,
        "netIncomeRatio": 0.0577956989,
        "eps": 0.25,
        "epsdiluted": 0.25,
        "weightedAverageShsOut": 34400000,
        "weightedAverageShsOutDil": 34400000,
        "link": null,
        "finalLink": null
    },
    {
        "date": "1992-03-31",
        "symbol": "TFX",
        "reportedCurrency": "USD",
        "cik": "0000096943",
        "fillingDate": "1992-03-31",
        "acceptedDate": "1992-03-31 00:00:00",
        "calendarYear": "1992",
        "period": "Q1",
        "revenue": 132800000,
        "costOfRevenue": 84700000,
        "grossProfit": 48100000,
        "grossProfitRatio": 0.3621987952,
        "researchAndDevelopmentExpenses": 0,
        "generalAndAdministrativeExpenses": 0,
        "sellingAndMarketingExpenses": 0,
        "sellingGeneralAndAdministrativeExpenses": 26800000,
        "otherExpenses": 5400000,
        "operatingExpenses": 32200000,
        "costAndExpenses": 116900000,
        "interestIncome": 0,
        "interestExpense": 0,
        "depreciationAndAmortization": 5400000,
        "ebitda": 21300000,
        "ebitdaratio": 0.1603915663,
        "operatingIncome": 15900000,
        "operatingIncomeRatio": 0.1197289157,
        "totalOtherIncomeExpensesNet": -3800000,
        "incomeBeforeTax": 12100000,
        "incomeBeforeTaxRatio": 0.0911144578,
        "incomeTaxExpense": 4100000,
        "netIncome": 8000000,
        "netIncomeRatio": 0.0602409639,
        "eps": 0.24,
        "epsdiluted": 0.24,
        "weightedAverageShsOut": 33333333,
        "weightedAverageShsOutDil": 33333333,
        "link": null,
        "finalLink": null
    },
    {
        "date": "1991-12-31",
        "symbol": "TFX",
        "reportedCurrency": "USD",
        "cik": "0000096943",
        "fillingDate": "1991-12-31",
        "acceptedDate": "1991-12-31 00:00:00",
        "calendarYear": "1991",
        "period": "Q4",
        "revenue": 134200000,
        "costOfRevenue": 88500000,
        "grossProfit": 45700000,
        "grossProfitRatio": 0.3405365127,
        "researchAndDevelopmentExpenses": 0,
        "generalAndAdministrativeExpenses": 0,
        "sellingAndMarketingExpenses": 0,
        "sellingGeneralAndAdministrativeExpenses": 27700000,
        "otherExpenses": 4600000,
        "operatingExpenses": 32300000,
        "costAndExpenses": 120800000,
        "interestIncome": 0,
        "interestExpense": 0,
        "depreciationAndAmortization": 4600000,
        "ebitda": 18000000,
        "ebitdaratio": 0.1341281669,
        "operatingIncome": 13400000,
        "operatingIncomeRatio": 0.0998509687,
        "totalOtherIncomeExpensesNet": -400000,
        "incomeBeforeTax": 13000000,
        "incomeBeforeTaxRatio": 0.0968703428,
        "incomeTaxExpense": 4500000,
        "netIncome": 8500000,
        "netIncomeRatio": 0.063338301,
        "eps": 0.26,
        "epsdiluted": 0.26,
        "weightedAverageShsOut": 33333333,
        "weightedAverageShsOutDil": 33333333,
        "link": null,
        "finalLink": null
    },
    {
        "date": "1991-09-30",
        "symbol": "TFX",
        "reportedCurrency": "USD",
        "cik": "0000096943",
        "fillingDate": "1991-09-30",
        "acceptedDate": "1991-09-30 00:00:00",
        "calendarYear": "1991",
        "period": "Q3",
        "revenue": 116000000,
        "costOfRevenue": 76300000,
        "grossProfit": 39700000,
        "grossProfitRatio": 0.3422413793,
        "researchAndDevelopmentExpenses": 0,
        "generalAndAdministrativeExpenses": 0,
        "sellingAndMarketingExpenses": 0,
        "sellingGeneralAndAdministrativeExpenses": 23300000,
        "otherExpenses": 4400000,
        "operatingExpenses": 27700000,
        "costAndExpenses": 104000000,
        "interestIncome": 0,
        "interestExpense": 0,
        "depreciationAndAmortization": 4400000,
        "ebitda": 16400000,
        "ebitdaratio": 0.1413793103,
        "operatingIncome": 12000000,
        "operatingIncomeRatio": 0.1034482759,
        "totalOtherIncomeExpensesNet": -3000000,
        "incomeBeforeTax": 9000000,
        "incomeBeforeTaxRatio": 0.0775862069,
        "incomeTaxExpense": 3100000,
        "netIncome": 5900000,
        "netIncomeRatio": 0.050862069,
        "eps": 0.18,
        "epsdiluted": 0.18,
        "weightedAverageShsOut": 32777778,
        "weightedAverageShsOutDil": 32777778,
        "link": null,
        "finalLink": null
    },
    {
        "date": "1991-06-30",
        "symbol": "TFX",
        "reportedCurrency": "USD",
        "cik": "0000096943",
        "fillingDate": "1991-06-30",
        "acceptedDate": "1991-06-30 00:00:00",
        "calendarYear": "1991",
        "period": "Q2",
        "revenue": 117000000,
        "costOfRevenue": 74300000,
        "grossProfit": 42700000,
        "grossProfitRatio": 0.364957265,
        "researchAndDevelopmentExpenses": 0,
        "generalAndAdministrativeExpenses": 0,
        "sellingAndMarketingExpenses": 0,
        "sellingGeneralAndAdministrativeExpenses": 22600000,
        "otherExpenses": 4700000,
        "operatingExpenses": 27300000,
        "costAndExpenses": 101600000,
        "interestIncome": 0,
        "interestExpense": 0,
        "depreciationAndAmortization": 4700000,
        "ebitda": 20100000,
        "ebitdaratio": 0.1717948718,
        "operatingIncome": 15400000,
        "operatingIncomeRatio": 0.1316239316,
        "totalOtherIncomeExpensesNet": -3500000,
        "incomeBeforeTax": 11900000,
        "incomeBeforeTaxRatio": 0.1017094017,
        "incomeTaxExpense": 4000000,
        "netIncome": 7900000,
        "netIncomeRatio": 0.0675213675,
        "eps": 0.24,
        "epsdiluted": 0.24,
        "weightedAverageShsOut": 32916667,
        "weightedAverageShsOutDil": 32916667,
        "link": null,
        "finalLink": null
    },
    {
        "date": "1991-03-31",
        "symbol": "TFX",
        "reportedCurrency": "USD",
        "cik": "0000096943",
        "fillingDate": "1991-03-31",
        "acceptedDate": "1991-03-31 00:00:00",
        "calendarYear": "1991",
        "period": "Q1",
        "revenue": 112400000,
        "costOfRevenue": 72700000,
        "grossProfit": 39700000,
        "grossProfitRatio": 0.353202847,
        "researchAndDevelopmentExpenses": 0,
        "generalAndAdministrativeExpenses": 0,
        "sellingAndMarketingExpenses": 0,
        "sellingGeneralAndAdministrativeExpenses": 20000000,
        "otherExpenses": 4700000,
        "operatingExpenses": 24700000,
        "costAndExpenses": 97400000,
        "interestIncome": 0,
        "interestExpense": 0,
        "depreciationAndAmortization": 4700000,
        "ebitda": 19700000,
        "ebitdaratio": 0.1752669039,
        "operatingIncome": 15000000,
        "operatingIncomeRatio": 0.1334519573,
        "totalOtherIncomeExpensesNet": -3600000,
        "incomeBeforeTax": 11400000,
        "incomeBeforeTaxRatio": 0.1014234875,
        "incomeTaxExpense": 3900000,
        "netIncome": 7500000,
        "netIncomeRatio": 0.0667259786,
        "eps": 0.23,
        "epsdiluted": 0.23,
        "weightedAverageShsOut": 32608696,
        "weightedAverageShsOutDil": 32608696,
        "link": null,
        "finalLink": null
    },
    {
        "date": "1990-12-31",
        "symbol": "TFX",
        "reportedCurrency": "USD",
        "cik": "0000096943",
        "fillingDate": "1990-12-31",
        "acceptedDate": "1990-12-31 00:00:00",
        "calendarYear": "1990",
        "period": "Q4",
        "revenue": 113500000,
        "costOfRevenue": 75500000,
        "grossProfit": 38000000,
        "grossProfitRatio": 0.3348017621,
        "researchAndDevelopmentExpenses": 0,
        "generalAndAdministrativeExpenses": 0,
        "sellingAndMarketingExpenses": 0,
        "sellingGeneralAndAdministrativeExpenses": 21700000,
        "otherExpenses": 4400000,
        "operatingExpenses": 26100000,
        "costAndExpenses": 101600000,
        "interestIncome": 0,
        "interestExpense": 0,
        "depreciationAndAmortization": 4400000,
        "ebitda": 16300000,
        "ebitdaratio": 0.1436123348,
        "operatingIncome": 11900000,
        "operatingIncomeRatio": 0.104845815,
        "totalOtherIncomeExpensesNet": -200000,
        "incomeBeforeTax": 11700000,
        "incomeBeforeTaxRatio": 0.1030837004,
        "incomeTaxExpense": 3700000,
        "netIncome": 8000000,
        "netIncomeRatio": 0.0704845815,
        "eps": 0.25,
        "epsdiluted": 0.25,
        "weightedAverageShsOut": 32608696,
        "weightedAverageShsOutDil": 32608696,
        "link": null,
        "finalLink": null
    },
    {
        "date": "1990-09-30",
        "symbol": "TFX",
        "reportedCurrency": "USD",
        "cik": "0000096943",
        "fillingDate": "1990-09-30",
        "acceptedDate": "1990-09-30 00:00:00",
        "calendarYear": "1990",
        "period": "Q3",
        "revenue": 102300000,
        "costOfRevenue": 65200000,
        "grossProfit": 37100000,
        "grossProfitRatio": 0.3626588465,
        "researchAndDevelopmentExpenses": 0,
        "generalAndAdministrativeExpenses": 0,
        "sellingAndMarketingExpenses": 0,
        "sellingGeneralAndAdministrativeExpenses": 21300000,
        "otherExpenses": 4200000,
        "operatingExpenses": 25500000,
        "costAndExpenses": 90700000,
        "interestIncome": 0,
        "interestExpense": 0,
        "depreciationAndAmortization": 4200000,
        "ebitda": 15800000,
        "ebitdaratio": 0.1544477028,
        "operatingIncome": 11600000,
        "operatingIncomeRatio": 0.1133919844,
        "totalOtherIncomeExpensesNet": -3000000,
        "incomeBeforeTax": 8600000,
        "incomeBeforeTaxRatio": 0.0840664712,
        "incomeTaxExpense": 2900000,
        "netIncome": 5700000,
        "netIncomeRatio": 0.0557184751,
        "eps": 0.18,
        "epsdiluted": 0.18,
        "weightedAverageShsOut": 31666667,
        "weightedAverageShsOutDil": 31666667,
        "link": null,
        "finalLink": null
    },
    {
        "date": "1990-06-30",
        "symbol": "TFX",
        "reportedCurrency": "USD",
        "cik": "0000096943",
        "fillingDate": "1990-06-30",
        "acceptedDate": "1990-06-30 00:00:00",
        "calendarYear": "1990",
        "period": "Q2",
        "revenue": 116100000,
        "costOfRevenue": 74300000,
        "grossProfit": 41800000,
        "grossProfitRatio": 0.3600344531,
        "researchAndDevelopmentExpenses": 0,
        "generalAndAdministrativeExpenses": 0,
        "sellingAndMarketingExpenses": 0,
        "sellingGeneralAndAdministrativeExpenses": 22500000,
        "otherExpenses": 4600000,
        "operatingExpenses": 27100000,
        "costAndExpenses": 101400000,
        "interestIncome": 0,
        "interestExpense": 0,
        "depreciationAndAmortization": 4600000,
        "ebitda": 19300000,
        "ebitdaratio": 0.1662360034,
        "operatingIncome": 14700000,
        "operatingIncomeRatio": 0.1266149871,
        "totalOtherIncomeExpensesNet": -3200000,
        "incomeBeforeTax": 11500000,
        "incomeBeforeTaxRatio": 0.0990525409,
        "incomeTaxExpense": 3900000,
        "netIncome": 7600000,
        "netIncomeRatio": 0.0654608096,
        "eps": 0.24,
        "epsdiluted": 0.24,
        "weightedAverageShsOut": 31666667,
        "weightedAverageShsOutDil": 31666667,
        "link": null,
        "finalLink": null
    },
    {
        "date": "1990-03-31",
        "symbol": "TFX",
        "reportedCurrency": "USD",
        "cik": "0000096943",
        "fillingDate": "1990-03-31",
        "acceptedDate": "1990-03-31 00:00:00",
        "calendarYear": "1990",
        "period": "Q1",
        "revenue": 109200000,
        "costOfRevenue": 71900000,
        "grossProfit": 37300000,
        "grossProfitRatio": 0.3415750916,
        "researchAndDevelopmentExpenses": 0,
        "generalAndAdministrativeExpenses": 0,
        "sellingAndMarketingExpenses": 0,
        "sellingGeneralAndAdministrativeExpenses": 19300000,
        "otherExpenses": 4000000,
        "operatingExpenses": 23300000,
        "costAndExpenses": 95200000,
        "interestIncome": 0,
        "interestExpense": 0,
        "depreciationAndAmortization": 4000000,
        "ebitda": 18000000,
        "ebitdaratio": 0.1648351648,
        "operatingIncome": 14000000,
        "operatingIncomeRatio": 0.1282051282,
        "totalOtherIncomeExpensesNet": -3000000,
        "incomeBeforeTax": 11000000,
        "incomeBeforeTaxRatio": 0.1007326007,
        "incomeTaxExpense": 3700000,
        "netIncome": 7300000,
        "netIncomeRatio": 0.0668498168,
        "eps": 0.22,
        "epsdiluted": 0.22,
        "weightedAverageShsOut": 33181818,
        "weightedAverageShsOutDil": 33181818,
        "link": null,
        "finalLink": null
    },
    {
        "date": "1989-12-31",
        "symbol": "TFX",
        "reportedCurrency": "USD",
        "cik": "0000096943",
        "fillingDate": "1989-12-31",
        "acceptedDate": "1989-12-30 19:00:00",
        "calendarYear": "1989",
        "period": "Q4",
        "revenue": 96300000,
        "costOfRevenue": 0,
        "grossProfit": 96300000,
        "grossProfitRatio": 1,
        "researchAndDevelopmentExpenses": 0,
        "generalAndAdministrativeExpenses": 0,
        "sellingAndMarketingExpenses": 0,
        "sellingGeneralAndAdministrativeExpenses": 0,
        "otherExpenses": -314000000,
        "operatingExpenses": -314000000,
        "costAndExpenses": -314000000,
        "interestIncome": 0,
        "interestExpense": 0,
        "depreciationAndAmortization": 0,
        "ebitda": -217700000,
        "ebitdaratio": -2.2606438214,
        "operatingIncome": -217700000,
        "operatingIncomeRatio": -2.2606438214,
        "totalOtherIncomeExpensesNet": 217700000,
        "incomeBeforeTax": 0,
        "incomeBeforeTaxRatio": 0,
        "incomeTaxExpense": 0,
        "netIncome": 7500000,
        "netIncomeRatio": 0.0778816199,
        "eps": 0.23,
        "epsdiluted": 0.23,
        "weightedAverageShsOut": 32408000,
        "weightedAverageShsOutDil": 33181818,
        "link": "",
        "finalLink": ""
    },
    {
        "date": "1989-09-30",
        "symbol": "TFX",
        "reportedCurrency": "USD",
        "cik": "0000096943",
        "fillingDate": "1989-09-30",
        "acceptedDate": "1989-09-29 20:00:00",
        "calendarYear": "1989",
        "period": "Q3",
        "revenue": 78400000,
        "costOfRevenue": 0,
        "grossProfit": 78400000,
        "grossProfitRatio": 1,
        "researchAndDevelopmentExpenses": 0,
        "generalAndAdministrativeExpenses": 0,
        "sellingAndMarketingExpenses": 0,
        "sellingGeneralAndAdministrativeExpenses": 0,
        "otherExpenses": 0,
        "operatingExpenses": 0,
        "costAndExpenses": 0,
        "interestIncome": 0,
        "interestExpense": 0,
        "depreciationAndAmortization": 0,
        "ebitda": 78400000,
        "ebitdaratio": 1,
        "operatingIncome": 78400000,
        "operatingIncomeRatio": 1,
        "totalOtherIncomeExpensesNet": -78400000,
        "incomeBeforeTax": 0,
        "incomeBeforeTaxRatio": 0,
        "incomeTaxExpense": 0,
        "netIncome": 5300000,
        "netIncomeRatio": 0.0676020408,
        "eps": 0.16,
        "epsdiluted": 0.16,
        "weightedAverageShsOut": 32294000,
        "weightedAverageShsOutDil": 32294000,
        "link": "",
        "finalLink": ""
    },
    {
        "date": "1989-06-30",
        "symbol": "TFX",
        "reportedCurrency": "USD",
        "cik": "0000096943",
        "fillingDate": "1989-06-30",
        "acceptedDate": "1989-06-29 20:00:00",
        "calendarYear": "1989",
        "period": "Q2",
        "revenue": 90600000,
        "costOfRevenue": 0,
        "grossProfit": 90600000,
        "grossProfitRatio": 1,
        "researchAndDevelopmentExpenses": 0,
        "generalAndAdministrativeExpenses": 0,
        "sellingAndMarketingExpenses": 0,
        "sellingGeneralAndAdministrativeExpenses": 0,
        "otherExpenses": 0,
        "operatingExpenses": 0,
        "costAndExpenses": 0,
        "interestIncome": 0,
        "interestExpense": 0,
        "depreciationAndAmortization": 0,
        "ebitda": 90600000,
        "ebitdaratio": 1,
        "operatingIncome": 90600000,
        "operatingIncomeRatio": 1,
        "totalOtherIncomeExpensesNet": -90600000,
        "incomeBeforeTax": 0,
        "incomeBeforeTaxRatio": 0,
        "incomeTaxExpense": 0,
        "netIncome": 7200000,
        "netIncomeRatio": 0.0794701987,
        "eps": 0.22,
        "epsdiluted": 0.22,
        "weightedAverageShsOut": 32086000,
        "weightedAverageShsOutDil": 32086000,
        "link": "",
        "finalLink": ""
    },
    {
        "date": "1989-03-31",
        "symbol": "TFX",
        "reportedCurrency": "USD",
        "cik": "0000096943",
        "fillingDate": "1989-03-31",
        "acceptedDate": "1989-03-30 19:00:00",
        "calendarYear": "1989",
        "period": "Q1",
        "revenue": 90400000,
        "costOfRevenue": 0,
        "grossProfit": 90400000,
        "grossProfitRatio": 1,
        "researchAndDevelopmentExpenses": 0,
        "generalAndAdministrativeExpenses": 0,
        "sellingAndMarketingExpenses": 0,
        "sellingGeneralAndAdministrativeExpenses": 0,
        "otherExpenses": 0,
        "operatingExpenses": 0,
        "costAndExpenses": 0,
        "interestIncome": 0,
        "interestExpense": 0,
        "depreciationAndAmortization": 0,
        "ebitda": 90400000,
        "ebitdaratio": 1,
        "operatingIncome": 90400000,
        "operatingIncomeRatio": 1,
        "totalOtherIncomeExpensesNet": -90400000,
        "incomeBeforeTax": 0,
        "incomeBeforeTaxRatio": 0,
        "incomeTaxExpense": 0,
        "netIncome": 6800000,
        "netIncomeRatio": 0.0752212389,
        "eps": 0.21,
        "epsdiluted": 0.21,
        "weightedAverageShsOut": 31940000,
        "weightedAverageShsOutDil": 31940000,
        "link": "",
        "finalLink": ""
    },
    {
        "date": "1988-12-31",
        "symbol": "TFX",
        "reportedCurrency": "USD",
        "cik": "0000096943",
        "fillingDate": "1988-12-31",
        "acceptedDate": "1988-12-30 19:00:00",
        "calendarYear": "1988",
        "period": "Q4",
        "revenue": 93100000,
        "costOfRevenue": 0,
        "grossProfit": 93100000,
        "grossProfitRatio": 1,
        "researchAndDevelopmentExpenses": 0,
        "generalAndAdministrativeExpenses": 0,
        "sellingAndMarketingExpenses": 0,
        "sellingGeneralAndAdministrativeExpenses": 0,
        "otherExpenses": -285600000,
        "operatingExpenses": -285600000,
        "costAndExpenses": -285600000,
        "interestIncome": 0,
        "interestExpense": 0,
        "depreciationAndAmortization": 0,
        "ebitda": -192500000,
        "ebitdaratio": -2.0676691729,
        "operatingIncome": -192500000,
        "operatingIncomeRatio": -2.0676691729,
        "totalOtherIncomeExpensesNet": 192500000,
        "incomeBeforeTax": 0,
        "incomeBeforeTaxRatio": 0,
        "incomeTaxExpense": 0,
        "netIncome": 7000000,
        "netIncomeRatio": 0.0751879699,
        "eps": 0.21,
        "epsdiluted": 0.21,
        "weightedAverageShsOut": 31940000,
        "weightedAverageShsOutDil": 31940000,
        "link": "",
        "finalLink": ""
    },
    {
        "date": "1988-09-30",
        "symbol": "TFX",
        "reportedCurrency": "USD",
        "cik": "0000096943",
        "fillingDate": "1988-09-30",
        "acceptedDate": "1988-09-29 20:00:00",
        "calendarYear": "1988",
        "period": "Q3",
        "revenue": 76000000,
        "costOfRevenue": 0,
        "grossProfit": 76000000,
        "grossProfitRatio": 1,
        "researchAndDevelopmentExpenses": 0,
        "generalAndAdministrativeExpenses": 0,
        "sellingAndMarketingExpenses": 0,
        "sellingGeneralAndAdministrativeExpenses": 0,
        "otherExpenses": 0,
        "operatingExpenses": 0,
        "costAndExpenses": 0,
        "interestIncome": 0,
        "interestExpense": 0,
        "depreciationAndAmortization": 0,
        "ebitda": 76000000,
        "ebitdaratio": 1,
        "operatingIncome": 76000000,
        "operatingIncomeRatio": 1,
        "totalOtherIncomeExpensesNet": -76000000,
        "incomeBeforeTax": 0,
        "incomeBeforeTaxRatio": 0,
        "incomeTaxExpense": 0,
        "netIncome": 5000000,
        "netIncomeRatio": 0.0657894737,
        "eps": 0.16,
        "epsdiluted": 0.16,
        "weightedAverageShsOut": 31866000,
        "weightedAverageShsOutDil": 31866000,
        "link": "",
        "finalLink": ""
    },
    {
        "date": "1988-06-30",
        "symbol": "TFX",
        "reportedCurrency": "USD",
        "cik": "0000096943",
        "fillingDate": "1988-06-30",
        "acceptedDate": "1988-06-29 20:00:00",
        "calendarYear": "1988",
        "period": "Q2",
        "revenue": 81500000,
        "costOfRevenue": 0,
        "grossProfit": 81500000,
        "grossProfitRatio": 1,
        "researchAndDevelopmentExpenses": 0,
        "generalAndAdministrativeExpenses": 0,
        "sellingAndMarketingExpenses": 0,
        "sellingGeneralAndAdministrativeExpenses": 0,
        "otherExpenses": 0,
        "operatingExpenses": 0,
        "costAndExpenses": 0,
        "interestIncome": 0,
        "interestExpense": 0,
        "depreciationAndAmortization": 0,
        "ebitda": 81500000,
        "ebitdaratio": 1,
        "operatingIncome": 81500000,
        "operatingIncomeRatio": 1,
        "totalOtherIncomeExpensesNet": -81500000,
        "incomeBeforeTax": 0,
        "incomeBeforeTaxRatio": 0,
        "incomeTaxExpense": 0,
        "netIncome": 6300000,
        "netIncomeRatio": 0.0773006135,
        "eps": 0.2,
        "epsdiluted": 0.2,
        "weightedAverageShsOut": 31866000,
        "weightedAverageShsOutDil": 31866000,
        "link": "",
        "finalLink": ""
    },
    {
        "date": "1988-03-31",
        "symbol": "TFX",
        "reportedCurrency": "USD",
        "cik": "0000096943",
        "fillingDate": "1988-03-31",
        "acceptedDate": "1988-03-30 19:00:00",
        "calendarYear": "1988",
        "period": "Q1",
        "revenue": 77500000,
        "costOfRevenue": 0,
        "grossProfit": 77500000,
        "grossProfitRatio": 1,
        "researchAndDevelopmentExpenses": 0,
        "generalAndAdministrativeExpenses": 0,
        "sellingAndMarketingExpenses": 0,
        "sellingGeneralAndAdministrativeExpenses": 0,
        "otherExpenses": 0,
        "operatingExpenses": 0,
        "costAndExpenses": 0,
        "interestIncome": 0,
        "interestExpense": 0,
        "depreciationAndAmortization": 0,
        "ebitda": 77500000,
        "ebitdaratio": 1,
        "operatingIncome": 77500000,
        "operatingIncomeRatio": 1,
        "totalOtherIncomeExpensesNet": -77500000,
        "incomeBeforeTax": 0,
        "incomeBeforeTaxRatio": 0,
        "incomeTaxExpense": 0,
        "netIncome": 5700000,
        "netIncomeRatio": 0.0735483871,
        "eps": 0.18,
        "epsdiluted": 0.18,
        "weightedAverageShsOut": 32470000,
        "weightedAverageShsOutDil": 32470000,
        "link": "",
        "finalLink": ""
    },
    {
        "date": "1987-12-31",
        "symbol": "TFX",
        "reportedCurrency": "USD",
        "cik": "0000096943",
        "fillingDate": "1987-12-31",
        "acceptedDate": "1987-12-30 19:00:00",
        "calendarYear": "1987",
        "period": "Q4",
        "revenue": 73800000,
        "costOfRevenue": 0,
        "grossProfit": 73800000,
        "grossProfitRatio": 1,
        "researchAndDevelopmentExpenses": 0,
        "generalAndAdministrativeExpenses": 0,
        "sellingAndMarketingExpenses": 0,
        "sellingGeneralAndAdministrativeExpenses": 0,
        "otherExpenses": -235200000,
        "operatingExpenses": -235200000,
        "costAndExpenses": -235200000,
        "interestIncome": 0,
        "interestExpense": 0,
        "depreciationAndAmortization": 0,
        "ebitda": -161400000,
        "ebitdaratio": -2.1869918699,
        "operatingIncome": -161400000,
        "operatingIncomeRatio": -2.1869918699,
        "totalOtherIncomeExpensesNet": 161400000,
        "incomeBeforeTax": 0,
        "incomeBeforeTaxRatio": 0,
        "incomeTaxExpense": 0,
        "netIncome": 5600000,
        "netIncomeRatio": 0.0758807588,
        "eps": 0.17,
        "epsdiluted": 0.17,
        "weightedAverageShsOut": 31866000,
        "weightedAverageShsOutDil": 32470000,
        "link": "",
        "finalLink": ""
    },
    {
        "date": "1987-09-30",
        "symbol": "TFX",
        "reportedCurrency": "USD",
        "cik": "0000096943",
        "fillingDate": "1987-09-30",
        "acceptedDate": "1987-09-29 20:00:00",
        "calendarYear": "1987",
        "period": "Q3",
        "revenue": 63700000,
        "costOfRevenue": 0,
        "grossProfit": 63700000,
        "grossProfitRatio": 1,
        "researchAndDevelopmentExpenses": 0,
        "generalAndAdministrativeExpenses": 0,
        "sellingAndMarketingExpenses": 0,
        "sellingGeneralAndAdministrativeExpenses": 0,
        "otherExpenses": 0,
        "operatingExpenses": 0,
        "costAndExpenses": 0,
        "interestIncome": 0,
        "interestExpense": 0,
        "depreciationAndAmortization": 0,
        "ebitda": 63700000,
        "ebitdaratio": 1,
        "operatingIncome": 63700000,
        "operatingIncomeRatio": 1,
        "totalOtherIncomeExpensesNet": -63700000,
        "incomeBeforeTax": 0,
        "incomeBeforeTaxRatio": 0,
        "incomeTaxExpense": 0,
        "netIncome": 4100000,
        "netIncomeRatio": 0.0643642072,
        "eps": 0.13,
        "epsdiluted": 0.13,
        "weightedAverageShsOut": 32342000,
        "weightedAverageShsOutDil": 32342000,
        "link": "",
        "finalLink": ""
    },
    {
        "date": "1987-06-30",
        "symbol": "TFX",
        "reportedCurrency": "USD",
        "cik": "0000096943",
        "fillingDate": "1987-06-30",
        "acceptedDate": "1987-06-29 20:00:00",
        "calendarYear": "1987",
        "period": "Q2",
        "revenue": 66600000,
        "costOfRevenue": 0,
        "grossProfit": 66600000,
        "grossProfitRatio": 1,
        "researchAndDevelopmentExpenses": 0,
        "generalAndAdministrativeExpenses": 0,
        "sellingAndMarketingExpenses": 0,
        "sellingGeneralAndAdministrativeExpenses": 0,
        "otherExpenses": 0,
        "operatingExpenses": 0,
        "costAndExpenses": 0,
        "interestIncome": 0,
        "interestExpense": 0,
        "depreciationAndAmortization": 0,
        "ebitda": 66600000,
        "ebitdaratio": 1,
        "operatingIncome": 66600000,
        "operatingIncomeRatio": 1,
        "totalOtherIncomeExpensesNet": -66600000,
        "incomeBeforeTax": 0,
        "incomeBeforeTaxRatio": 0,
        "incomeTaxExpense": 0,
        "netIncome": 5300000,
        "netIncomeRatio": 0.0795795796,
        "eps": 0.16,
        "epsdiluted": 0.16,
        "weightedAverageShsOut": 32174000,
        "weightedAverageShsOutDil": 32174000,
        "link": "",
        "finalLink": ""
    },
    {
        "date": "1987-03-31",
        "symbol": "TFX",
        "reportedCurrency": "USD",
        "cik": "0000096943",
        "fillingDate": "1987-03-31",
        "acceptedDate": "1987-03-30 19:00:00",
        "calendarYear": "1987",
        "period": "Q1",
        "revenue": 65800000,
        "costOfRevenue": 0,
        "grossProfit": 65800000,
        "grossProfitRatio": 1,
        "researchAndDevelopmentExpenses": 0,
        "generalAndAdministrativeExpenses": 0,
        "sellingAndMarketingExpenses": 0,
        "sellingGeneralAndAdministrativeExpenses": 0,
        "otherExpenses": 0,
        "operatingExpenses": 0,
        "costAndExpenses": 0,
        "interestIncome": 0,
        "interestExpense": 0,
        "depreciationAndAmortization": 0,
        "ebitda": 65800000,
        "ebitdaratio": 1,
        "operatingIncome": 65800000,
        "operatingIncomeRatio": 1,
        "totalOtherIncomeExpensesNet": -65800000,
        "incomeBeforeTax": 0,
        "incomeBeforeTaxRatio": 0,
        "incomeTaxExpense": 0,
        "netIncome": 4700000,
        "netIncomeRatio": 0.0714285714,
        "eps": 0.14,
        "epsdiluted": 0.14,
        "weightedAverageShsOut": 31992000,
        "weightedAverageShsOutDil": 31992000,
        "link": "",
        "finalLink": ""
    },
    {
        "date": "1986-12-31",
        "symbol": "TFX",
        "reportedCurrency": "USD",
        "cik": "0000096943",
        "fillingDate": "1986-12-31",
        "acceptedDate": "1986-12-30 19:00:00",
        "calendarYear": "1986",
        "period": "Q4",
        "revenue": 57200000,
        "costOfRevenue": 0,
        "grossProfit": 57200000,
        "grossProfitRatio": 1,
        "researchAndDevelopmentExpenses": 0,
        "generalAndAdministrativeExpenses": 0,
        "sellingAndMarketingExpenses": 0,
        "sellingGeneralAndAdministrativeExpenses": 0,
        "otherExpenses": -187500000,
        "operatingExpenses": -187500000,
        "costAndExpenses": -187500000,
        "interestIncome": 0,
        "interestExpense": 0,
        "depreciationAndAmortization": 0,
        "ebitda": -130300000,
        "ebitdaratio": -2.277972028,
        "operatingIncome": -130300000,
        "operatingIncomeRatio": -2.277972028,
        "totalOtherIncomeExpensesNet": 130300000,
        "incomeBeforeTax": 0,
        "incomeBeforeTaxRatio": 0,
        "incomeTaxExpense": 0,
        "netIncome": 4600000,
        "netIncomeRatio": 0.0804195804,
        "eps": 0.14,
        "epsdiluted": 0.14,
        "weightedAverageShsOut": 31992000,
        "weightedAverageShsOutDil": 31992000,
        "link": "",
        "finalLink": ""
    },
    {
        "date": "1986-09-30",
        "symbol": "TFX",
        "reportedCurrency": "USD",
        "cik": "0000096943",
        "fillingDate": "1986-09-30",
        "acceptedDate": "1986-09-29 20:00:00",
        "calendarYear": "1986",
        "period": "Q3",
        "revenue": 54000000,
        "costOfRevenue": 0,
        "grossProfit": 54000000,
        "grossProfitRatio": 1,
        "researchAndDevelopmentExpenses": 0,
        "generalAndAdministrativeExpenses": 0,
        "sellingAndMarketingExpenses": 0,
        "sellingGeneralAndAdministrativeExpenses": 0,
        "otherExpenses": 0,
        "operatingExpenses": 0,
        "costAndExpenses": 0,
        "interestIncome": 0,
        "interestExpense": 0,
        "depreciationAndAmortization": 0,
        "ebitda": 54000000,
        "ebitdaratio": 1,
        "operatingIncome": 54000000,
        "operatingIncomeRatio": 1,
        "totalOtherIncomeExpensesNet": -54000000,
        "incomeBeforeTax": 0,
        "incomeBeforeTaxRatio": 0,
        "incomeTaxExpense": 0,
        "netIncome": 3400000,
        "netIncomeRatio": 0.062962963,
        "eps": 0.11,
        "epsdiluted": 0.11,
        "weightedAverageShsOut": 31674000,
        "weightedAverageShsOutDil": 31674000,
        "link": "",
        "finalLink": ""
    },
    {
        "date": "1986-06-30",
        "symbol": "TFX",
        "reportedCurrency": "USD",
        "cik": "0000096943",
        "fillingDate": "1986-06-30",
        "acceptedDate": "1986-06-29 20:00:00",
        "calendarYear": "1986",
        "period": "Q2",
        "revenue": 54100000,
        "costOfRevenue": 0,
        "grossProfit": 54100000,
        "grossProfitRatio": 1,
        "researchAndDevelopmentExpenses": 0,
        "generalAndAdministrativeExpenses": 0,
        "sellingAndMarketingExpenses": 0,
        "sellingGeneralAndAdministrativeExpenses": 0,
        "otherExpenses": 0,
        "operatingExpenses": 0,
        "costAndExpenses": 0,
        "interestIncome": 0,
        "interestExpense": 0,
        "depreciationAndAmortization": 0,
        "ebitda": 54100000,
        "ebitdaratio": 1,
        "operatingIncome": 54100000,
        "operatingIncomeRatio": 1,
        "totalOtherIncomeExpensesNet": -54100000,
        "incomeBeforeTax": 0,
        "incomeBeforeTaxRatio": 0,
        "incomeTaxExpense": 0,
        "netIncome": 4600000,
        "netIncomeRatio": 0.0850277264,
        "eps": 0.14,
        "epsdiluted": 0.14,
        "weightedAverageShsOut": 31562000,
        "weightedAverageShsOutDil": 31562000,
        "link": "",
        "finalLink": ""
    },
    {
        "date": "1986-03-31",
        "symbol": "TFX",
        "reportedCurrency": "USD",
        "cik": "0000096943",
        "fillingDate": "1986-03-31",
        "acceptedDate": "1986-03-30 19:00:00",
        "calendarYear": "1986",
        "period": "Q1",
        "revenue": 48900000,
        "costOfRevenue": 0,
        "grossProfit": 48900000,
        "grossProfitRatio": 1,
        "researchAndDevelopmentExpenses": 0,
        "generalAndAdministrativeExpenses": 0,
        "sellingAndMarketingExpenses": 0,
        "sellingGeneralAndAdministrativeExpenses": 0,
        "otherExpenses": 0,
        "operatingExpenses": 0,
        "costAndExpenses": 0,
        "interestIncome": 0,
        "interestExpense": 0,
        "depreciationAndAmortization": 0,
        "ebitda": 48900000,
        "ebitdaratio": 1,
        "operatingIncome": 48900000,
        "operatingIncomeRatio": 1,
        "totalOtherIncomeExpensesNet": -48900000,
        "incomeBeforeTax": 0,
        "incomeBeforeTaxRatio": 0,
        "incomeTaxExpense": 0,
        "netIncome": 3800000,
        "netIncomeRatio": 0.0777096115,
        "eps": 0.12,
        "epsdiluted": 0.12,
        "weightedAverageShsOut": 31400000,
        "weightedAverageShsOutDil": 31400000,
        "link": "",
        "finalLink": ""
    },
    {
        "date": "1985-12-31",
        "symbol": "TFX",
        "reportedCurrency": "USD",
        "cik": "0000096943",
        "fillingDate": "1985-12-31",
        "acceptedDate": "1985-12-30 19:00:00",
        "calendarYear": "1985",
        "period": "Q4",
        "revenue": 45300000,
        "costOfRevenue": 0,
        "grossProfit": 45300000,
        "grossProfitRatio": 1,
        "researchAndDevelopmentExpenses": 0,
        "generalAndAdministrativeExpenses": 0,
        "sellingAndMarketingExpenses": 0,
        "sellingGeneralAndAdministrativeExpenses": 0,
        "otherExpenses": -151200000,
        "operatingExpenses": -151200000,
        "costAndExpenses": -151200000,
        "interestIncome": 0,
        "interestExpense": 0,
        "depreciationAndAmortization": 0,
        "ebitda": -105900000,
        "ebitdaratio": -2.3377483444,
        "operatingIncome": -105900000,
        "operatingIncomeRatio": -2.3377483444,
        "totalOtherIncomeExpensesNet": 105900000,
        "incomeBeforeTax": 0,
        "incomeBeforeTaxRatio": 0,
        "incomeTaxExpense": 0,
        "netIncome": 3700000,
        "netIncomeRatio": 0.0816777042,
        "eps": 0.11,
        "epsdiluted": 0.11,
        "weightedAverageShsOut": 31400000,
        "weightedAverageShsOutDil": 31400000,
        "link": "",
        "finalLink": ""
    },
    {
        "date": "1985-09-30",
        "symbol": "TFX",
        "reportedCurrency": "USD",
        "cik": "0000096943",
        "fillingDate": "1985-09-30",
        "acceptedDate": "1985-09-29 20:00:00",
        "calendarYear": "1985",
        "period": "Q3",
        "revenue": 39500000,
        "costOfRevenue": 0,
        "grossProfit": 39500000,
        "grossProfitRatio": 1,
        "researchAndDevelopmentExpenses": 0,
        "generalAndAdministrativeExpenses": 0,
        "sellingAndMarketingExpenses": 0,
        "sellingGeneralAndAdministrativeExpenses": 0,
        "otherExpenses": 0,
        "operatingExpenses": 0,
        "costAndExpenses": 0,
        "interestIncome": 0,
        "interestExpense": 0,
        "depreciationAndAmortization": 0,
        "ebitda": 39500000,
        "ebitdaratio": 1,
        "operatingIncome": 39500000,
        "operatingIncomeRatio": 1,
        "totalOtherIncomeExpensesNet": -39500000,
        "incomeBeforeTax": 0,
        "incomeBeforeTaxRatio": 0,
        "incomeTaxExpense": 0,
        "netIncome": 2900000,
        "netIncomeRatio": 0.0734177215,
        "eps": 0.1,
        "epsdiluted": 0.1,
        "weightedAverageShsOut": 31370000,
        "weightedAverageShsOutDil": 31370000,
        "link": "",
        "finalLink": ""
    }
]