[
    {
        "date": "2025-06-30",
        "symbol": "TRIP",
        "reportedCurrency": "USD",
        "cik": "0001526520",
        "fillingDate": "2025-08-07",
        "acceptedDate": "2025-08-07 16:07:22",
        "calendarYear": "2025",
        "period": "Q2",
        "revenue": 529000000,
        "costOfRevenue": 42000000,
        "grossProfit": 487000000,
        "grossProfitRatio": 0.9206049149,
        "researchAndDevelopmentExpenses": 25000000,
        "generalAndAdministrativeExpenses": 162000000,
        "sellingAndMarketingExpenses": 218000000,
        "sellingGeneralAndAdministrativeExpenses": 380000000,
        "otherExpenses": 23000000,
        "operatingExpenses": 428000000,
        "costAndExpenses": 470000000,
        "interestIncome": 10000000,
        "interestExpense": 17000000,
        "depreciationAndAmortization": 23000000,
        "ebitda": 87000000,
        "ebitdaratio": 0.1644612476,
        "operatingIncome": 59000000,
        "operatingIncomeRatio": 0.1115311909,
        "totalOtherIncomeExpensesNet": -12000000,
        "incomeBeforeTax": 47000000,
        "incomeBeforeTaxRatio": 0.0888468809,
        "incomeTaxExpense": 11000000,
        "netIncome": 36000000,
        "netIncomeRatio": 0.0680529301,
        "eps": 0.29,
        "epsdiluted": 0.28,
        "weightedAverageShsOut": 125000000,
        "weightedAverageShsOutDil": 130000000,
        "link": "https://www.sec.gov/Archives/edgar/data/1526520/000095017025104993/0000950170-25-104993-index.htm",
        "finalLink": "https://www.sec.gov/Archives/edgar/data/1526520/000095017025104993/trip-20250630.htm"
    },
    {
        "date": "2025-03-31",
        "symbol": "TRIP",
        "reportedCurrency": "USD",
        "cik": "0001526520",
        "fillingDate": "2025-05-07",
        "acceptedDate": "2025-05-07 07:05:28",
        "calendarYear": "2025",
        "period": "Q1",
        "revenue": 398000000,
        "costOfRevenue": 27000000,
        "grossProfit": 371000000,
        "grossProfitRatio": 0.932160804,
        "researchAndDevelopmentExpenses": 22000000,
        "generalAndAdministrativeExpenses": 161000000,
        "sellingAndMarketingExpenses": 172000000,
        "sellingGeneralAndAdministrativeExpenses": 333000000,
        "otherExpenses": 31000000,
        "operatingExpenses": 386000000,
        "costAndExpenses": 413000000,
        "interestIncome": 10000000,
        "interestExpense": 12000000,
        "depreciationAndAmortization": 21000000,
        "ebitda": 13000000,
        "ebitdaratio": 0.0326633166,
        "operatingIncome": -15000000,
        "operatingIncomeRatio": -0.0376884422,
        "totalOtherIncomeExpensesNet": -5000000,
        "incomeBeforeTax": -20000000,
        "incomeBeforeTaxRatio": -0.0502512563,
        "incomeTaxExpense": -9000000,
        "netIncome": -11000000,
        "netIncomeRatio": -0.027638191,
        "eps": -0.078,
        "epsdiluted": -0.078,
        "weightedAverageShsOut": 141000000,
        "weightedAverageShsOutDil": 141000000,
        "link": "https://www.sec.gov/Archives/edgar/data/1526520/000095017025064982/0000950170-25-064982-index.htm",
        "finalLink": "https://www.sec.gov/Archives/edgar/data/1526520/000095017025064982/trip-20250331.htm"
    },
    {
        "date": "2024-12-31",
        "symbol": "TRIP",
        "reportedCurrency": "USD",
        "cik": "0001526520",
        "fillingDate": "2025-02-20",
        "acceptedDate": "2025-02-20 07:05:34",
        "calendarYear": "2024",
        "period": "Q4",
        "revenue": 411000000,
        "costOfRevenue": -40000000,
        "grossProfit": 451000000,
        "grossProfitRatio": 1.097323601,
        "researchAndDevelopmentExpenses": 224000000,
        "generalAndAdministrativeExpenses": 169000000,
        "sellingAndMarketingExpenses": 136000000,
        "sellingGeneralAndAdministrativeExpenses": 305000000,
        "otherExpenses": -76000000,
        "operatingExpenses": 453000000,
        "costAndExpenses": 413000000,
        "interestIncome": 10000000,
        "interestExpense": 11000000,
        "depreciationAndAmortization": 22000000,
        "ebitda": 32000000,
        "ebitdaratio": 0.0778588808,
        "operatingIncome": -2000000,
        "operatingIncomeRatio": -0.00486618,
        "totalOtherIncomeExpensesNet": 0,
        "incomeBeforeTax": -1000000,
        "incomeBeforeTaxRatio": -0.00243309,
        "incomeTaxExpense": -2000000,
        "netIncome": 1000000,
        "netIncomeRatio": 0.00243309,
        "eps": 0.0071,
        "epsdiluted": 0.0069,
        "weightedAverageShsOut": 140000000,
        "weightedAverageShsOutDil": 145000000,
        "link": "https://www.sec.gov/Archives/edgar/data/1526520/000095017025023736/0000950170-25-023736-index.htm",
        "finalLink": "https://www.sec.gov/Archives/edgar/data/1526520/000095017025023736/trip-20241231.htm"
    },
    {
        "date": "2024-09-30",
        "symbol": "TRIP",
        "reportedCurrency": "USD",
        "cik": "0001526520",
        "fillingDate": "2024-11-06",
        "acceptedDate": "2024-11-06 16:05:32",
        "calendarYear": "2024",
        "period": "Q3",
        "revenue": 532000000,
        "costOfRevenue": 47000000,
        "grossProfit": 485000000,
        "grossProfitRatio": 0.9116541353,
        "researchAndDevelopmentExpenses": 73000000,
        "generalAndAdministrativeExpenses": 51000000,
        "sellingAndMarketingExpenses": 271000000,
        "sellingGeneralAndAdministrativeExpenses": 322000000,
        "otherExpenses": 20000000,
        "operatingExpenses": 415000000,
        "costAndExpenses": 462000000,
        "interestIncome": 13000000,
        "interestExpense": 13000000,
        "depreciationAndAmortization": 21000000,
        "ebitda": 100000000,
        "ebitdaratio": 0.1879699248,
        "operatingIncome": 70000000,
        "operatingIncomeRatio": 0.1315789474,
        "totalOtherIncomeExpensesNet": -4000000,
        "incomeBeforeTax": 66000000,
        "incomeBeforeTaxRatio": 0.1240601504,
        "incomeTaxExpense": 27000000,
        "netIncome": 39000000,
        "netIncomeRatio": 0.0733082707,
        "eps": 0.28,
        "epsdiluted": 0.27,
        "weightedAverageShsOut": 139000000,
        "weightedAverageShsOutDil": 144000000,
        "link": "https://www.sec.gov/Archives/edgar/data/1526520/000095017024122267/0000950170-24-122267-index.htm",
        "finalLink": "https://www.sec.gov/Archives/edgar/data/1526520/000095017024122267/trip-20240930.htm"
    },
    {
        "date": "2024-06-30",
        "symbol": "TRIP",
        "reportedCurrency": "USD",
        "cik": "0001526520",
        "fillingDate": "2024-08-06",
        "acceptedDate": "2024-08-06 16:05:34",
        "calendarYear": "2024",
        "period": "Q2",
        "revenue": 497000000,
        "costOfRevenue": 67000000,
        "grossProfit": 430000000,
        "grossProfitRatio": 0.8651911469,
        "researchAndDevelopmentExpenses": 75000000,
        "generalAndAdministrativeExpenses": 56000000,
        "sellingAndMarketingExpenses": 263000000,
        "sellingGeneralAndAdministrativeExpenses": 319000000,
        "otherExpenses": -2000000,
        "operatingExpenses": 392000000,
        "costAndExpenses": 459000000,
        "interestIncome": 13000000,
        "interestExpense": 11000000,
        "depreciationAndAmortization": 21000000,
        "ebitda": 70000000,
        "ebitdaratio": 0.1408450704,
        "operatingIncome": 36000000,
        "operatingIncomeRatio": 0.0724346076,
        "totalOtherIncomeExpensesNet": 2000000,
        "incomeBeforeTax": 38000000,
        "incomeBeforeTaxRatio": 0.0764587525,
        "incomeTaxExpense": 14000000,
        "netIncome": 24000000,
        "netIncomeRatio": 0.0482897384,
        "eps": 0.17,
        "epsdiluted": 0.17,
        "weightedAverageShsOut": 139234000,
        "weightedAverageShsOutDil": 145218000,
        "link": "https://www.sec.gov/Archives/edgar/data/1526520/000095017024091768/0000950170-24-091768-index.htm",
        "finalLink": "https://www.sec.gov/Archives/edgar/data/1526520/000095017024091768/trip-20240630.htm"
    },
    {
        "date": "2024-03-31",
        "symbol": "TRIP",
        "reportedCurrency": "USD",
        "cik": "0001526520",
        "fillingDate": "2024-05-08",
        "acceptedDate": "2024-05-08 07:00:39",
        "calendarYear": "2024",
        "period": "Q1",
        "revenue": 395000000,
        "costOfRevenue": 57000000,
        "grossProfit": 338000000,
        "grossProfitRatio": 0.8556962025,
        "researchAndDevelopmentExpenses": 76000000,
        "generalAndAdministrativeExpenses": 19000000,
        "sellingAndMarketingExpenses": 162000000,
        "sellingGeneralAndAdministrativeExpenses": 181000000,
        "otherExpenses": 95000000,
        "operatingExpenses": 352000000,
        "costAndExpenses": 409000000,
        "interestIncome": 13000000,
        "interestExpense": 11000000,
        "depreciationAndAmortization": 22000000,
        "ebitda": 17000000,
        "ebitdaratio": 0.0430379747,
        "operatingIncome": -14000000,
        "operatingIncomeRatio": -0.035443038,
        "totalOtherIncomeExpensesNet": -2000000,
        "incomeBeforeTax": -16000000,
        "incomeBeforeTaxRatio": -0.0405063291,
        "incomeTaxExpense": 43000000,
        "netIncome": -59000000,
        "netIncomeRatio": -0.1493670886,
        "eps": -0.43,
        "epsdiluted": -0.43,
        "weightedAverageShsOut": 138438000,
        "weightedAverageShsOutDil": 138438000,
        "link": "https://www.sec.gov/Archives/edgar/data/1526520/000095017024055051/0000950170-24-055051-index.htm",
        "finalLink": "https://www.sec.gov/Archives/edgar/data/1526520/000095017024055051/trip-20240331.htm"
    },
    {
        "date": "2023-12-31",
        "symbol": "TRIP",
        "reportedCurrency": "USD",
        "cik": "0001526520",
        "fillingDate": "2024-02-16",
        "acceptedDate": "2024-02-16 17:20:43",
        "calendarYear": "2023",
        "period": "Q4",
        "revenue": 390000000,
        "costOfRevenue": 61000000,
        "grossProfit": 329000000,
        "grossProfitRatio": 0.8435897436,
        "researchAndDevelopmentExpenses": 68000000,
        "generalAndAdministrativeExpenses": 95000000,
        "sellingAndMarketingExpenses": 131000000,
        "sellingGeneralAndAdministrativeExpenses": 226000000,
        "otherExpenses": 0,
        "operatingExpenses": 294000000,
        "costAndExpenses": 355000000,
        "interestIncome": 12000000,
        "interestExpense": 11000000,
        "depreciationAndAmortization": 25000000,
        "ebitda": 68000000,
        "ebitdaratio": 0.1743589744,
        "operatingIncome": 35000000,
        "operatingIncomeRatio": 0.0897435897,
        "totalOtherIncomeExpensesNet": -3000000,
        "incomeBeforeTax": 32000000,
        "incomeBeforeTaxRatio": 0.0820512821,
        "incomeTaxExpense": 0,
        "netIncome": 32000000,
        "netIncomeRatio": 0.0820512821,
        "eps": 0.23,
        "epsdiluted": 0.22,
        "weightedAverageShsOut": 138000000,
        "weightedAverageShsOutDil": 143000000,
        "link": "https://www.sec.gov/Archives/edgar/data/1526520/000095017024016553/0000950170-24-016553-index.htm",
        "finalLink": "https://www.sec.gov/Archives/edgar/data/1526520/000095017024016553/trip-20231231.htm"
    },
    {
        "date": "2023-09-30",
        "symbol": "TRIP",
        "reportedCurrency": "USD",
        "cik": "0001526520",
        "fillingDate": "2023-11-06",
        "acceptedDate": "2023-11-06 16:06:04",
        "calendarYear": "2023",
        "period": "Q3",
        "revenue": 533000000,
        "costOfRevenue": 43000000,
        "grossProfit": 490000000,
        "grossProfitRatio": 0.9193245779,
        "researchAndDevelopmentExpenses": 66000000,
        "generalAndAdministrativeExpenses": 49000000,
        "sellingAndMarketingExpenses": 272000000,
        "sellingGeneralAndAdministrativeExpenses": 321000000,
        "otherExpenses": 39000000,
        "operatingExpenses": 426000000,
        "costAndExpenses": 469000000,
        "interestIncome": 13000000,
        "interestExpense": 11000000,
        "depreciationAndAmortization": 21000000,
        "ebitda": 103000000,
        "ebitdaratio": 0.1932457786,
        "operatingIncome": 64000000,
        "operatingIncomeRatio": 0.1200750469,
        "totalOtherIncomeExpensesNet": 0,
        "incomeBeforeTax": 64000000,
        "incomeBeforeTaxRatio": 0.1200750469,
        "incomeTaxExpense": 37000000,
        "netIncome": 27000000,
        "netIncomeRatio": 0.0506566604,
        "eps": 0.2,
        "epsdiluted": 0.19,
        "weightedAverageShsOut": 138190000,
        "weightedAverageShsOutDil": 143286000,
        "link": "https://www.sec.gov/Archives/edgar/data/1526520/000095017023059380/0000950170-23-059380-index.htm",
        "finalLink": "https://www.sec.gov/Archives/edgar/data/1526520/000095017023059380/trip-20230930.htm"
    },
    {
        "date": "2023-06-30",
        "symbol": "TRIP",
        "reportedCurrency": "USD",
        "cik": "0001526520",
        "fillingDate": "2023-08-02",
        "acceptedDate": "2023-08-02 16:07:28",
        "calendarYear": "2023",
        "period": "Q2",
        "revenue": 494000000,
        "costOfRevenue": 41000000,
        "grossProfit": 453000000,
        "grossProfitRatio": 0.9170040486,
        "researchAndDevelopmentExpenses": 71000000,
        "generalAndAdministrativeExpenses": 105000000,
        "sellingAndMarketingExpenses": 212000000,
        "sellingGeneralAndAdministrativeExpenses": 317000000,
        "otherExpenses": -1000000,
        "operatingExpenses": 409000000,
        "costAndExpenses": 450000000,
        "interestIncome": 12000000,
        "interestExpense": 11000000,
        "depreciationAndAmortization": 21000000,
        "ebitda": 76000000,
        "ebitdaratio": 0.1538461538,
        "operatingIncome": 44000000,
        "operatingIncomeRatio": 0.0890688259,
        "totalOtherIncomeExpensesNet": 0,
        "incomeBeforeTax": 44000000,
        "incomeBeforeTaxRatio": 0.0890688259,
        "incomeTaxExpense": 20000000,
        "netIncome": 24000000,
        "netIncomeRatio": 0.048582996,
        "eps": 0.17,
        "epsdiluted": 0.17,
        "weightedAverageShsOut": 139881000,
        "weightedAverageShsOutDil": 145115000,
        "link": "https://www.sec.gov/Archives/edgar/data/1526520/000095017023037142/0000950170-23-037142-index.htm",
        "finalLink": "https://www.sec.gov/Archives/edgar/data/1526520/000095017023037142/trip-20230630.htm"
    },
    {
        "date": "2023-03-31",
        "symbol": "TRIP",
        "reportedCurrency": "USD",
        "cik": "0001526520",
        "fillingDate": "2023-05-03",
        "acceptedDate": "2023-05-03 16:08:27",
        "calendarYear": "2023",
        "period": "Q1",
        "revenue": 371000000,
        "costOfRevenue": 29000000,
        "grossProfit": 342000000,
        "grossProfitRatio": 0.9218328841,
        "researchAndDevelopmentExpenses": 68000000,
        "generalAndAdministrativeExpenses": 48000000,
        "sellingAndMarketingExpenses": 219000000,
        "sellingGeneralAndAdministrativeExpenses": 267000000,
        "otherExpenses": 21000000,
        "operatingExpenses": 356000000,
        "costAndExpenses": 385000000,
        "interestIncome": 11000000,
        "interestExpense": 11000000,
        "depreciationAndAmortization": 21000000,
        "ebitda": 17000000,
        "ebitdaratio": 0.0458221024,
        "operatingIncome": -4000000,
        "operatingIncomeRatio": -0.0107816712,
        "totalOtherIncomeExpensesNet": -1000000,
        "incomeBeforeTax": -15000000,
        "incomeBeforeTaxRatio": -0.0404312668,
        "incomeTaxExpense": 58000000,
        "netIncome": -73000000,
        "netIncomeRatio": -0.1967654987,
        "eps": -0.52,
        "epsdiluted": -0.52,
        "weightedAverageShsOut": 141451000,
        "weightedAverageShsOutDil": 141451000,
        "link": "https://www.sec.gov/Archives/edgar/data/1526520/000095017023017169/0000950170-23-017169-index.htm",
        "finalLink": "https://www.sec.gov/Archives/edgar/data/1526520/000095017023017169/trip-20230331.htm"
    },
    {
        "date": "2022-12-31",
        "symbol": "TRIP",
        "reportedCurrency": "USD",
        "cik": "0001526520",
        "fillingDate": "2023-02-17",
        "acceptedDate": "2023-02-17 16:03:15",
        "calendarYear": "2022",
        "period": "Q4",
        "revenue": 354000000,
        "costOfRevenue": 30000000,
        "grossProfit": 324000000,
        "grossProfitRatio": 0.9152542373,
        "researchAndDevelopmentExpenses": 60000000,
        "generalAndAdministrativeExpenses": 58000000,
        "sellingAndMarketingExpenses": 194000000,
        "sellingGeneralAndAdministrativeExpenses": 252000000,
        "otherExpenses": 25000000,
        "operatingExpenses": 337000000,
        "costAndExpenses": 367000000,
        "interestIncome": 8000000,
        "interestExpense": 11000000,
        "depreciationAndAmortization": 25000000,
        "ebitda": 19000000,
        "ebitdaratio": 0.0536723164,
        "operatingIncome": -6000000,
        "operatingIncomeRatio": -0.0169491525,
        "totalOtherIncomeExpensesNet": -4000000,
        "incomeBeforeTax": -16000000,
        "incomeBeforeTaxRatio": -0.0451977401,
        "incomeTaxExpense": -13000000,
        "netIncome": -3000000,
        "netIncomeRatio": -0.0084745763,
        "eps": -0.0213,
        "epsdiluted": -0.0213,
        "weightedAverageShsOut": 141000000,
        "weightedAverageShsOutDil": 141000000,
        "link": "https://www.sec.gov/Archives/edgar/data/1526520/000095017023003200/0000950170-23-003200-index.htm",
        "finalLink": "https://www.sec.gov/Archives/edgar/data/1526520/000095017023003200/trip-20221231.htm"
    },
    {
        "date": "2022-09-30",
        "symbol": "TRIP",
        "reportedCurrency": "USD",
        "cik": "0001526520",
        "fillingDate": "2022-11-07",
        "acceptedDate": "2022-11-07 16:06:59",
        "calendarYear": "2022",
        "period": "Q3",
        "revenue": 459000000,
        "costOfRevenue": 32000000,
        "grossProfit": 427000000,
        "grossProfitRatio": 0.9302832244,
        "researchAndDevelopmentExpenses": 55000000,
        "generalAndAdministrativeExpenses": 100000000,
        "sellingAndMarketingExpenses": 234000000,
        "sellingGeneralAndAdministrativeExpenses": 334000000,
        "otherExpenses": -32000000,
        "operatingExpenses": 357000000,
        "costAndExpenses": 389000000,
        "interestIncome": 4000000,
        "interestExpense": 11000000,
        "depreciationAndAmortization": 23000000,
        "ebitda": 96000000,
        "ebitdaratio": 0.2091503268,
        "operatingIncome": 70000000,
        "operatingIncomeRatio": 0.1525054466,
        "totalOtherIncomeExpensesNet": -8000000,
        "incomeBeforeTax": 62000000,
        "incomeBeforeTaxRatio": 0.1350762527,
        "incomeTaxExpense": 37000000,
        "netIncome": 25000000,
        "netIncomeRatio": 0.0544662309,
        "eps": 0.18,
        "epsdiluted": 0.17,
        "weightedAverageShsOut": 140000000,
        "weightedAverageShsOutDil": 146000000,
        "link": "https://www.sec.gov/Archives/edgar/data/1526520/000095017022022591/0000950170-22-022591-index.htm",
        "finalLink": "https://www.sec.gov/Archives/edgar/data/1526520/000095017022022591/trip-20220930.htm"
    },
    {
        "date": "2022-06-30",
        "symbol": "TRIP",
        "reportedCurrency": "USD",
        "cik": "0001526520",
        "fillingDate": "2022-08-04",
        "acceptedDate": "2022-08-04 16:20:45",
        "calendarYear": "2022",
        "period": "Q2",
        "revenue": 417000000,
        "costOfRevenue": 31000000,
        "grossProfit": 386000000,
        "grossProfitRatio": 0.9256594724,
        "researchAndDevelopmentExpenses": 53000000,
        "generalAndAdministrativeExpenses": 74000000,
        "sellingAndMarketingExpenses": 171000000,
        "sellingGeneralAndAdministrativeExpenses": 245000000,
        "otherExpenses": -1000000,
        "operatingExpenses": 323000000,
        "costAndExpenses": 354000000,
        "interestIncome": 2000000,
        "interestExpense": 11000000,
        "depreciationAndAmortization": 25000000,
        "ebitda": 89000000,
        "ebitdaratio": 0.2134292566,
        "operatingIncome": 63000000,
        "operatingIncomeRatio": 0.1510791367,
        "totalOtherIncomeExpensesNet": -10000000,
        "incomeBeforeTax": 53000000,
        "incomeBeforeTaxRatio": 0.1270983213,
        "incomeTaxExpense": 22000000,
        "netIncome": 31000000,
        "netIncomeRatio": 0.0743405276,
        "eps": 0.22,
        "epsdiluted": 0.21,
        "weightedAverageShsOut": 139692000,
        "weightedAverageShsOutDil": 145496000,
        "link": "https://www.sec.gov/Archives/edgar/data/1526520/000095017022014769/0000950170-22-014769-index.htm",
        "finalLink": "https://www.sec.gov/Archives/edgar/data/1526520/000095017022014769/trip-20220630.htm"
    },
    {
        "date": "2022-03-31",
        "symbol": "TRIP",
        "reportedCurrency": "USD",
        "cik": "0001526520",
        "fillingDate": "2022-05-04",
        "acceptedDate": "2022-05-04 16:14:41",
        "calendarYear": "2022",
        "period": "Q1",
        "revenue": 262000000,
        "costOfRevenue": 22000000,
        "grossProfit": 240000000,
        "grossProfitRatio": 0.9160305344,
        "researchAndDevelopmentExpenses": 54000000,
        "generalAndAdministrativeExpenses": 94000000,
        "sellingAndMarketingExpenses": 141000000,
        "sellingGeneralAndAdministrativeExpenses": 235000000,
        "otherExpenses": 25000000,
        "operatingExpenses": 260000000,
        "costAndExpenses": 282000000,
        "interestIncome": 1000000,
        "interestExpense": 12000000,
        "depreciationAndAmortization": 25000000,
        "ebitda": 4000000,
        "ebitdaratio": 0.0152671756,
        "operatingIncome": -21000000,
        "operatingIncomeRatio": -0.0801526718,
        "totalOtherIncomeExpensesNet": -13000000,
        "incomeBeforeTax": -33000000,
        "incomeBeforeTaxRatio": -0.1259541985,
        "incomeTaxExpense": 1000000,
        "netIncome": -34000000,
        "netIncomeRatio": -0.1297709924,
        "eps": -0.24,
        "epsdiluted": -0.24,
        "weightedAverageShsOut": 139000000,
        "weightedAverageShsOutDil": 139000000,
        "link": "https://www.sec.gov/Archives/edgar/data/1526520/000095017022007387/0000950170-22-007387-index.htm",
        "finalLink": "https://www.sec.gov/Archives/edgar/data/1526520/000095017022007387/trip-20220331.htm"
    },
    {
        "date": "2021-12-31",
        "symbol": "TRIP",
        "reportedCurrency": "USD",
        "cik": "0001526520",
        "fillingDate": "2022-02-18",
        "acceptedDate": "2022-02-18 16:02:25",
        "calendarYear": "2021",
        "period": "Q4",
        "revenue": 241000000,
        "costOfRevenue": 20000000,
        "grossProfit": 221000000,
        "grossProfitRatio": 0.9170124481,
        "researchAndDevelopmentExpenses": 51000000,
        "generalAndAdministrativeExpenses": 97000000,
        "sellingAndMarketingExpenses": 126000000,
        "sellingGeneralAndAdministrativeExpenses": 223000000,
        "otherExpenses": -8000000,
        "operatingExpenses": 249000000,
        "costAndExpenses": 269000000,
        "interestIncome": 0,
        "interestExpense": 11000000,
        "depreciationAndAmortization": 26000000,
        "ebitda": -10000000,
        "ebitdaratio": -0.0414937759,
        "operatingIncome": -28000000,
        "operatingIncomeRatio": -0.1161825726,
        "totalOtherIncomeExpensesNet": -19000000,
        "incomeBeforeTax": -47000000,
        "incomeBeforeTaxRatio": -0.1950207469,
        "incomeTaxExpense": -18000000,
        "netIncome": -29000000,
        "netIncomeRatio": -0.1203319502,
        "eps": -0.21,
        "epsdiluted": -0.21,
        "weightedAverageShsOut": 137356781,
        "weightedAverageShsOutDil": 138000000,
        "link": "https://www.sec.gov/Archives/edgar/data/1526520/000095017022001481/0000950170-22-001481-index.htm",
        "finalLink": "https://www.sec.gov/Archives/edgar/data/1526520/000095017022001481/trip-20211231.htm"
    },
    {
        "date": "2021-09-30",
        "symbol": "TRIP",
        "reportedCurrency": "USD",
        "cik": "0001526520",
        "fillingDate": "2021-11-08",
        "acceptedDate": "2021-11-08 16:06:41",
        "calendarYear": "2021",
        "period": "Q3",
        "revenue": 303000000,
        "costOfRevenue": 23000000,
        "grossProfit": 280000000,
        "grossProfitRatio": 0.9240924092,
        "researchAndDevelopmentExpenses": 46000000,
        "generalAndAdministrativeExpenses": 89000000,
        "sellingAndMarketingExpenses": 148000000,
        "sellingGeneralAndAdministrativeExpenses": 237000000,
        "otherExpenses": 27000000,
        "operatingExpenses": 264000000,
        "costAndExpenses": 287000000,
        "interestIncome": 0,
        "interestExpense": 12000000,
        "depreciationAndAmortization": 27000000,
        "ebitda": 43000000,
        "ebitdaratio": 0.1419141914,
        "operatingIncome": 16000000,
        "operatingIncomeRatio": 0.0528052805,
        "totalOtherIncomeExpensesNet": -13000000,
        "incomeBeforeTax": 3000000,
        "incomeBeforeTaxRatio": 0.0099009901,
        "incomeTaxExpense": 2000000,
        "netIncome": 1000000,
        "netIncomeRatio": 0.00330033,
        "eps": 0.01,
        "epsdiluted": 0.01,
        "weightedAverageShsOut": 138000000,
        "weightedAverageShsOutDil": 144000000,
        "link": "https://www.sec.gov/Archives/edgar/data/1526520/000095017021003456/0000950170-21-003456-index.htm",
        "finalLink": "https://www.sec.gov/Archives/edgar/data/1526520/000095017021003456/trip-20210930.htm"
    },
    {
        "date": "2021-06-30",
        "symbol": "TRIP",
        "reportedCurrency": "USD",
        "cik": "0001526520",
        "fillingDate": "2021-08-05",
        "acceptedDate": "2021-08-05 16:09:41",
        "calendarYear": "2021",
        "period": "Q2",
        "revenue": 235000000,
        "costOfRevenue": 19000000,
        "grossProfit": 216000000,
        "grossProfitRatio": 0.9191489362,
        "researchAndDevelopmentExpenses": 54000000,
        "generalAndAdministrativeExpenses": 100000000,
        "sellingAndMarketingExpenses": 123000000,
        "sellingGeneralAndAdministrativeExpenses": 223000000,
        "otherExpenses": 28000000,
        "operatingExpenses": 251000000,
        "costAndExpenses": 270000000,
        "interestIncome": 0,
        "interestExpense": 11000000,
        "depreciationAndAmortization": 28000000,
        "ebitda": -7000000,
        "ebitdaratio": -0.029787234,
        "operatingIncome": -35000000,
        "operatingIncomeRatio": -0.1489361702,
        "totalOtherIncomeExpensesNet": -11000000,
        "incomeBeforeTax": -46000000,
        "incomeBeforeTaxRatio": -0.1957446809,
        "incomeTaxExpense": -6000000,
        "netIncome": -40000000,
        "netIncomeRatio": -0.170212766,
        "eps": -0.29,
        "epsdiluted": -0.29,
        "weightedAverageShsOut": 137000000,
        "weightedAverageShsOutDil": 137000000,
        "link": "https://www.sec.gov/Archives/edgar/data/1526520/000156459021041583/0001564590-21-041583-index.htm",
        "finalLink": "https://www.sec.gov/Archives/edgar/data/1526520/000156459021041583/trip-10q_20210630.htm"
    },
    {
        "date": "2021-03-31",
        "symbol": "TRIP",
        "reportedCurrency": "USD",
        "cik": "0001526520",
        "fillingDate": "2021-05-06",
        "acceptedDate": "2021-05-06 16:06:18",
        "calendarYear": "2021",
        "period": "Q1",
        "revenue": 123000000,
        "costOfRevenue": 12000000,
        "grossProfit": 111000000,
        "grossProfitRatio": 0.9024390244,
        "researchAndDevelopmentExpenses": 55000000,
        "generalAndAdministrativeExpenses": 93000000,
        "sellingAndMarketingExpenses": 73000000,
        "sellingGeneralAndAdministrativeExpenses": 166000000,
        "otherExpenses": -1000000,
        "operatingExpenses": 195000000,
        "costAndExpenses": 207000000,
        "interestIncome": 0,
        "interestExpense": 11000000,
        "depreciationAndAmortization": 29000000,
        "ebitda": -56000000,
        "ebitdaratio": -0.4552845528,
        "operatingIncome": -84000000,
        "operatingIncomeRatio": -0.6829268293,
        "totalOtherIncomeExpensesNet": -12000000,
        "incomeBeforeTax": -96000000,
        "incomeBeforeTaxRatio": -0.7804878049,
        "incomeTaxExpense": -16000000,
        "netIncome": -80000000,
        "netIncomeRatio": -0.6504065041,
        "eps": -0.59,
        "epsdiluted": -0.59,
        "weightedAverageShsOut": 135746000,
        "weightedAverageShsOutDil": 136000000,
        "link": "https://www.sec.gov/Archives/edgar/data/1526520/000156459021024945/0001564590-21-024945-index.htm",
        "finalLink": "https://www.sec.gov/Archives/edgar/data/1526520/000156459021024945/trip-10q_20210331.htm"
    },
    {
        "date": "2020-12-31",
        "symbol": "TRIP",
        "reportedCurrency": "USD",
        "cik": "0001526520",
        "fillingDate": "2021-02-19",
        "acceptedDate": "2021-02-19 16:02:22",
        "calendarYear": "2020",
        "period": "Q4",
        "revenue": 116000000,
        "costOfRevenue": 13000000,
        "grossProfit": 103000000,
        "grossProfitRatio": 0.8879310345,
        "researchAndDevelopmentExpenses": 220000000,
        "generalAndAdministrativeExpenses": 99000000,
        "sellingAndMarketingExpenses": 66000000,
        "sellingGeneralAndAdministrativeExpenses": 165000000,
        "otherExpenses": 2000000,
        "operatingExpenses": 196000000,
        "costAndExpenses": 209000000,
        "interestIncome": 0,
        "interestExpense": 13000000,
        "depreciationAndAmortization": 31000000,
        "ebitda": -59000000,
        "ebitdaratio": -0.5086206897,
        "operatingIncome": -92000000,
        "operatingIncomeRatio": -0.7931034483,
        "totalOtherIncomeExpensesNet": -12000000,
        "incomeBeforeTax": -104000000,
        "incomeBeforeTaxRatio": -0.8965517241,
        "incomeTaxExpense": -31000000,
        "netIncome": -73000000,
        "netIncomeRatio": -0.6293103448,
        "eps": -0.54,
        "epsdiluted": -0.54,
        "weightedAverageShsOut": 135000000,
        "weightedAverageShsOutDil": 135000000,
        "link": "https://www.sec.gov/Archives/edgar/data/1526520/000156459021006939/0001564590-21-006939-index.htm",
        "finalLink": "https://www.sec.gov/Archives/edgar/data/1526520/000156459021006939/trip-10k_20201231.htm"
    },
    {
        "date": "2020-09-30",
        "symbol": "TRIP",
        "reportedCurrency": "USD",
        "cik": "0001526520",
        "fillingDate": "2020-11-05",
        "acceptedDate": "2020-11-05 16:07:58",
        "calendarYear": "2020",
        "period": "Q3",
        "revenue": 151000000,
        "costOfRevenue": 13000000,
        "grossProfit": 138000000,
        "grossProfitRatio": 0.9139072848,
        "researchAndDevelopmentExpenses": 46000000,
        "generalAndAdministrativeExpenses": 81000000,
        "sellingAndMarketingExpenses": 70000000,
        "sellingGeneralAndAdministrativeExpenses": 151000000,
        "otherExpenses": 1000000,
        "operatingExpenses": 181000000,
        "costAndExpenses": 194000000,
        "interestIncome": 1000000,
        "interestExpense": 13000000,
        "depreciationAndAmortization": 30000000,
        "ebitda": -15000000,
        "ebitdaratio": -0.0993377483,
        "operatingIncome": -46000000,
        "operatingIncomeRatio": -0.3046357616,
        "totalOtherIncomeExpensesNet": -12000000,
        "incomeBeforeTax": -58000000,
        "incomeBeforeTaxRatio": -0.3841059603,
        "incomeTaxExpense": -10000000,
        "netIncome": -48000000,
        "netIncomeRatio": -0.3178807947,
        "eps": -0.36,
        "epsdiluted": -0.36,
        "weightedAverageShsOut": 133333333,
        "weightedAverageShsOutDil": 134000000,
        "link": "https://www.sec.gov/Archives/edgar/data/1526520/000156459020051304/0001564590-20-051304-index.htm",
        "finalLink": "https://www.sec.gov/Archives/edgar/data/1526520/000156459020051304/trip-10q_20200930.htm"
    },
    {
        "date": "2020-06-30",
        "symbol": "TRIP",
        "reportedCurrency": "USD",
        "cik": "0001526520",
        "fillingDate": "2020-08-06",
        "acceptedDate": "2020-08-06 16:33:31",
        "calendarYear": "2020",
        "period": "Q2",
        "revenue": 59000000,
        "costOfRevenue": 10000000,
        "grossProfit": 49000000,
        "grossProfitRatio": 0.8305084746,
        "researchAndDevelopmentExpenses": 51000000,
        "generalAndAdministrativeExpenses": 94000000,
        "sellingAndMarketingExpenses": 54000000,
        "sellingGeneralAndAdministrativeExpenses": 148000000,
        "otherExpenses": -4000000,
        "operatingExpenses": 180000000,
        "costAndExpenses": 190000000,
        "interestIncome": 1000000,
        "interestExpense": 7000000,
        "depreciationAndAmortization": 32000000,
        "ebitda": -140000000,
        "ebitdaratio": -2.3728813559,
        "operatingIncome": -164000000,
        "operatingIncomeRatio": -2.7796610169,
        "totalOtherIncomeExpensesNet": -15000000,
        "incomeBeforeTax": -179000000,
        "incomeBeforeTaxRatio": -3.0338983051,
        "incomeTaxExpense": -26000000,
        "netIncome": -153000000,
        "netIncomeRatio": -2.593220339,
        "eps": -1.14,
        "epsdiluted": -1.14,
        "weightedAverageShsOut": 134000000,
        "weightedAverageShsOutDil": 134000000,
        "link": "https://www.sec.gov/Archives/edgar/data/1526520/000156459020037810/0001564590-20-037810-index.htm",
        "finalLink": "https://www.sec.gov/Archives/edgar/data/1526520/000156459020037810/trip-10q_20200630.htm"
    },
    {
        "date": "2020-03-31",
        "symbol": "TRIP",
        "reportedCurrency": "USD",
        "cik": "0001526520",
        "fillingDate": "2020-05-08",
        "acceptedDate": "2020-05-08 16:02:53",
        "calendarYear": "2020",
        "period": "Q1",
        "revenue": 278000000,
        "costOfRevenue": 19000000,
        "grossProfit": 259000000,
        "grossProfitRatio": 0.9316546763,
        "researchAndDevelopmentExpenses": 73000000,
        "generalAndAdministrativeExpenses": 125000000,
        "sellingAndMarketingExpenses": 129000000,
        "sellingGeneralAndAdministrativeExpenses": 254000000,
        "otherExpenses": 1000000,
        "operatingExpenses": 286000000,
        "costAndExpenses": 305000000,
        "interestIncome": 1000000,
        "interestExpense": 2000000,
        "depreciationAndAmortization": 32000000,
        "ebitda": 7000000,
        "ebitdaratio": 0.0251798561,
        "operatingIncome": -27000000,
        "operatingIncomeRatio": -0.0971223022,
        "totalOtherIncomeExpensesNet": 0,
        "incomeBeforeTax": -27000000,
        "incomeBeforeTaxRatio": -0.0971223022,
        "incomeTaxExpense": -11000000,
        "netIncome": -16000000,
        "netIncomeRatio": -0.0575539568,
        "eps": -0.12,
        "epsdiluted": -0.12,
        "weightedAverageShsOut": 133333333,
        "weightedAverageShsOutDil": 136000000,
        "link": "https://www.sec.gov/Archives/edgar/data/1526520/000156459020023544/0001564590-20-023544-index.htm",
        "finalLink": "https://www.sec.gov/Archives/edgar/data/1526520/000156459020023544/trip-10q_20200331.htm"
    },
    {
        "date": "2019-12-31",
        "symbol": "TRIP",
        "reportedCurrency": "USD",
        "cik": "0001526520",
        "fillingDate": "2020-02-19",
        "acceptedDate": "2020-02-19 16:03:50",
        "calendarYear": "2019",
        "period": "Q4",
        "revenue": 335000000,
        "costOfRevenue": 21000000,
        "grossProfit": 314000000,
        "grossProfitRatio": 0.9373134328,
        "researchAndDevelopmentExpenses": 71000000,
        "generalAndAdministrativeExpenses": 119000000,
        "sellingAndMarketingExpenses": 139000000,
        "sellingGeneralAndAdministrativeExpenses": 258000000,
        "otherExpenses": -4000000,
        "operatingExpenses": 291000000,
        "costAndExpenses": 312000000,
        "interestIncome": 3000000,
        "interestExpense": 2000000,
        "depreciationAndAmortization": 34000000,
        "ebitda": 55000000,
        "ebitdaratio": 0.1641791045,
        "operatingIncome": 23000000,
        "operatingIncomeRatio": 0.0686567164,
        "totalOtherIncomeExpensesNet": -3000000,
        "incomeBeforeTax": 20000000,
        "incomeBeforeTaxRatio": 0.0597014925,
        "incomeTaxExpense": 5000000,
        "netIncome": 16000000,
        "netIncomeRatio": 0.047761194,
        "eps": 0.11,
        "epsdiluted": 0.11,
        "weightedAverageShsOut": 139000000,
        "weightedAverageShsOutDil": 140000000,
        "link": "https://www.sec.gov/Archives/edgar/data/1526520/000156459020005269/0001564590-20-005269-index.htm",
        "finalLink": "https://www.sec.gov/Archives/edgar/data/1526520/000156459020005269/trip-10k_20191231.htm"
    },
    {
        "date": "2019-09-30",
        "symbol": "TRIP",
        "reportedCurrency": "USD",
        "cik": "0001526520",
        "fillingDate": "2019-11-06",
        "acceptedDate": "2019-11-06 16:45:06",
        "calendarYear": "2019",
        "period": "Q3",
        "revenue": 428000000,
        "costOfRevenue": 25000000,
        "grossProfit": 403000000,
        "grossProfitRatio": 0.941588785,
        "researchAndDevelopmentExpenses": 76000000,
        "generalAndAdministrativeExpenses": 127000000,
        "sellingAndMarketingExpenses": 176000000,
        "sellingGeneralAndAdministrativeExpenses": 303000000,
        "otherExpenses": 5000000,
        "operatingExpenses": 335000000,
        "costAndExpenses": 360000000,
        "interestIncome": 5000000,
        "interestExpense": 2000000,
        "depreciationAndAmortization": 31000000,
        "ebitda": 107000000,
        "ebitdaratio": 0.25,
        "operatingIncome": 68000000,
        "operatingIncomeRatio": 0.1588785047,
        "totalOtherIncomeExpensesNet": 5000000,
        "incomeBeforeTax": 73000000,
        "incomeBeforeTaxRatio": 0.1705607477,
        "incomeTaxExpense": 23000000,
        "netIncome": 50000000,
        "netIncomeRatio": 0.1168224299,
        "eps": 0.36,
        "epsdiluted": 0.36,
        "weightedAverageShsOut": 139000000,
        "weightedAverageShsOutDil": 140000000,
        "link": "https://www.sec.gov/Archives/edgar/data/1526520/000156459019041094/0001564590-19-041094-index.htm",
        "finalLink": "https://www.sec.gov/Archives/edgar/data/1526520/000156459019041094/trip-10q_20190930.htm"
    },
    {
        "date": "2019-06-30",
        "symbol": "TRIP",
        "reportedCurrency": "USD",
        "cik": "0001526520",
        "fillingDate": "2019-08-07",
        "acceptedDate": "2019-08-07 16:12:19",
        "calendarYear": "2019",
        "period": "Q2",
        "revenue": 422000000,
        "costOfRevenue": 27000000,
        "grossProfit": 395000000,
        "grossProfitRatio": 0.9360189573,
        "researchAndDevelopmentExpenses": 74000000,
        "generalAndAdministrativeExpenses": 119000000,
        "sellingAndMarketingExpenses": 180000000,
        "sellingGeneralAndAdministrativeExpenses": 299000000,
        "otherExpenses": -44000000,
        "operatingExpenses": 329000000,
        "costAndExpenses": 356000000,
        "interestIncome": 5000000,
        "interestExpense": 2000000,
        "depreciationAndAmortization": 30000000,
        "ebitda": 100000000,
        "ebitdaratio": 0.2369668246,
        "operatingIncome": 66000000,
        "operatingIncomeRatio": 0.1563981043,
        "totalOtherIncomeExpensesNet": 2000000,
        "incomeBeforeTax": 68000000,
        "incomeBeforeTaxRatio": 0.1611374408,
        "incomeTaxExpense": 34000000,
        "netIncome": 34000000,
        "netIncomeRatio": 0.0805687204,
        "eps": 0.24,
        "epsdiluted": 0.24,
        "weightedAverageShsOut": 139000000,
        "weightedAverageShsOutDil": 141000000,
        "link": "https://www.sec.gov/Archives/edgar/data/1526520/000156459019030070/0001564590-19-030070-index.htm",
        "finalLink": "https://www.sec.gov/Archives/edgar/data/1526520/000156459019030070/trip-10q_20190630.htm"
    },
    {
        "date": "2019-03-31",
        "symbol": "TRIP",
        "reportedCurrency": "USD",
        "cik": "0001526520",
        "fillingDate": "2019-05-07",
        "acceptedDate": "2019-05-07 16:05:16",
        "calendarYear": "2019",
        "period": "Q1",
        "revenue": 376000000,
        "costOfRevenue": 21000000,
        "grossProfit": 355000000,
        "grossProfitRatio": 0.9441489362,
        "researchAndDevelopmentExpenses": 73000000,
        "generalAndAdministrativeExpenses": 115000000,
        "sellingAndMarketingExpenses": 178000000,
        "sellingGeneralAndAdministrativeExpenses": 293000000,
        "otherExpenses": -42000000,
        "operatingExpenses": 324000000,
        "costAndExpenses": 345000000,
        "interestIncome": 4000000,
        "interestExpense": 2000000,
        "depreciationAndAmortization": 31000000,
        "ebitda": 66000000,
        "ebitdaratio": 0.1755319149,
        "operatingIncome": 31000000,
        "operatingIncomeRatio": 0.0824468085,
        "totalOtherIncomeExpensesNet": 2000000,
        "incomeBeforeTax": 33000000,
        "incomeBeforeTaxRatio": 0.0877659574,
        "incomeTaxExpense": 7000000,
        "netIncome": 26000000,
        "netIncomeRatio": 0.0691489362,
        "eps": 0.19,
        "epsdiluted": 0.18,
        "weightedAverageShsOut": 138000000,
        "weightedAverageShsOutDil": 141000000,
        "link": "https://www.sec.gov/Archives/edgar/data/1526520/000156459019016488/0001564590-19-016488-index.htm",
        "finalLink": "https://www.sec.gov/Archives/edgar/data/1526520/000156459019016488/trip-10q_20190331.htm"
    },
    {
        "date": "2018-12-31",
        "symbol": "TRIP",
        "reportedCurrency": "USD",
        "cik": "0001526520",
        "fillingDate": "2019-02-22",
        "acceptedDate": "2019-02-22 16:03:14",
        "calendarYear": "2018",
        "period": "Q4",
        "revenue": 346000000,
        "costOfRevenue": 19000000,
        "grossProfit": 327000000,
        "grossProfitRatio": 0.9450867052,
        "researchAndDevelopmentExpenses": 68000000,
        "generalAndAdministrativeExpenses": 116000000,
        "sellingAndMarketingExpenses": 157000000,
        "sellingGeneralAndAdministrativeExpenses": 273000000,
        "otherExpenses": -1000000,
        "operatingExpenses": 304000000,
        "costAndExpenses": 323000000,
        "interestIncome": 7000000,
        "interestExpense": 2000000,
        "depreciationAndAmortization": 31000000,
        "ebitda": 55000000,
        "ebitdaratio": 0.1589595376,
        "operatingIncome": 23000000,
        "operatingIncomeRatio": 0.0664739884,
        "totalOtherIncomeExpensesNet": 0,
        "incomeBeforeTax": 22000000,
        "incomeBeforeTaxRatio": 0.063583815,
        "incomeTaxExpense": 15000000,
        "netIncome": 8000000,
        "netIncomeRatio": 0.0231213873,
        "eps": 0.05,
        "epsdiluted": 0.05,
        "weightedAverageShsOut": 138000000,
        "weightedAverageShsOutDil": 141000000,
        "link": "https://www.sec.gov/Archives/edgar/data/1526520/000156459019003889/0001564590-19-003889-index.htm",
        "finalLink": "https://www.sec.gov/Archives/edgar/data/1526520/000156459019003889/trip-10k_20181231.htm"
    },
    {
        "date": "2018-09-30",
        "symbol": "TRIP",
        "reportedCurrency": "USD",
        "cik": "0001526520",
        "fillingDate": "2018-11-07",
        "acceptedDate": "2018-11-07 16:08:55",
        "calendarYear": "2018",
        "period": "Q3",
        "revenue": 458000000,
        "costOfRevenue": 23000000,
        "grossProfit": 435000000,
        "grossProfitRatio": 0.9497816594,
        "researchAndDevelopmentExpenses": 72000000,
        "generalAndAdministrativeExpenses": 112000000,
        "sellingAndMarketingExpenses": 206000000,
        "sellingGeneralAndAdministrativeExpenses": 318000000,
        "otherExpenses": -44000000,
        "operatingExpenses": 346000000,
        "costAndExpenses": 369000000,
        "interestIncome": 2000000,
        "interestExpense": 4000000,
        "depreciationAndAmortization": 28000000,
        "ebitda": 119000000,
        "ebitdaratio": 0.2598253275,
        "operatingIncome": 89000000,
        "operatingIncomeRatio": 0.1943231441,
        "totalOtherIncomeExpensesNet": -2000000,
        "incomeBeforeTax": 87000000,
        "incomeBeforeTaxRatio": 0.1899563319,
        "incomeTaxExpense": 18000000,
        "netIncome": 69000000,
        "netIncomeRatio": 0.1506550218,
        "eps": 0.5,
        "epsdiluted": 0.49,
        "weightedAverageShsOut": 138000000,
        "weightedAverageShsOutDil": 141000000,
        "link": "https://www.sec.gov/Archives/edgar/data/1526520/000156459018028010/0001564590-18-028010-index.htm",
        "finalLink": "https://www.sec.gov/Archives/edgar/data/1526520/000156459018028010/trip-10q_20180930.htm"
    },
    {
        "date": "2018-06-30",
        "symbol": "TRIP",
        "reportedCurrency": "USD",
        "cik": "0001526520",
        "fillingDate": "2018-08-01",
        "acceptedDate": "2018-08-01 16:06:50",
        "calendarYear": "2018",
        "period": "Q2",
        "revenue": 433000000,
        "costOfRevenue": 24000000,
        "grossProfit": 409000000,
        "grossProfitRatio": 0.9445727483,
        "researchAndDevelopmentExpenses": 68000000,
        "generalAndAdministrativeExpenses": 114000000,
        "sellingAndMarketingExpenses": 217000000,
        "sellingGeneralAndAdministrativeExpenses": 331000000,
        "otherExpenses": -39000000,
        "operatingExpenses": 360000000,
        "costAndExpenses": 384000000,
        "interestIncome": 0,
        "interestExpense": 7000000,
        "depreciationAndAmortization": 29000000,
        "ebitda": 78000000,
        "ebitdaratio": 0.1801385681,
        "operatingIncome": 49000000,
        "operatingIncomeRatio": 0.1131639723,
        "totalOtherIncomeExpensesNet": -7000000,
        "incomeBeforeTax": 42000000,
        "incomeBeforeTaxRatio": 0.0969976905,
        "incomeTaxExpense": 10000000,
        "netIncome": 32000000,
        "netIncomeRatio": 0.0739030023,
        "eps": 0.23,
        "epsdiluted": 0.23,
        "weightedAverageShsOut": 138000000,
        "weightedAverageShsOutDil": 140000000,
        "link": "https://www.sec.gov/Archives/edgar/data/1526520/000156459018018438/0001564590-18-018438-index.htm",
        "finalLink": "https://www.sec.gov/Archives/edgar/data/1526520/000156459018018438/trip-10q_20180630.htm"
    },
    {
        "date": "2018-03-31",
        "symbol": "TRIP",
        "reportedCurrency": "USD",
        "cik": "0001526520",
        "fillingDate": "2018-05-08",
        "acceptedDate": "2018-05-08 16:08:20",
        "calendarYear": "2018",
        "period": "Q1",
        "revenue": 378000000,
        "costOfRevenue": 20000000,
        "grossProfit": 358000000,
        "grossProfitRatio": 0.9470899471,
        "researchAndDevelopmentExpenses": 67000000,
        "generalAndAdministrativeExpenses": 109000000,
        "sellingAndMarketingExpenses": 198000000,
        "sellingGeneralAndAdministrativeExpenses": 307000000,
        "otherExpenses": -39000000,
        "operatingExpenses": 335000000,
        "costAndExpenses": 355000000,
        "interestIncome": 1000000,
        "interestExpense": 3000000,
        "depreciationAndAmortization": 28000000,
        "ebitda": 52000000,
        "ebitdaratio": 0.1375661376,
        "operatingIncome": 23000000,
        "operatingIncomeRatio": 0.0608465608,
        "totalOtherIncomeExpensesNet": -2000000,
        "incomeBeforeTax": 21000000,
        "incomeBeforeTaxRatio": 0.0555555556,
        "incomeTaxExpense": 16000000,
        "netIncome": 5000000,
        "netIncomeRatio": 0.0132275132,
        "eps": 0.04,
        "epsdiluted": 0.04,
        "weightedAverageShsOut": 139000000,
        "weightedAverageShsOutDil": 140000000,
        "link": "https://www.sec.gov/Archives/edgar/data/1526520/000156459018011803/0001564590-18-011803-index.htm",
        "finalLink": "https://www.sec.gov/Archives/edgar/data/1526520/000156459018011803/trip-10q_20180331.htm"
    },
    {
        "date": "2017-12-31",
        "symbol": "TRIP",
        "reportedCurrency": "USD",
        "cik": "0001526520",
        "fillingDate": "2018-02-21",
        "acceptedDate": "2018-02-21 16:02:58",
        "calendarYear": "2017",
        "period": "Q4",
        "revenue": 321000000,
        "costOfRevenue": 16000000,
        "grossProfit": 305000000,
        "grossProfitRatio": 0.9501557632,
        "researchAndDevelopmentExpenses": 58000000,
        "generalAndAdministrativeExpenses": 100000000,
        "sellingAndMarketingExpenses": 167000000,
        "sellingGeneralAndAdministrativeExpenses": 267000000,
        "otherExpenses": -6000000,
        "operatingExpenses": 296000000,
        "costAndExpenses": 312000000,
        "interestIncome": 0,
        "interestExpense": 4000000,
        "depreciationAndAmortization": 29000000,
        "ebitda": 38000000,
        "ebitdaratio": 0.1183800623,
        "operatingIncome": 9000000,
        "operatingIncomeRatio": 0.0280373832,
        "totalOtherIncomeExpensesNet": -6000000,
        "incomeBeforeTax": 3000000,
        "incomeBeforeTaxRatio": 0.0093457944,
        "incomeTaxExpense": 87000000,
        "netIncome": -84000000,
        "netIncomeRatio": -0.261682243,
        "eps": -0.61,
        "epsdiluted": -0.6,
        "weightedAverageShsOut": 137631138,
        "weightedAverageShsOutDil": 139000000,
        "link": "https://www.sec.gov/Archives/edgar/data/1526520/000156459018002664/0001564590-18-002664-index.htm",
        "finalLink": "https://www.sec.gov/Archives/edgar/data/1526520/000156459018002664/trip-10k_20171231.htm"
    },
    {
        "date": "2017-09-30",
        "symbol": "TRIP",
        "reportedCurrency": "USD",
        "cik": "0001526520",
        "fillingDate": "2017-11-06",
        "acceptedDate": "2017-11-06 16:06:43",
        "calendarYear": "2017",
        "period": "Q3",
        "revenue": 439000000,
        "costOfRevenue": 20000000,
        "grossProfit": 419000000,
        "grossProfitRatio": 0.9544419134,
        "researchAndDevelopmentExpenses": 61000000,
        "generalAndAdministrativeExpenses": 103000000,
        "sellingAndMarketingExpenses": 247000000,
        "sellingGeneralAndAdministrativeExpenses": 350000000,
        "otherExpenses": -34000000,
        "operatingExpenses": 377000000,
        "costAndExpenses": 397000000,
        "interestIncome": 0,
        "interestExpense": 4000000,
        "depreciationAndAmortization": 28000000,
        "ebitda": 54000000,
        "ebitdaratio": 0.1230068337,
        "operatingIncome": 42000000,
        "operatingIncomeRatio": 0.0956719818,
        "totalOtherIncomeExpensesNet": -4000000,
        "incomeBeforeTax": 38000000,
        "incomeBeforeTaxRatio": 0.0865603645,
        "incomeTaxExpense": 13000000,
        "netIncome": 25000000,
        "netIncomeRatio": 0.0569476082,
        "eps": 0.18,
        "epsdiluted": 0.18,
        "weightedAverageShsOut": 138888888,
        "weightedAverageShsOutDil": 139000000,
        "link": "https://www.sec.gov/Archives/edgar/data/1526520/000156459017021789/0001564590-17-021789-index.htm",
        "finalLink": "https://www.sec.gov/Archives/edgar/data/1526520/000156459017021789/trip-10q_20170930.htm"
    },
    {
        "date": "2017-06-30",
        "symbol": "TRIP",
        "reportedCurrency": "USD",
        "cik": "0001526520",
        "fillingDate": "2017-08-08",
        "acceptedDate": "2017-08-08 16:07:02",
        "calendarYear": "2017",
        "period": "Q2",
        "revenue": 424000000,
        "costOfRevenue": 20000000,
        "grossProfit": 404000000,
        "grossProfitRatio": 0.9528301887,
        "researchAndDevelopmentExpenses": 64000000,
        "generalAndAdministrativeExpenses": 102000000,
        "sellingAndMarketingExpenses": 229000000,
        "sellingGeneralAndAdministrativeExpenses": 331000000,
        "otherExpenses": -37000000,
        "operatingExpenses": 358000000,
        "costAndExpenses": 378000000,
        "interestIncome": 2000000,
        "interestExpense": 4000000,
        "depreciationAndAmortization": 27000000,
        "ebitda": 75000000,
        "ebitdaratio": 0.1768867925,
        "operatingIncome": 46000000,
        "operatingIncomeRatio": 0.108490566,
        "totalOtherIncomeExpensesNet": -2000000,
        "incomeBeforeTax": 44000000,
        "incomeBeforeTaxRatio": 0.1037735849,
        "incomeTaxExpense": 17000000,
        "netIncome": 27000000,
        "netIncomeRatio": 0.0636792453,
        "eps": 0.19,
        "epsdiluted": 0.19,
        "weightedAverageShsOut": 140000000,
        "weightedAverageShsOutDil": 141000000,
        "link": "https://www.sec.gov/Archives/edgar/data/1526520/000156459017016506/0001564590-17-016506-index.htm",
        "finalLink": "https://www.sec.gov/Archives/edgar/data/1526520/000156459017016506/trip-10q_20170630.htm"
    },
    {
        "date": "2017-03-31",
        "symbol": "TRIP",
        "reportedCurrency": "USD",
        "cik": "0001526520",
        "fillingDate": "2017-05-09",
        "acceptedDate": "2017-05-09 16:51:22",
        "calendarYear": "2017",
        "period": "Q1",
        "revenue": 372000000,
        "costOfRevenue": 17000000,
        "grossProfit": 355000000,
        "grossProfitRatio": 0.9543010753,
        "researchAndDevelopmentExpenses": 59000000,
        "generalAndAdministrativeExpenses": 94000000,
        "sellingAndMarketingExpenses": 207000000,
        "sellingGeneralAndAdministrativeExpenses": 301000000,
        "otherExpenses": -32000000,
        "operatingExpenses": 328000000,
        "costAndExpenses": 345000000,
        "interestIncome": 1000000,
        "interestExpense": 3000000,
        "depreciationAndAmortization": 27000000,
        "ebitda": 55000000,
        "ebitdaratio": 0.1478494624,
        "operatingIncome": 27000000,
        "operatingIncomeRatio": 0.0725806452,
        "totalOtherIncomeExpensesNet": -2000000,
        "incomeBeforeTax": 25000000,
        "incomeBeforeTaxRatio": 0.0672043011,
        "incomeTaxExpense": 12000000,
        "netIncome": 13000000,
        "netIncomeRatio": 0.0349462366,
        "eps": 0.09,
        "epsdiluted": 0.09,
        "weightedAverageShsOut": 144000000,
        "weightedAverageShsOutDil": 145000000,
        "link": "https://www.sec.gov/Archives/edgar/data/1526520/000156459017009918/0001564590-17-009918-index.htm",
        "finalLink": "https://www.sec.gov/Archives/edgar/data/1526520/000156459017009918/trip-10q_20170331.htm"
    },
    {
        "date": "2016-12-31",
        "symbol": "TRIP",
        "reportedCurrency": "USD",
        "cik": "0001526520",
        "fillingDate": "2017-02-17",
        "acceptedDate": "2017-02-17 16:46:19",
        "calendarYear": "2016",
        "period": "Q4",
        "revenue": 316000000,
        "costOfRevenue": 16000000,
        "grossProfit": 300000000,
        "grossProfitRatio": 0.9493670886,
        "researchAndDevelopmentExpenses": 58000000,
        "generalAndAdministrativeExpenses": 92000000,
        "sellingAndMarketingExpenses": 172000000,
        "sellingGeneralAndAdministrativeExpenses": 264000000,
        "otherExpenses": -6000000,
        "operatingExpenses": 290000000,
        "costAndExpenses": 306000000,
        "interestIncome": 0,
        "interestExpense": 2000000,
        "depreciationAndAmortization": 26000000,
        "ebitda": 32000000,
        "ebitdaratio": 0.1012658228,
        "operatingIncome": 10000000,
        "operatingIncomeRatio": 0.0316455696,
        "totalOtherIncomeExpensesNet": -5000000,
        "incomeBeforeTax": 4000000,
        "incomeBeforeTaxRatio": 0.0126582278,
        "incomeTaxExpense": 3000000,
        "netIncome": 1000000,
        "netIncomeRatio": 0.003164557,
        "eps": 0.01,
        "epsdiluted": 0.01,
        "weightedAverageShsOut": 145000000,
        "weightedAverageShsOutDil": 146000000,
        "link": "https://www.sec.gov/Archives/edgar/data/1526520/000156459017001783/0001564590-17-001783-index.htm",
        "finalLink": "https://www.sec.gov/Archives/edgar/data/1526520/000156459017001783/trip-10k_20161231.htm"
    },
    {
        "date": "2016-09-30",
        "symbol": "TRIP",
        "reportedCurrency": "USD",
        "cik": "0001526520",
        "fillingDate": "2016-11-08",
        "acceptedDate": "2016-11-08 16:06:48",
        "calendarYear": "2016",
        "period": "Q3",
        "revenue": 421000000,
        "costOfRevenue": 19000000,
        "grossProfit": 402000000,
        "grossProfitRatio": 0.9548693587,
        "researchAndDevelopmentExpenses": 62000000,
        "generalAndAdministrativeExpenses": 100000000,
        "sellingAndMarketingExpenses": 210000000,
        "sellingGeneralAndAdministrativeExpenses": 310000000,
        "otherExpenses": -36000000,
        "operatingExpenses": 336000000,
        "costAndExpenses": 355000000,
        "interestIncome": 0,
        "interestExpense": 3000000,
        "depreciationAndAmortization": 26000000,
        "ebitda": 92000000,
        "ebitdaratio": 0.2185273159,
        "operatingIncome": 66000000,
        "operatingIncomeRatio": 0.1567695962,
        "totalOtherIncomeExpensesNet": -3000000,
        "incomeBeforeTax": 63000000,
        "incomeBeforeTaxRatio": 0.1496437055,
        "incomeTaxExpense": 8000000,
        "netIncome": 55000000,
        "netIncomeRatio": 0.1306413302,
        "eps": 0.38,
        "epsdiluted": 0.37,
        "weightedAverageShsOut": 146000000,
        "weightedAverageShsOutDil": 147000000,
        "link": "https://www.sec.gov/Archives/edgar/data/1526520/000156459016028323/0001564590-16-028323-index.htm",
        "finalLink": "https://www.sec.gov/Archives/edgar/data/1526520/000156459016028323/trip-10q_20160930.htm"
    },
    {
        "date": "2016-06-30",
        "symbol": "TRIP",
        "reportedCurrency": "USD",
        "cik": "0001526520",
        "fillingDate": "2016-08-05",
        "acceptedDate": "2016-08-05 16:02:36",
        "calendarYear": "2016",
        "period": "Q2",
        "revenue": 391000000,
        "costOfRevenue": 20000000,
        "grossProfit": 371000000,
        "grossProfitRatio": 0.9488491049,
        "researchAndDevelopmentExpenses": 62000000,
        "generalAndAdministrativeExpenses": 96000000,
        "sellingAndMarketingExpenses": 202000000,
        "sellingGeneralAndAdministrativeExpenses": 298000000,
        "otherExpenses": -3000000,
        "operatingExpenses": 323000000,
        "costAndExpenses": 343000000,
        "interestIncome": 0,
        "interestExpense": 3000000,
        "depreciationAndAmortization": 25000000,
        "ebitda": 60000000,
        "ebitdaratio": 0.1534526854,
        "operatingIncome": 48000000,
        "operatingIncomeRatio": 0.1227621483,
        "totalOtherIncomeExpensesNet": -3000000,
        "incomeBeforeTax": 45000000,
        "incomeBeforeTaxRatio": 0.1150895141,
        "incomeTaxExpense": 11000000,
        "netIncome": 34000000,
        "netIncomeRatio": 0.0869565217,
        "eps": 0.23,
        "epsdiluted": 0.23,
        "weightedAverageShsOut": 146000000,
        "weightedAverageShsOutDil": 147000000,
        "link": "https://www.sec.gov/Archives/edgar/data/1526520/000156459016022974/0001564590-16-022974-index.htm",
        "finalLink": "https://www.sec.gov/Archives/edgar/data/1526520/000156459016022974/trip-10q_20160630.htm"
    },
    {
        "date": "2016-03-31",
        "symbol": "TRIP",
        "reportedCurrency": "USD",
        "cik": "0001526520",
        "fillingDate": "2016-05-09",
        "acceptedDate": "2016-05-09 16:07:47",
        "calendarYear": "2016",
        "period": "Q1",
        "revenue": 352000000,
        "costOfRevenue": 16000000,
        "grossProfit": 336000000,
        "grossProfitRatio": 0.9545454545,
        "researchAndDevelopmentExpenses": 61000000,
        "generalAndAdministrativeExpenses": 98000000,
        "sellingAndMarketingExpenses": 172000000,
        "sellingGeneralAndAdministrativeExpenses": 270000000,
        "otherExpenses": -4000000,
        "operatingExpenses": 294000000,
        "costAndExpenses": 310000000,
        "interestIncome": 0,
        "interestExpense": 4000000,
        "depreciationAndAmortization": 24000000,
        "ebitda": 53000000,
        "ebitdaratio": 0.1505681818,
        "operatingIncome": 42000000,
        "operatingIncomeRatio": 0.1193181818,
        "totalOtherIncomeExpensesNet": -4000000,
        "incomeBeforeTax": 38000000,
        "incomeBeforeTaxRatio": 0.1079545455,
        "incomeTaxExpense": 11000000,
        "netIncome": 29000000,
        "netIncomeRatio": 0.0823863636,
        "eps": 0.2,
        "epsdiluted": 0.2,
        "weightedAverageShsOut": 145000000,
        "weightedAverageShsOutDil": 147000000,
        "link": "https://www.sec.gov/Archives/edgar/data/1526520/000156459016018577/0001564590-16-018577-index.htm",
        "finalLink": "https://www.sec.gov/Archives/edgar/data/1526520/000156459016018577/trip-10q_20160331.htm"
    },
    {
        "date": "2015-12-31",
        "symbol": "TRIP",
        "reportedCurrency": "USD",
        "cik": "0001526520",
        "fillingDate": "2016-02-18",
        "acceptedDate": "2016-02-18 16:03:01",
        "calendarYear": "2015",
        "period": "Q4",
        "revenue": 309000000,
        "costOfRevenue": 12000000,
        "grossProfit": 297000000,
        "grossProfitRatio": 0.9611650485,
        "researchAndDevelopmentExpenses": 55000000,
        "generalAndAdministrativeExpenses": 151000000,
        "sellingAndMarketingExpenses": 145000000,
        "sellingGeneralAndAdministrativeExpenses": 296000000,
        "otherExpenses": -1000000,
        "operatingExpenses": 322000000,
        "costAndExpenses": 334000000,
        "interestIncome": 0,
        "interestExpense": 3000000,
        "depreciationAndAmortization": 26000000,
        "ebitda": 2000000,
        "ebitdaratio": 0.0064724919,
        "operatingIncome": -25000000,
        "operatingIncomeRatio": -0.0809061489,
        "totalOtherIncomeExpensesNet": -1000000,
        "incomeBeforeTax": -26000000,
        "incomeBeforeTaxRatio": -0.0841423948,
        "incomeTaxExpense": -29000000,
        "netIncome": 3000000,
        "netIncomeRatio": 0.0097087379,
        "eps": 0.02,
        "epsdiluted": 0.02,
        "weightedAverageShsOut": 144000000,
        "weightedAverageShsOutDil": 146000000,
        "link": "https://www.sec.gov/Archives/edgar/data/1526520/000156459016012862/0001564590-16-012862-index.htm",
        "finalLink": "https://www.sec.gov/Archives/edgar/data/1526520/000156459016012862/trip-10k_20151231.htm"
    },
    {
        "date": "2015-09-30",
        "symbol": "TRIP",
        "reportedCurrency": "USD",
        "cik": "0001526520",
        "fillingDate": "2015-11-05",
        "acceptedDate": "2015-11-05 16:06:18",
        "calendarYear": "2015",
        "period": "Q3",
        "revenue": 415000000,
        "costOfRevenue": 16000000,
        "grossProfit": 399000000,
        "grossProfitRatio": 0.9614457831,
        "researchAndDevelopmentExpenses": 54000000,
        "generalAndAdministrativeExpenses": 91000000,
        "sellingAndMarketingExpenses": 197000000,
        "sellingGeneralAndAdministrativeExpenses": 288000000,
        "otherExpenses": -31000000,
        "operatingExpenses": 311000000,
        "costAndExpenses": 327000000,
        "interestIncome": 0,
        "interestExpense": 3000000,
        "depreciationAndAmortization": 24000000,
        "ebitda": 102000000,
        "ebitdaratio": 0.2457831325,
        "operatingIncome": 88000000,
        "operatingIncomeRatio": 0.2120481928,
        "totalOtherIncomeExpensesNet": 10000000,
        "incomeBeforeTax": 98000000,
        "incomeBeforeTaxRatio": 0.2361445783,
        "incomeTaxExpense": 24000000,
        "netIncome": 74000000,
        "netIncomeRatio": 0.178313253,
        "eps": 0.51,
        "epsdiluted": 0.51,
        "weightedAverageShsOut": 144000000,
        "weightedAverageShsOutDil": 146000000,
        "link": "https://www.sec.gov/Archives/edgar/data/1526520/000156459015009651/0001564590-15-009651-index.htm",
        "finalLink": "https://www.sec.gov/Archives/edgar/data/1526520/000156459015009651/trip-10q_20150930.htm"
    },
    {
        "date": "2015-06-30",
        "symbol": "TRIP",
        "reportedCurrency": "USD",
        "cik": "0001526520",
        "fillingDate": "2015-07-23",
        "acceptedDate": "2015-07-23 16:05:58",
        "calendarYear": "2015",
        "period": "Q2",
        "revenue": 405000000,
        "costOfRevenue": 16000000,
        "grossProfit": 389000000,
        "grossProfitRatio": 0.9604938272,
        "researchAndDevelopmentExpenses": 50000000,
        "generalAndAdministrativeExpenses": 94000000,
        "sellingAndMarketingExpenses": 192000000,
        "sellingGeneralAndAdministrativeExpenses": 286000000,
        "otherExpenses": -26000000,
        "operatingExpenses": 310000000,
        "costAndExpenses": 326000000,
        "interestIncome": 5000000,
        "interestExpense": 2000000,
        "depreciationAndAmortization": 23000000,
        "ebitda": 108000000,
        "ebitdaratio": 0.2666666667,
        "operatingIncome": 79000000,
        "operatingIncomeRatio": 0.1950617284,
        "totalOtherIncomeExpensesNet": 3000000,
        "incomeBeforeTax": 82000000,
        "incomeBeforeTaxRatio": 0.2024691358,
        "incomeTaxExpense": 24000000,
        "netIncome": 58000000,
        "netIncomeRatio": 0.1432098765,
        "eps": 0.4,
        "epsdiluted": 0.4,
        "weightedAverageShsOut": 144000000,
        "weightedAverageShsOutDil": 146000000,
        "link": "https://www.sec.gov/Archives/edgar/data/1526520/000156459015005617/0001564590-15-005617-index.htm",
        "finalLink": "https://www.sec.gov/Archives/edgar/data/1526520/000156459015005617/trip-10q_20150630.htm"
    },
    {
        "date": "2015-03-31",
        "symbol": "TRIP",
        "reportedCurrency": "USD",
        "cik": "0001526520",
        "fillingDate": "2015-05-06",
        "acceptedDate": "2015-05-06 16:08:02",
        "calendarYear": "2015",
        "period": "Q1",
        "revenue": 363000000,
        "costOfRevenue": 13000000,
        "grossProfit": 350000000,
        "grossProfitRatio": 0.9641873278,
        "researchAndDevelopmentExpenses": 49000000,
        "generalAndAdministrativeExpenses": 82000000,
        "sellingAndMarketingExpenses": 157000000,
        "sellingGeneralAndAdministrativeExpenses": 239000000,
        "otherExpenses": -28000000,
        "operatingExpenses": 260000000,
        "costAndExpenses": 273000000,
        "interestIncome": 0,
        "interestExpense": 4000000,
        "depreciationAndAmortization": 21000000,
        "ebitda": 100000000,
        "ebitdaratio": 0.2754820937,
        "operatingIncome": 90000000,
        "operatingIncomeRatio": 0.2479338843,
        "totalOtherIncomeExpensesNet": -4000000,
        "incomeBeforeTax": 86000000,
        "incomeBeforeTaxRatio": 0.2369146006,
        "incomeTaxExpense": 23000000,
        "netIncome": 63000000,
        "netIncomeRatio": 0.173553719,
        "eps": 0.44,
        "epsdiluted": 0.43,
        "weightedAverageShsOut": 143000000,
        "weightedAverageShsOutDil": 146000000,
        "link": "https://www.sec.gov/Archives/edgar/data/1526520/000156459015003419/0001564590-15-003419-index.htm",
        "finalLink": "https://www.sec.gov/Archives/edgar/data/1526520/000156459015003419/trip-10q_20150331.htm"
    },
    {
        "date": "2014-12-31",
        "symbol": "TRIP",
        "reportedCurrency": "USD",
        "cik": "0001526520",
        "fillingDate": "2015-02-17",
        "acceptedDate": "2015-02-17 17:01:52",
        "calendarYear": "2014",
        "period": "Q4",
        "revenue": 288000000,
        "costOfRevenue": 12000000,
        "grossProfit": 276000000,
        "grossProfitRatio": 0.9583333333,
        "researchAndDevelopmentExpenses": 46000000,
        "generalAndAdministrativeExpenses": 80000000,
        "sellingAndMarketingExpenses": 115000000,
        "sellingGeneralAndAdministrativeExpenses": 195000000,
        "otherExpenses": -5000000,
        "operatingExpenses": 216000000,
        "costAndExpenses": 228000000,
        "interestIncome": 8000000,
        "interestExpense": 2000000,
        "depreciationAndAmortization": 21000000,
        "ebitda": 72000000,
        "ebitdaratio": 0.25,
        "operatingIncome": 60000000,
        "operatingIncomeRatio": 0.2083333333,
        "totalOtherIncomeExpensesNet": -5000000,
        "incomeBeforeTax": 55000000,
        "incomeBeforeTaxRatio": 0.1909722222,
        "incomeTaxExpense": 19000000,
        "netIncome": 36000000,
        "netIncomeRatio": 0.125,
        "eps": 0.25,
        "epsdiluted": 0.25,
        "weightedAverageShsOut": 143000000,
        "weightedAverageShsOutDil": 146000000,
        "link": "https://www.sec.gov/Archives/edgar/data/1526520/000156459015000721/0001564590-15-000721-index.htm",
        "finalLink": "https://www.sec.gov/Archives/edgar/data/1526520/000156459015000721/trip-10k_20141231.htm"
    },
    {
        "date": "2014-09-30",
        "symbol": "TRIP",
        "reportedCurrency": "USD",
        "cik": "0001526520",
        "fillingDate": "2014-11-04",
        "acceptedDate": "2014-11-04 16:05:50",
        "calendarYear": "2014",
        "period": "Q3",
        "revenue": 354000000,
        "costOfRevenue": 11000000,
        "grossProfit": 343000000,
        "grossProfitRatio": 0.9689265537,
        "researchAndDevelopmentExpenses": 46000000,
        "generalAndAdministrativeExpenses": 82000000,
        "sellingAndMarketingExpenses": 159000000,
        "sellingGeneralAndAdministrativeExpenses": 241000000,
        "otherExpenses": -28000000,
        "operatingExpenses": 259000000,
        "costAndExpenses": 270000000,
        "interestIncome": 0,
        "interestExpense": 9000000,
        "depreciationAndAmortization": 18000000,
        "ebitda": 92000000,
        "ebitdaratio": 0.2598870056,
        "operatingIncome": 84000000,
        "operatingIncomeRatio": 0.2372881356,
        "totalOtherIncomeExpensesNet": -9000000,
        "incomeBeforeTax": 75000000,
        "incomeBeforeTaxRatio": 0.2118644068,
        "incomeTaxExpense": 21000000,
        "netIncome": 54000000,
        "netIncomeRatio": 0.1525423729,
        "eps": 0.38,
        "epsdiluted": 0.37,
        "weightedAverageShsOut": 143000000,
        "weightedAverageShsOutDil": 146000000,
        "link": "https://www.sec.gov/Archives/edgar/data/1526520/000156459014004942/0001564590-14-004942-index.htm",
        "finalLink": "https://www.sec.gov/Archives/edgar/data/1526520/000156459014004942/trip-10q_20140930.htm"
    },
    {
        "date": "2014-06-30",
        "symbol": "TRIP",
        "reportedCurrency": "USD",
        "cik": "0001526520",
        "fillingDate": "2014-07-28",
        "acceptedDate": "2014-07-28 16:17:47",
        "calendarYear": "2014",
        "period": "Q2",
        "revenue": 323000000,
        "costOfRevenue": 9000000,
        "grossProfit": 314000000,
        "grossProfitRatio": 0.9721362229,
        "researchAndDevelopmentExpenses": 41000000,
        "generalAndAdministrativeExpenses": 73000000,
        "sellingAndMarketingExpenses": 127000000,
        "sellingGeneralAndAdministrativeExpenses": 200000000,
        "otherExpenses": -2000000,
        "operatingExpenses": 214000000,
        "costAndExpenses": 223000000,
        "interestIncome": 0,
        "interestExpense": 2000000,
        "depreciationAndAmortization": 14000000,
        "ebitda": 107000000,
        "ebitdaratio": 0.3312693498,
        "operatingIncome": 100000000,
        "operatingIncomeRatio": 0.3095975232,
        "totalOtherIncomeExpensesNet": -2000000,
        "incomeBeforeTax": 98000000,
        "incomeBeforeTaxRatio": 0.3034055728,
        "incomeTaxExpense": 30000000,
        "netIncome": 68000000,
        "netIncomeRatio": 0.2105263158,
        "eps": 0.48,
        "epsdiluted": 0.47,
        "weightedAverageShsOut": 143000000,
        "weightedAverageShsOutDil": 146000000,
        "link": "https://www.sec.gov/Archives/edgar/data/1526520/000156459014002917/0001564590-14-002917-index.htm",
        "finalLink": "https://www.sec.gov/Archives/edgar/data/1526520/000156459014002917/trip-10q_20140630.htm"
    },
    {
        "date": "2014-03-31",
        "symbol": "TRIP",
        "reportedCurrency": "USD",
        "cik": "0001526520",
        "fillingDate": "2014-05-06",
        "acceptedDate": "2014-05-06 16:07:43",
        "calendarYear": "2014",
        "period": "Q1",
        "revenue": 281000000,
        "costOfRevenue": 8000000,
        "grossProfit": 273000000,
        "grossProfitRatio": 0.9715302491,
        "researchAndDevelopmentExpenses": 38000000,
        "generalAndAdministrativeExpenses": 64000000,
        "sellingAndMarketingExpenses": 101000000,
        "sellingGeneralAndAdministrativeExpenses": 165000000,
        "otherExpenses": -26000000,
        "operatingExpenses": 177000000,
        "costAndExpenses": 185000000,
        "interestIncome": 0,
        "interestExpense": 2000000,
        "depreciationAndAmortization": 12000000,
        "ebitda": 102000000,
        "ebitdaratio": 0.3629893238,
        "operatingIncome": 96000000,
        "operatingIncomeRatio": 0.3416370107,
        "totalOtherIncomeExpensesNet": -2000000,
        "incomeBeforeTax": 94000000,
        "incomeBeforeTaxRatio": 0.334519573,
        "incomeTaxExpense": 26000000,
        "netIncome": 68000000,
        "netIncomeRatio": 0.2419928826,
        "eps": 0.48,
        "epsdiluted": 0.47,
        "weightedAverageShsOut": 142000000,
        "weightedAverageShsOutDil": 146000000,
        "link": "https://www.sec.gov/Archives/edgar/data/1526520/000156459014001822/0001564590-14-001822-index.htm",
        "finalLink": "https://www.sec.gov/Archives/edgar/data/1526520/000156459014001822/trip-10q_20140331.htm"
    },
    {
        "date": "2013-12-31",
        "symbol": "TRIP",
        "reportedCurrency": "USD",
        "cik": "0001526520",
        "fillingDate": "2014-02-11",
        "acceptedDate": "2014-02-11 16:07:26",
        "calendarYear": "2013",
        "period": "Q4",
        "revenue": 212669000,
        "costOfRevenue": 4579000,
        "grossProfit": 208090000,
        "grossProfitRatio": 0.9784688883,
        "researchAndDevelopmentExpenses": 35557000,
        "generalAndAdministrativeExpenses": 61137000,
        "sellingAndMarketingExpenses": 108284000,
        "sellingGeneralAndAdministrativeExpenses": 169421000,
        "otherExpenses": 59000,
        "operatingExpenses": 179631000,
        "costAndExpenses": 184210000,
        "interestIncome": 422000,
        "interestExpense": 2199000,
        "depreciationAndAmortization": 10210000,
        "ebitda": 39150000,
        "ebitdaratio": 0.1840888893,
        "operatingIncome": 28459000,
        "operatingIncomeRatio": 0.133818281,
        "totalOtherIncomeExpensesNet": -1718000,
        "incomeBeforeTax": 26741000,
        "incomeBeforeTaxRatio": 0.1257399997,
        "incomeTaxExpense": 6467000,
        "netIncome": 20274000,
        "netIncomeRatio": 0.0953312424,
        "eps": 0.14,
        "epsdiluted": 0.14,
        "weightedAverageShsOut": 142000000,
        "weightedAverageShsOutDil": 146000000,
        "link": "https://www.sec.gov/Archives/edgar/data/1526520/000119312514045532/0001193125-14-045532-index.htm",
        "finalLink": "https://www.sec.gov/Archives/edgar/data/1526520/000119312514045532/d654086d10k.htm"
    },
    {
        "date": "2013-09-30",
        "symbol": "TRIP",
        "reportedCurrency": "USD",
        "cik": "0001526520",
        "fillingDate": "2013-10-23",
        "acceptedDate": "2013-10-23 16:03:57",
        "calendarYear": "2013",
        "period": "Q3",
        "revenue": 255136000,
        "costOfRevenue": 5207000,
        "grossProfit": 249929000,
        "grossProfitRatio": 0.9795912768,
        "researchAndDevelopmentExpenses": 34398000,
        "generalAndAdministrativeExpenses": 58954000,
        "sellingAndMarketingExpenses": 98204000,
        "sellingGeneralAndAdministrativeExpenses": 157158000,
        "otherExpenses": -71000,
        "operatingExpenses": 166235000,
        "costAndExpenses": 171442000,
        "interestIncome": 475000,
        "interestExpense": 2562000,
        "depreciationAndAmortization": 9077000,
        "ebitda": 88000000,
        "ebitdaratio": 0.344914085,
        "operatingIncome": 83694000,
        "operatingIncomeRatio": 0.3280368117,
        "totalOtherIncomeExpensesNet": -377000,
        "incomeBeforeTax": 83623000,
        "incomeBeforeTaxRatio": 0.3277585288,
        "incomeTaxExpense": 27741000,
        "netIncome": 56000000,
        "netIncomeRatio": 0.2194907814,
        "eps": 0.39,
        "epsdiluted": 0.38,
        "weightedAverageShsOut": 143000000,
        "weightedAverageShsOutDil": 145000000,
        "link": "https://www.sec.gov/Archives/edgar/data/1526520/000119312513408110/0001193125-13-408110-index.htm",
        "finalLink": "https://www.sec.gov/Archives/edgar/data/1526520/000119312513408110/d598077d10q.htm"
    },
    {
        "date": "2013-06-30",
        "symbol": "TRIP",
        "reportedCurrency": "USD",
        "cik": "0001526520",
        "fillingDate": "2013-07-24",
        "acceptedDate": "2013-07-24 16:06:20",
        "calendarYear": "2013",
        "period": "Q2",
        "revenue": 246937000,
        "costOfRevenue": 4284000,
        "grossProfit": 242653000,
        "grossProfitRatio": 0.9826514455,
        "researchAndDevelopmentExpenses": 31903000,
        "generalAndAdministrativeExpenses": 57455000,
        "sellingAndMarketingExpenses": 82574000,
        "sellingGeneralAndAdministrativeExpenses": 140029000,
        "otherExpenses": -2150000,
        "operatingExpenses": 148535000,
        "costAndExpenses": 152819000,
        "interestIncome": 0,
        "interestExpense": 2066000,
        "depreciationAndAmortization": 8506000,
        "ebitda": 98000000,
        "ebitdaratio": 0.3968623576,
        "operatingIncome": 94118000,
        "operatingIncomeRatio": 0.3811417487,
        "totalOtherIncomeExpensesNet": -4000000,
        "incomeBeforeTax": 89902000,
        "incomeBeforeTaxRatio": 0.3640685681,
        "incomeTaxExpense": 22914000,
        "netIncome": 67000000,
        "netIncomeRatio": 0.2713242649,
        "eps": 0.47,
        "epsdiluted": 0.46,
        "weightedAverageShsOut": 144000000,
        "weightedAverageShsOutDil": 146000000,
        "link": "https://www.sec.gov/Archives/edgar/data/1526520/000119312513300521/0001193125-13-300521-index.htm",
        "finalLink": "https://www.sec.gov/Archives/edgar/data/1526520/000119312513300521/d548543d10q.htm"
    },
    {
        "date": "2013-03-31",
        "symbol": "TRIP",
        "reportedCurrency": "USD",
        "cik": "0001526520",
        "fillingDate": "2013-05-09",
        "acceptedDate": "2013-05-09 16:50:08",
        "calendarYear": "2013",
        "period": "Q1",
        "revenue": 229919000,
        "costOfRevenue": 3644000,
        "grossProfit": 226275000,
        "grossProfitRatio": 0.9841509401,
        "researchAndDevelopmentExpenses": 28815000,
        "generalAndAdministrativeExpenses": 51248000,
        "sellingAndMarketingExpenses": 79291000,
        "sellingGeneralAndAdministrativeExpenses": 130539000,
        "otherExpenses": -3867000,
        "operatingExpenses": 137972000,
        "costAndExpenses": 141616000,
        "interestIncome": 0,
        "interestExpense": 4000000,
        "depreciationAndAmortization": 7433000,
        "ebitda": 91000000,
        "ebitdaratio": 0.3957915614,
        "operatingIncome": 88303000,
        "operatingIncomeRatio": 0.3840613433,
        "totalOtherIncomeExpensesNet": -4000000,
        "incomeBeforeTax": 84436000,
        "incomeBeforeTaxRatio": 0.3672423767,
        "incomeTaxExpense": 22137000,
        "netIncome": 62000000,
        "netIncomeRatio": 0.2696601847,
        "eps": 0.44,
        "epsdiluted": 0.43,
        "weightedAverageShsOut": 143000000,
        "weightedAverageShsOutDil": 145000000,
        "link": "https://www.sec.gov/Archives/edgar/data/1526520/000119312513211291/0001193125-13-211291-index.htm",
        "finalLink": "https://www.sec.gov/Archives/edgar/data/1526520/000119312513211291/d509183d10q.htm"
    },
    {
        "date": "2012-12-31",
        "symbol": "TRIP",
        "reportedCurrency": "USD",
        "cik": "0001526520",
        "fillingDate": "2013-02-15",
        "acceptedDate": "2013-02-15 17:04:49",
        "calendarYear": "2012",
        "period": "Q4",
        "revenue": 169393000,
        "costOfRevenue": 3538000,
        "grossProfit": 165855000,
        "grossProfitRatio": 0.9791136588,
        "researchAndDevelopmentExpenses": 23690000,
        "generalAndAdministrativeExpenses": 44769000,
        "sellingAndMarketingExpenses": 66960000,
        "sellingGeneralAndAdministrativeExpenses": 111729000,
        "otherExpenses": -3702000,
        "operatingExpenses": 118863000,
        "costAndExpenses": 122401000,
        "interestIncome": 0,
        "interestExpense": 0,
        "depreciationAndAmortization": 7134000,
        "ebitda": 50072000,
        "ebitdaratio": 0.2955966303,
        "operatingIncome": 46992000,
        "operatingIncomeRatio": 0.2774140608,
        "totalOtherIncomeExpensesNet": -3702000,
        "incomeBeforeTax": 43290000,
        "incomeBeforeTaxRatio": 0.2555595568,
        "incomeTaxExpense": 9573000,
        "netIncome": 33579000,
        "netIncomeRatio": 0.1982313319,
        "eps": 0.24,
        "epsdiluted": 0.23,
        "weightedAverageShsOut": 142474131,
        "weightedAverageShsOutDil": 143813851,
        "link": "https://www.sec.gov/Archives/edgar/data/1526520/000119312513062886/0001193125-13-062886-index.htm",
        "finalLink": "https://www.sec.gov/Archives/edgar/data/1526520/000119312513062886/d444458d10k.htm"
    },
    {
        "date": "2012-09-30",
        "symbol": "TRIP",
        "reportedCurrency": "USD",
        "cik": "0001526520",
        "fillingDate": "2012-11-05",
        "acceptedDate": "2012-11-05 16:37:43",
        "calendarYear": "2012",
        "period": "Q3",
        "revenue": 212710000,
        "costOfRevenue": 2876000,
        "grossProfit": 209834000,
        "grossProfitRatio": 0.986479244,
        "researchAndDevelopmentExpenses": 23535000,
        "generalAndAdministrativeExpenses": 20056000,
        "sellingAndMarketingExpenses": 67647000,
        "sellingGeneralAndAdministrativeExpenses": 87703000,
        "otherExpenses": 6347000,
        "operatingExpenses": 117585000,
        "costAndExpenses": 120461000,
        "interestIncome": 76000,
        "interestExpense": 2882000,
        "depreciationAndAmortization": 6347000,
        "ebitda": 100039000,
        "ebitdaratio": 0.4703069907,
        "operatingIncome": 92249000,
        "operatingIncomeRatio": 0.433684359,
        "totalOtherIncomeExpensesNet": -1439000,
        "incomeBeforeTax": 90810000,
        "incomeBeforeTaxRatio": 0.4269192798,
        "incomeTaxExpense": 31275000,
        "netIncome": 59360000,
        "netIncomeRatio": 0.2790653942,
        "eps": 0.42,
        "epsdiluted": 0.41,
        "weightedAverageShsOut": 142342000,
        "weightedAverageShsOutDil": 143657000,
        "link": "https://www.sec.gov/Archives/edgar/data/1526520/000119312512451941/0001193125-12-451941-index.htm",
        "finalLink": "https://www.sec.gov/Archives/edgar/data/1526520/000119312512451941/d398801d10q.htm"
    },
    {
        "date": "2012-06-30",
        "symbol": "TRIP",
        "reportedCurrency": "USD",
        "cik": "0001526520",
        "fillingDate": "2012-07-26",
        "acceptedDate": "2012-07-26 16:05:51",
        "calendarYear": "2012",
        "period": "Q2",
        "revenue": 197148000,
        "costOfRevenue": 2926000,
        "grossProfit": 194222000,
        "grossProfitRatio": 0.9851583582,
        "researchAndDevelopmentExpenses": 21574000,
        "generalAndAdministrativeExpenses": 18252000,
        "sellingAndMarketingExpenses": 64243000,
        "sellingGeneralAndAdministrativeExpenses": 82495000,
        "otherExpenses": 6475000,
        "operatingExpenses": 110544000,
        "costAndExpenses": 113470000,
        "interestIncome": 0,
        "interestExpense": 2405000,
        "depreciationAndAmortization": 6475000,
        "ebitda": 97097000,
        "ebitdaratio": 0.4925081665,
        "operatingIncome": 83678000,
        "operatingIncomeRatio": 0.4244425508,
        "totalOtherIncomeExpensesNet": -6944000,
        "incomeBeforeTax": 76734000,
        "incomeBeforeTaxRatio": 0.3892202812,
        "incomeTaxExpense": 23569000,
        "netIncome": 53019000,
        "netIncomeRatio": 0.268929941,
        "eps": 0.38,
        "epsdiluted": 0.37,
        "weightedAverageShsOut": 139278000,
        "weightedAverageShsOutDil": 141737000,
        "link": "https://www.sec.gov/Archives/edgar/data/1526520/000119312512316807/0001193125-12-316807-index.htm",
        "finalLink": "https://www.sec.gov/Archives/edgar/data/1526520/000119312512316807/d351791d10q.htm"
    },
    {
        "date": "2012-03-31",
        "symbol": "TRIP",
        "reportedCurrency": "USD",
        "cik": "0001526520",
        "fillingDate": "2012-05-03",
        "acceptedDate": "2012-05-03 16:16:02",
        "calendarYear": "2012",
        "period": "Q1",
        "revenue": 183715000,
        "costOfRevenue": 2734000,
        "grossProfit": 180981000,
        "grossProfitRatio": 0.9851182538,
        "researchAndDevelopmentExpenses": 17841000,
        "generalAndAdministrativeExpenses": 16254000,
        "sellingAndMarketingExpenses": 67389000,
        "sellingGeneralAndAdministrativeExpenses": 83643000,
        "otherExpenses": 6120000,
        "operatingExpenses": 107604000,
        "costAndExpenses": 110338000,
        "interestIncome": 0,
        "interestExpense": 2932000,
        "depreciationAndAmortization": 6120000,
        "ebitda": 79497000,
        "ebitdaratio": 0.4327191574,
        "operatingIncome": 73377000,
        "operatingIncomeRatio": 0.3994066897,
        "totalOtherIncomeExpensesNet": -2236000,
        "incomeBeforeTax": 71141000,
        "incomeBeforeTaxRatio": 0.3872356639,
        "incomeTaxExpense": 22970000,
        "netIncome": 48111000,
        "netIncomeRatio": 0.261878453,
        "eps": 0.36,
        "epsdiluted": 0.35,
        "weightedAverageShsOut": 133754000,
        "weightedAverageShsOutDil": 136158000,
        "link": "https://www.sec.gov/Archives/edgar/data/1526520/000119312512208513/0001193125-12-208513-index.htm",
        "finalLink": "https://www.sec.gov/Archives/edgar/data/1526520/000119312512208513/d331634d10q.htm"
    },
    {
        "date": "2011-12-31",
        "symbol": "TRIP",
        "reportedCurrency": "USD",
        "cik": "0001526520",
        "fillingDate": "2012-03-15",
        "acceptedDate": "2012-03-15 16:33:01",
        "calendarYear": "2011",
        "period": "Q4",
        "revenue": 137798000,
        "costOfRevenue": 2680000,
        "grossProfit": 135118000,
        "grossProfitRatio": 0.9805512417,
        "researchAndDevelopmentExpenses": 16232000,
        "generalAndAdministrativeExpenses": 19438000,
        "sellingAndMarketingExpenses": 51947000,
        "sellingGeneralAndAdministrativeExpenses": 71385000,
        "otherExpenses": 6996000,
        "operatingExpenses": 94613000,
        "costAndExpenses": 97293000,
        "interestIncome": 0,
        "interestExpense": 446000,
        "depreciationAndAmortization": 6996000,
        "ebitda": 30637000,
        "ebitdaratio": 0.2223326899,
        "operatingIncome": 33556000,
        "operatingIncomeRatio": 0.2435158711,
        "totalOtherIncomeExpensesNet": -10000,
        "incomeBeforeTax": 33546000,
        "incomeBeforeTaxRatio": 0.2434433011,
        "incomeTaxExpense": 11529000,
        "netIncome": 22021000,
        "netIncomeRatio": 0.1598063833,
        "eps": 0.16,
        "epsdiluted": 0.16,
        "weightedAverageShsOut": 133753581,
        "weightedAverageShsOutDil": 136157675,
        "link": "https://www.sec.gov/Archives/edgar/data/1526520/000119312512117448/0001193125-12-117448-index.htm",
        "finalLink": "https://www.sec.gov/Archives/edgar/data/1526520/000119312512117448/d274856d10k.htm"
    },
    {
        "date": "2011-09-30",
        "symbol": "TRIP",
        "reportedCurrency": "USD",
        "cik": "0001526520",
        "fillingDate": "2011-12-06",
        "acceptedDate": "2011-12-06 15:16:56",
        "calendarYear": "2011",
        "period": "Q3",
        "revenue": 180801000,
        "costOfRevenue": 3227000,
        "grossProfit": 177574000,
        "grossProfitRatio": 0.9821516474,
        "researchAndDevelopmentExpenses": 14748000,
        "generalAndAdministrativeExpenses": 9194000,
        "sellingAndMarketingExpenses": 60349000,
        "sellingGeneralAndAdministrativeExpenses": 69543000,
        "otherExpenses": 7024000,
        "operatingExpenses": 91315000,
        "costAndExpenses": 94542000,
        "interestIncome": 0,
        "interestExpense": 0,
        "depreciationAndAmortization": 7024000,
        "ebitda": 93283000,
        "ebitdaratio": 0.5159429428,
        "operatingIncome": 82068000,
        "operatingIncomeRatio": 0.4539134186,
        "totalOtherIncomeExpensesNet": -2590000,
        "incomeBeforeTax": 79478000,
        "incomeBeforeTaxRatio": 0.4395882766,
        "incomeTaxExpense": 25185000,
        "netIncome": 54314000,
        "netIncomeRatio": 0.3004076305,
        "eps": 0.41,
        "epsdiluted": 0.41,
        "weightedAverageShsOut": 133461000,
        "weightedAverageShsOutDil": 133461000,
        "link": "https://www.sec.gov/Archives/edgar/data/1526520/000095012311102109/0000950123-11-102109-index.htm",
        "finalLink": "https://www.sec.gov/Archives/edgar/data/1526520/000095012311102109/b89090e10vq.htm"
    },
    {
        "date": "2011-06-30",
        "symbol": "TRIP",
        "reportedCurrency": "USD",
        "cik": "0001526520",
        "fillingDate": "2011-06-30",
        "acceptedDate": "2011-06-29 20:00:00",
        "calendarYear": "2011",
        "period": "Q2",
        "revenue": 169242000,
        "costOfRevenue": 2735000,
        "grossProfit": 166507000,
        "grossProfitRatio": 0.9838397088,
        "researchAndDevelopmentExpenses": 17058000,
        "generalAndAdministrativeExpenses": 8779000,
        "sellingAndMarketingExpenses": 52685000,
        "sellingGeneralAndAdministrativeExpenses": 61464000,
        "otherExpenses": 1132000,
        "operatingExpenses": 79654000,
        "costAndExpenses": 82389000,
        "interestIncome": 217000,
        "interestExpense": 217000,
        "depreciationAndAmortization": 5646000,
        "ebitda": 95076000,
        "ebitdaratio": 0.5617754458,
        "operatingIncome": 83819000,
        "operatingIncomeRatio": 0.4952612236,
        "totalOtherIncomeExpensesNet": 674000,
        "incomeBeforeTax": 84493000,
        "incomeBeforeTaxRatio": 0.4992436866,
        "incomeTaxExpense": 30383000,
        "netIncome": 54064000,
        "netIncomeRatio": 0.3194478912,
        "eps": 0.41,
        "epsdiluted": 0.41,
        "weightedAverageShsOut": 133461000,
        "weightedAverageShsOutDil": 133461000,
        "link": "",
        "finalLink": ""
    },
    {
        "date": "2011-03-31",
        "symbol": "TRIP",
        "reportedCurrency": "USD",
        "cik": "0001526520",
        "fillingDate": "2011-03-31",
        "acceptedDate": "2011-03-30 20:00:00",
        "calendarYear": "2011",
        "period": "Q1",
        "revenue": 149222000,
        "costOfRevenue": 2231000,
        "grossProfit": 146991000,
        "grossProfitRatio": 0.9850491214,
        "researchAndDevelopmentExpenses": 13089000,
        "generalAndAdministrativeExpenses": 8194000,
        "sellingAndMarketingExpenses": 44195000,
        "sellingGeneralAndAdministrativeExpenses": 52389000,
        "otherExpenses": 6219000,
        "operatingExpenses": 71697000,
        "costAndExpenses": 73928000,
        "interestIncome": 0,
        "interestExpense": 98000,
        "depreciationAndAmortization": 6219000,
        "ebitda": -68060000,
        "ebitdaratio": -0.4560989666,
        "operatingIncome": 73314000,
        "operatingIncomeRatio": 0.4913082521,
        "totalOtherIncomeExpensesNet": -147691000,
        "incomeBeforeTax": -74377000,
        "incomeBeforeTaxRatio": -0.4984318666,
        "incomeTaxExpense": 27006000,
        "netIncome": 47278000,
        "netIncomeRatio": 0.316829958,
        "eps": 0.35,
        "epsdiluted": 0.35,
        "weightedAverageShsOut": 133461000,
        "weightedAverageShsOutDil": 133461000,
        "link": "",
        "finalLink": ""
    },
    {
        "date": "2010-06-30",
        "symbol": "TRIP",
        "reportedCurrency": "USD",
        "cik": "0001526520",
        "fillingDate": "2010-06-30",
        "acceptedDate": "2010-06-29 20:00:00",
        "calendarYear": "2010",
        "period": "Q2",
        "revenue": 125409000,
        "costOfRevenue": 1735000,
        "grossProfit": 123674000,
        "grossProfitRatio": 0.9861652672,
        "researchAndDevelopmentExpenses": 13015000,
        "generalAndAdministrativeExpenses": 8851000,
        "sellingAndMarketingExpenses": 31392000,
        "sellingGeneralAndAdministrativeExpenses": 40243000,
        "otherExpenses": 2864000,
        "operatingExpenses": 56122000,
        "costAndExpenses": 57857000,
        "interestIncome": 70000,
        "interestExpense": 0,
        "depreciationAndAmortization": 2864000,
        "ebitda": 70416000,
        "ebitdaratio": 0.5614908021,
        "operatingIncome": 65577000,
        "operatingIncomeRatio": 0.5229050547,
        "totalOtherIncomeExpensesNet": -129725000,
        "incomeBeforeTax": -64148000,
        "incomeBeforeTaxRatio": -0.5115103382,
        "incomeTaxExpense": 24073000,
        "netIncome": 40062000,
        "netIncomeRatio": 0.3194507571,
        "eps": 0.3,
        "epsdiluted": 0.3,
        "weightedAverageShsOut": 133461000,
        "weightedAverageShsOutDil": 133461000,
        "link": "",
        "finalLink": ""
    }
]