[
    {
        "date": "2019-06-30",
        "symbol": "TSS",
        "reportedCurrency": "USD",
        "cik": "0000721683",
        "fillingDate": "2019-07-31",
        "acceptedDate": "2019-07-31 17:19:21",
        "calendarYear": "2019",
        "period": "Q2",
        "revenue": 1035485000,
        "costOfRevenue": 630820000,
        "grossProfit": 404665000,
        "grossProfitRatio": 0.390797549,
        "researchAndDevelopmentExpenses": 0,
        "generalAndAdministrativeExpenses": 185578000,
        "sellingAndMarketingExpenses": 630820000,
        "sellingGeneralAndAdministrativeExpenses": 816398000,
        "otherExpenses": 0,
        "operatingExpenses": 816398000,
        "costAndExpenses": 1447218000,
        "interestIncome": 0,
        "interestExpense": 12217000,
        "depreciationAndAmortization": 119284000,
        "ebitda": 313172000,
        "ebitdaratio": 0.3024399195,
        "operatingIncome": 193888000,
        "operatingIncomeRatio": 0.1872436588,
        "totalOtherIncomeExpensesNet": -12217000,
        "incomeBeforeTax": 181671000,
        "incomeBeforeTaxRatio": 0.1754453227,
        "incomeTaxExpense": 31128000,
        "netIncome": 150543000,
        "netIncomeRatio": 0.1453840471,
        "eps": 0.85,
        "epsdiluted": 0.84,
        "weightedAverageShsOut": 177697000,
        "weightedAverageShsOutDil": 179198000,
        "link": "https://www.sec.gov/Archives/edgar/data/721683/000155837019006687/0001558370-19-006687-index.html",
        "finalLink": "https://www.sec.gov/Archives/edgar/data/721683/000155837019006687/tss-20190630x10q.htm"
    },
    {
        "date": "2019-03-31",
        "symbol": "TSS",
        "reportedCurrency": "USD",
        "cik": "0000721683",
        "fillingDate": "2019-05-01",
        "acceptedDate": "2019-05-01 15:37:57",
        "calendarYear": "2019",
        "period": "Q1",
        "revenue": 1034531000,
        "costOfRevenue": 632212000,
        "grossProfit": 402319000,
        "grossProfitRatio": 0.3888902314,
        "researchAndDevelopmentExpenses": 0,
        "generalAndAdministrativeExpenses": 179049000,
        "sellingAndMarketingExpenses": 632212000,
        "sellingGeneralAndAdministrativeExpenses": 811261000,
        "otherExpenses": 0,
        "operatingExpenses": 811261000,
        "costAndExpenses": 1443473000,
        "interestIncome": 0,
        "interestExpense": 11227000,
        "depreciationAndAmortization": 117963000,
        "ebitda": 309469000,
        "ebitdaratio": 0.2991394168,
        "operatingIncome": 191506000,
        "operatingIncomeRatio": 0.1851138342,
        "totalOtherIncomeExpensesNet": -11227000,
        "incomeBeforeTax": 180279000,
        "incomeBeforeTaxRatio": 0.1742615736,
        "incomeTaxExpense": 29899000,
        "netIncome": 150380000,
        "netIncomeRatio": 0.1453605547,
        "eps": 0.84,
        "epsdiluted": 0.84,
        "weightedAverageShsOut": 178435000,
        "weightedAverageShsOutDil": 179886000,
        "link": "https://www.sec.gov/Archives/edgar/data/721683/000155837019003716/0001558370-19-003716-index.html",
        "finalLink": "https://www.sec.gov/Archives/edgar/data/721683/000155837019003716/tss-20190331x10q.htm"
    },
    {
        "date": "2018-12-31",
        "symbol": "TSS",
        "reportedCurrency": "USD",
        "cik": "0000721683",
        "fillingDate": "2019-02-21",
        "acceptedDate": "2019-02-21 17:23:25",
        "calendarYear": "2018",
        "period": "Q4",
        "revenue": 1018090000,
        "costOfRevenue": 636936000,
        "grossProfit": 381154000,
        "grossProfitRatio": 0.3743814398,
        "researchAndDevelopmentExpenses": 0,
        "generalAndAdministrativeExpenses": 171368000,
        "sellingAndMarketingExpenses": 636936000,
        "sellingGeneralAndAdministrativeExpenses": 808304000,
        "otherExpenses": 0,
        "operatingExpenses": 808304000,
        "costAndExpenses": 1445240000,
        "interestIncome": 0,
        "interestExpense": 163400000,
        "depreciationAndAmortization": 100151000,
        "ebitda": 440312000,
        "ebitdaratio": 0.4324882869,
        "operatingIncome": 340161000,
        "operatingIncomeRatio": 0.3341168266,
        "totalOtherIncomeExpensesNet": -173243000,
        "incomeBeforeTax": 166918000,
        "incomeBeforeTaxRatio": 0.1639521064,
        "incomeTaxExpense": 40341000,
        "netIncome": 126577000,
        "netIncomeRatio": 0.1243279081,
        "eps": 0.7,
        "epsdiluted": 0.69,
        "weightedAverageShsOut": 181956000,
        "weightedAverageShsOutDil": 183919000,
        "link": "https://www.sec.gov/Archives/edgar/data/721683/000155837019000862/0001558370-19-000862-index.html",
        "finalLink": "https://www.sec.gov/Archives/edgar/data/721683/000155837019000862/tss-20181231x10k.htm"
    },
    {
        "date": "2018-09-30",
        "symbol": "TSS",
        "reportedCurrency": "USD",
        "cik": "0000721683",
        "fillingDate": "2018-11-06",
        "acceptedDate": "2018-11-06 12:53:25",
        "calendarYear": "2018",
        "period": "Q3",
        "revenue": 1015371000,
        "costOfRevenue": 624363000,
        "grossProfit": 391008000,
        "grossProfitRatio": 0.3850888001,
        "researchAndDevelopmentExpenses": 0,
        "generalAndAdministrativeExpenses": 175025000,
        "sellingAndMarketingExpenses": 624363000,
        "sellingGeneralAndAdministrativeExpenses": 799388000,
        "otherExpenses": 0,
        "operatingExpenses": 799388000,
        "costAndExpenses": 1423751000,
        "interestIncome": 0,
        "interestExpense": 12384000,
        "depreciationAndAmortization": 102908000,
        "ebitda": 289981000,
        "ebitdaratio": 0.285591178,
        "operatingIncome": 187073000,
        "operatingIncomeRatio": 0.1842410311,
        "totalOtherIncomeExpensesNet": -12384000,
        "incomeBeforeTax": 174689000,
        "incomeBeforeTaxRatio": 0.1720445039,
        "incomeTaxExpense": 31113000,
        "netIncome": 143576000,
        "netIncomeRatio": 0.1414025021,
        "eps": 0.79,
        "epsdiluted": 0.78,
        "weightedAverageShsOut": 182016000,
        "weightedAverageShsOutDil": 183601000,
        "link": "https://www.sec.gov/Archives/edgar/data/721683/000155837018008594/0001558370-18-008594-index.html",
        "finalLink": "https://www.sec.gov/Archives/edgar/data/721683/000155837018008594/tss-20180930x10q.htm"
    },
    {
        "date": "2018-06-30",
        "symbol": "TSS",
        "reportedCurrency": "USD",
        "cik": "0000721683",
        "fillingDate": "2018-08-07",
        "acceptedDate": "2018-08-07 12:39:51",
        "calendarYear": "2018",
        "period": "Q2",
        "revenue": 1007580000,
        "costOfRevenue": 617818000,
        "grossProfit": 389762000,
        "grossProfitRatio": 0.3868298299,
        "researchAndDevelopmentExpenses": 0,
        "generalAndAdministrativeExpenses": 181064000,
        "sellingAndMarketingExpenses": 617818000,
        "sellingGeneralAndAdministrativeExpenses": 798882000,
        "otherExpenses": 0,
        "operatingExpenses": 798882000,
        "costAndExpenses": 1416700000,
        "interestIncome": 0,
        "interestExpense": 12321000,
        "depreciationAndAmortization": 105866000,
        "ebitda": 285715000,
        "ebitdaratio": 0.283565573,
        "operatingIncome": 179849000,
        "operatingIncomeRatio": 0.1784960003,
        "totalOtherIncomeExpensesNet": -12321000,
        "incomeBeforeTax": 167528000,
        "incomeBeforeTaxRatio": 0.1662676909,
        "incomeTaxExpense": 37414000,
        "netIncome": 130114000,
        "netIncomeRatio": 0.1291351555,
        "eps": 0.72,
        "epsdiluted": 0.71,
        "weightedAverageShsOut": 181842000,
        "weightedAverageShsOutDil": 183457000,
        "link": "https://www.sec.gov/Archives/edgar/data/721683/000155837018006540/0001558370-18-006540-index.html",
        "finalLink": "https://www.sec.gov/Archives/edgar/data/721683/000155837018006540/tss-20180630x10q.htm"
    },
    {
        "date": "2018-03-31",
        "symbol": "TSS",
        "reportedCurrency": "USD",
        "cik": "0000721683",
        "fillingDate": "2018-05-08",
        "acceptedDate": "2018-05-08 17:27:35",
        "calendarYear": "2018",
        "period": "Q1",
        "revenue": 987170000,
        "costOfRevenue": 613365000,
        "grossProfit": 373805000,
        "grossProfitRatio": 0.3786632495,
        "researchAndDevelopmentExpenses": 0,
        "generalAndAdministrativeExpenses": 185534000,
        "sellingAndMarketingExpenses": 613365000,
        "sellingGeneralAndAdministrativeExpenses": 798899000,
        "otherExpenses": 0,
        "operatingExpenses": 798899000,
        "costAndExpenses": 1412264000,
        "interestIncome": 0,
        "interestExpense": 9347000,
        "depreciationAndAmortization": 105657000,
        "ebitda": 265633000,
        "ebitdaratio": 0.2690853652,
        "operatingIncome": 159976000,
        "operatingIncomeRatio": 0.1620551678,
        "totalOtherIncomeExpensesNet": -9347000,
        "incomeBeforeTax": 150629000,
        "incomeBeforeTaxRatio": 0.1525866872,
        "incomeTaxExpense": 18135000,
        "netIncome": 132494000,
        "netIncomeRatio": 0.1342159912,
        "eps": 0.73,
        "epsdiluted": 0.72,
        "weightedAverageShsOut": 181395000,
        "weightedAverageShsOutDil": 183298000,
        "link": "https://www.sec.gov/Archives/edgar/data/721683/000155837018004357/0001558370-18-004357-index.html",
        "finalLink": "https://www.sec.gov/Archives/edgar/data/721683/000155837018004357/tss-20180331x10q.htm"
    },
    {
        "date": "2017-12-31",
        "symbol": "TSS",
        "reportedCurrency": "USD",
        "cik": "0000721683",
        "fillingDate": "2018-02-23",
        "acceptedDate": "2018-02-23 17:25:23",
        "calendarYear": "2017",
        "period": "Q4",
        "revenue": 1273289000,
        "costOfRevenue": 939106000,
        "grossProfit": 334183000,
        "grossProfitRatio": 0.2624565201,
        "researchAndDevelopmentExpenses": 0,
        "generalAndAdministrativeExpenses": 160262000,
        "sellingAndMarketingExpenses": 939106000,
        "sellingGeneralAndAdministrativeExpenses": 1099368000,
        "otherExpenses": 0,
        "operatingExpenses": 1099368000,
        "costAndExpenses": 2038474000,
        "interestIncome": 0,
        "interestExpense": 7950000,
        "depreciationAndAmortization": 103375000,
        "ebitda": 257544000,
        "ebitdaratio": 0.2022667281,
        "operatingIncome": 154169000,
        "operatingIncomeRatio": 0.1210793465,
        "totalOtherIncomeExpensesNet": -7950000,
        "incomeBeforeTax": 146219000,
        "incomeBeforeTaxRatio": 0.1148356736,
        "incomeTaxExpense": -88039000,
        "netIncome": 234258000,
        "netIncomeRatio": 0.1839786568,
        "eps": 1.28,
        "epsdiluted": 1.26,
        "weightedAverageShsOut": 183309000,
        "weightedAverageShsOutDil": 185430000,
        "link": "https://www.sec.gov/Archives/edgar/data/721683/000155837018001043/0001558370-18-001043-index.html",
        "finalLink": "https://www.sec.gov/Archives/edgar/data/721683/000155837018001043/tss-20171231x10k.htm"
    },
    {
        "date": "2017-09-30",
        "symbol": "TSS",
        "reportedCurrency": "USD",
        "cik": "0000721683",
        "fillingDate": "2017-11-07",
        "acceptedDate": "2017-11-07 13:24:36",
        "calendarYear": "2017",
        "period": "Q3",
        "revenue": 1247576000,
        "costOfRevenue": 898470000,
        "grossProfit": 349106000,
        "grossProfitRatio": 0.2798274414,
        "researchAndDevelopmentExpenses": 0,
        "generalAndAdministrativeExpenses": 149414000,
        "sellingAndMarketingExpenses": 898470000,
        "sellingGeneralAndAdministrativeExpenses": 1047884000,
        "otherExpenses": 0,
        "operatingExpenses": 1047884000,
        "costAndExpenses": 1946354000,
        "interestIncome": 0,
        "interestExpense": 6866000,
        "depreciationAndAmortization": 101596000,
        "ebitda": 279319000,
        "ebitdaratio": 0.2238893663,
        "operatingIncome": 177723000,
        "operatingIncomeRatio": 0.1424546481,
        "totalOtherIncomeExpensesNet": -6866000,
        "incomeBeforeTax": 170857000,
        "incomeBeforeTaxRatio": 0.1369511757,
        "incomeTaxExpense": 54628000,
        "netIncome": 116229000,
        "netIncomeRatio": 0.0931638634,
        "eps": 0.63,
        "epsdiluted": 0.63,
        "weightedAverageShsOut": 183633000,
        "weightedAverageShsOutDil": 185473000,
        "link": "https://www.sec.gov/Archives/edgar/data/721683/000155837017008348/0001558370-17-008348-index.html",
        "finalLink": "https://www.sec.gov/Archives/edgar/data/721683/000155837017008348/tss-20170930x10q.htm"
    },
    {
        "date": "2017-06-30",
        "symbol": "TSS",
        "reportedCurrency": "USD",
        "cik": "0000721683",
        "fillingDate": "2017-08-07",
        "acceptedDate": "2017-08-07 17:15:56",
        "calendarYear": "2017",
        "period": "Q2",
        "revenue": 1222375000,
        "costOfRevenue": 877888000,
        "grossProfit": 344487000,
        "grossProfitRatio": 0.2818177728,
        "researchAndDevelopmentExpenses": 0,
        "generalAndAdministrativeExpenses": 151239000,
        "sellingAndMarketingExpenses": 877888000,
        "sellingGeneralAndAdministrativeExpenses": 1029127000,
        "otherExpenses": 0,
        "operatingExpenses": 1029127000,
        "costAndExpenses": 1907015000,
        "interestIncome": 0,
        "interestExpense": 8015000,
        "depreciationAndAmortization": 100669000,
        "ebitda": 271890000,
        "ebitdaratio": 0.2224276511,
        "operatingIncome": 171221000,
        "operatingIncomeRatio": 0.1400724,
        "totalOtherIncomeExpensesNet": -8015000,
        "incomeBeforeTax": 163206000,
        "incomeBeforeTaxRatio": 0.1335154924,
        "incomeTaxExpense": 56207000,
        "netIncome": 106999000,
        "netIncomeRatio": 0.0875336947,
        "eps": 0.58,
        "epsdiluted": 0.58,
        "weightedAverageShsOut": 183484000,
        "weightedAverageShsOutDil": 185122000,
        "link": "https://www.sec.gov/Archives/edgar/data/721683/000155837017006141/0001558370-17-006141-index.html",
        "finalLink": "https://www.sec.gov/Archives/edgar/data/721683/000155837017006141/tss-20170630x10q.htm"
    },
    {
        "date": "2017-03-31",
        "symbol": "TSS",
        "reportedCurrency": "USD",
        "cik": "0000721683",
        "fillingDate": "2017-05-04",
        "acceptedDate": "2017-05-04 13:27:25",
        "calendarYear": "2017",
        "period": "Q1",
        "revenue": 1184725000,
        "costOfRevenue": 861856000,
        "grossProfit": 322869000,
        "grossProfitRatio": 0.2725265357,
        "researchAndDevelopmentExpenses": 0,
        "generalAndAdministrativeExpenses": 155686000,
        "sellingAndMarketingExpenses": 861856000,
        "sellingGeneralAndAdministrativeExpenses": 1017542000,
        "otherExpenses": 0,
        "operatingExpenses": 1017542000,
        "costAndExpenses": 1879398000,
        "interestIncome": 0,
        "interestExpense": 11670000,
        "depreciationAndAmortization": 105480000,
        "ebitda": 254430000,
        "ebitdaratio": 0.2147586993,
        "operatingIncome": 148950000,
        "operatingIncomeRatio": 0.1257253793,
        "totalOtherIncomeExpensesNet": -11670000,
        "incomeBeforeTax": 137280000,
        "incomeBeforeTaxRatio": 0.1158749921,
        "incomeTaxExpense": 43082000,
        "netIncome": 94198000,
        "netIncomeRatio": 0.0795104349,
        "eps": 0.51,
        "epsdiluted": 0.51,
        "weightedAverageShsOut": 183220000,
        "weightedAverageShsOutDil": 184938000,
        "link": "https://www.sec.gov/Archives/edgar/data/721683/000072168317000075/0000721683-17-000075-index.html",
        "finalLink": "https://www.sec.gov/Archives/edgar/data/721683/000072168317000075/tss-20170331x10q.htm"
    },
    {
        "date": "2016-12-31",
        "symbol": "TSS",
        "reportedCurrency": "USD",
        "cik": "0000721683",
        "fillingDate": "2017-02-24",
        "acceptedDate": "2017-02-23 20:12:18",
        "calendarYear": "2016",
        "period": "Q4",
        "revenue": 1132224000,
        "costOfRevenue": 826331000,
        "grossProfit": 305893000,
        "grossProfitRatio": 0.270170037,
        "researchAndDevelopmentExpenses": 0,
        "generalAndAdministrativeExpenses": 175346000,
        "sellingAndMarketingExpenses": 826331000,
        "sellingGeneralAndAdministrativeExpenses": 1001677000,
        "otherExpenses": 0,
        "operatingExpenses": 1001677000,
        "costAndExpenses": 1828008000,
        "interestIncome": 0,
        "interestExpense": 6274000,
        "depreciationAndAmortization": 103370000,
        "ebitda": 210529000,
        "ebitdaratio": 0.1859428876,
        "operatingIncome": 107159000,
        "operatingIncomeRatio": 0.0946446993,
        "totalOtherIncomeExpensesNet": -6274000,
        "incomeBeforeTax": 100885000,
        "incomeBeforeTaxRatio": 0.089103393,
        "incomeTaxExpense": 33209000,
        "netIncome": 67676000,
        "netIncomeRatio": 0.0597726245,
        "eps": 0.37,
        "epsdiluted": 0.37,
        "weightedAverageShsOut": 182744000,
        "weightedAverageShsOutDil": 184448000,
        "link": "https://www.sec.gov/Archives/edgar/data/721683/000155837017000920/0001558370-17-000920-index.html",
        "finalLink": "https://www.sec.gov/Archives/edgar/data/721683/000155837017000920/tss-20161231x10k.htm"
    },
    {
        "date": "2016-09-30",
        "symbol": "TSS",
        "reportedCurrency": "USD",
        "cik": "0000721683",
        "fillingDate": "2016-11-04",
        "acceptedDate": "2016-11-04 16:06:24",
        "calendarYear": "2016",
        "period": "Q3",
        "revenue": 1146888000,
        "costOfRevenue": 848515000,
        "grossProfit": 298373000,
        "grossProfitRatio": 0.2601587949,
        "researchAndDevelopmentExpenses": 0,
        "generalAndAdministrativeExpenses": 143046000,
        "sellingAndMarketingExpenses": 2166731000,
        "sellingGeneralAndAdministrativeExpenses": 2309777000,
        "otherExpenses": 0,
        "operatingExpenses": 2309777000,
        "costAndExpenses": 3158292000,
        "interestIncome": 0,
        "interestExpense": 4277000,
        "depreciationAndAmortization": 100175000,
        "ebitda": 229774000,
        "ebitdaratio": 0.200345631,
        "operatingIncome": 129599000,
        "operatingIncomeRatio": 0.113000572,
        "totalOtherIncomeExpensesNet": -4277000,
        "incomeBeforeTax": 125322000,
        "incomeBeforeTaxRatio": 0.1092713499,
        "incomeTaxExpense": 44247000,
        "netIncome": 81075000,
        "netIncomeRatio": 0.0706912968,
        "eps": 0.44,
        "epsdiluted": 0.44,
        "weightedAverageShsOut": 182656000,
        "weightedAverageShsOutDil": 183485000,
        "link": "https://www.sec.gov/Archives/edgar/data/721683/000155837016009363/0001558370-16-009363-index.html",
        "finalLink": "https://www.sec.gov/Archives/edgar/data/721683/000155837016009363/tss-20160930x10q.htm"
    },
    {
        "date": "2016-06-30",
        "symbol": "TSS",
        "reportedCurrency": "USD",
        "cik": "0000721683",
        "fillingDate": "2016-08-05",
        "acceptedDate": "2016-08-04 18:35:41",
        "calendarYear": "2016",
        "period": "Q2",
        "revenue": 1151587000,
        "costOfRevenue": 837660000,
        "grossProfit": 313927000,
        "grossProfitRatio": 0.2726038067,
        "researchAndDevelopmentExpenses": 0,
        "generalAndAdministrativeExpenses": 178106000,
        "sellingAndMarketingExpenses": 837660000,
        "sellingGeneralAndAdministrativeExpenses": 1015766000,
        "otherExpenses": 0,
        "operatingExpenses": 1015766000,
        "costAndExpenses": 535210000,
        "interestIncome": 0,
        "interestExpense": 4238000,
        "depreciationAndAmortization": 106250000,
        "ebitda": 216248000,
        "ebitdaratio": 0.1877825991,
        "operatingIncome": 109998000,
        "operatingIncomeRatio": 0.0955186191,
        "totalOtherIncomeExpensesNet": -4238000,
        "incomeBeforeTax": 105760000,
        "incomeBeforeTaxRatio": 0.0918384803,
        "incomeTaxExpense": 40290000,
        "netIncome": 65470000,
        "netIncomeRatio": 0.0568519791,
        "eps": 0.36,
        "epsdiluted": 0.36,
        "weightedAverageShsOut": 183489000,
        "weightedAverageShsOutDil": 184335000,
        "link": "https://www.sec.gov/Archives/edgar/data/721683/000119312516672156/0001193125-16-672156-index.html",
        "finalLink": "https://www.sec.gov/Archives/edgar/data/721683/000119312516672156/d213865d10q.htm"
    },
    {
        "date": "2016-03-31",
        "symbol": "TSS",
        "reportedCurrency": "USD",
        "cik": "0000721683",
        "fillingDate": "2016-05-05",
        "acceptedDate": "2016-05-05 14:15:40",
        "calendarYear": "2016",
        "period": "Q1",
        "revenue": 739378000,
        "costOfRevenue": 480556000,
        "grossProfit": 258822000,
        "grossProfitRatio": 0.3500536938,
        "researchAndDevelopmentExpenses": 0,
        "generalAndAdministrativeExpenses": 107135000,
        "sellingAndMarketingExpenses": 480556000,
        "sellingGeneralAndAdministrativeExpenses": 587691000,
        "otherExpenses": 0,
        "operatingExpenses": 587691000,
        "costAndExpenses": 1068247000,
        "interestIncome": 0,
        "interestExpense": 4810000,
        "depreciationAndAmortization": 78071000,
        "ebitda": 212128000,
        "ebitdaratio": 0.2869006111,
        "operatingIncome": 134057000,
        "operatingIncomeRatio": 0.1813105069,
        "totalOtherIncomeExpensesNet": -4810000,
        "incomeBeforeTax": 129247000,
        "incomeBeforeTaxRatio": 0.1748050388,
        "incomeTaxExpense": 43429000,
        "netIncome": 85818000,
        "netIncomeRatio": 0.11606783,
        "eps": 0.47,
        "epsdiluted": 0.47,
        "weightedAverageShsOut": 182177000,
        "weightedAverageShsOutDil": 182807000,
        "link": "https://www.sec.gov/Archives/edgar/data/721683/000119312516579572/0001193125-16-579572-index.html",
        "finalLink": "https://www.sec.gov/Archives/edgar/data/721683/000119312516579572/d167706d10q.htm"
    },
    {
        "date": "2015-12-31",
        "symbol": "TSS",
        "reportedCurrency": "USD",
        "cik": "0000721683",
        "fillingDate": "2016-02-25",
        "acceptedDate": "2016-02-24 19:13:25",
        "calendarYear": "2015",
        "period": "Q4",
        "revenue": 716843000,
        "costOfRevenue": 489040000,
        "grossProfit": 227803000,
        "grossProfitRatio": 0.3177864609,
        "researchAndDevelopmentExpenses": 0,
        "generalAndAdministrativeExpenses": 109898000,
        "sellingAndMarketingExpenses": 489040000,
        "sellingGeneralAndAdministrativeExpenses": 598938000,
        "otherExpenses": 0,
        "operatingExpenses": 598938000,
        "costAndExpenses": 1087978000,
        "interestIncome": 0,
        "interestExpense": 6320000,
        "depreciationAndAmortization": 67608000,
        "ebitda": 182596000,
        "ebitdaratio": 0.2547224427,
        "operatingIncome": 114988000,
        "operatingIncomeRatio": 0.160408904,
        "totalOtherIncomeExpensesNet": -6320000,
        "incomeBeforeTax": 108668000,
        "incomeBeforeTaxRatio": 0.1515924686,
        "incomeTaxExpense": 32160000,
        "netIncome": 76508000,
        "netIncomeRatio": 0.1067290885,
        "eps": 0.42,
        "epsdiluted": 0.42,
        "weightedAverageShsOut": 182465000,
        "weightedAverageShsOutDil": 183622000,
        "link": "https://www.sec.gov/Archives/edgar/data/721683/000119312516476239/0001193125-16-476239-index.html",
        "finalLink": "https://www.sec.gov/Archives/edgar/data/721683/000119312516476239/d240097d10k.htm"
    },
    {
        "date": "2015-09-30",
        "symbol": "TSS",
        "reportedCurrency": "USD",
        "cik": "0000721683",
        "fillingDate": "2015-11-05",
        "acceptedDate": "2015-11-05 11:53:17",
        "calendarYear": "2015",
        "period": "Q3",
        "revenue": 707890000,
        "costOfRevenue": 456495000,
        "grossProfit": 251395000,
        "grossProfitRatio": 0.3551328596,
        "researchAndDevelopmentExpenses": 0,
        "generalAndAdministrativeExpenses": 88291000,
        "sellingAndMarketingExpenses": 456495000,
        "sellingGeneralAndAdministrativeExpenses": 544786000,
        "otherExpenses": 0,
        "operatingExpenses": 544786000,
        "costAndExpenses": 1001281000,
        "interestIncome": 0,
        "interestExpense": 3907000,
        "depreciationAndAmortization": 65060000,
        "ebitda": 223507000,
        "ebitdaratio": 0.3157369083,
        "operatingIncome": 158447000,
        "operatingIncomeRatio": 0.2238299736,
        "totalOtherIncomeExpensesNet": -3907000,
        "incomeBeforeTax": 154540000,
        "incomeBeforeTaxRatio": 0.2183107545,
        "incomeTaxExpense": 37825000,
        "netIncome": 116715000,
        "netIncomeRatio": 0.1648773114,
        "eps": 0.64,
        "epsdiluted": 0.63,
        "weightedAverageShsOut": 182701000,
        "weightedAverageShsOutDil": 183915000,
        "link": "https://www.sec.gov/Archives/edgar/data/721683/000119312515367677/0001193125-15-367677-index.html",
        "finalLink": "https://www.sec.gov/Archives/edgar/data/721683/000119312515367677/d97203d10q.htm"
    },
    {
        "date": "2015-06-30",
        "symbol": "TSS",
        "reportedCurrency": "USD",
        "cik": "0000721683",
        "fillingDate": "2015-08-06",
        "acceptedDate": "2015-08-06 10:14:26",
        "calendarYear": "2015",
        "period": "Q2",
        "revenue": 692652000,
        "costOfRevenue": 459941000,
        "grossProfit": 232711000,
        "grossProfitRatio": 0.3359710215,
        "researchAndDevelopmentExpenses": 0,
        "generalAndAdministrativeExpenses": 102109000,
        "sellingAndMarketingExpenses": 459941000,
        "sellingGeneralAndAdministrativeExpenses": 562050000,
        "otherExpenses": 0,
        "operatingExpenses": 562050000,
        "costAndExpenses": 1021991000,
        "interestIncome": 0,
        "interestExpense": 4043000,
        "depreciationAndAmortization": 64463000,
        "ebitda": 188899000,
        "ebitdaratio": 0.2727184791,
        "operatingIncome": 124436000,
        "operatingIncomeRatio": 0.1796515422,
        "totalOtherIncomeExpensesNet": -4043000,
        "incomeBeforeTax": 120393000,
        "incomeBeforeTaxRatio": 0.1738145562,
        "incomeTaxExpense": 41597000,
        "netIncome": 78796000,
        "netIncomeRatio": 0.1137598679,
        "eps": 0.43,
        "epsdiluted": 0.43,
        "weightedAverageShsOut": 182487000,
        "weightedAverageShsOutDil": 183632000,
        "link": "https://www.sec.gov/Archives/edgar/data/721683/000119312515280193/0001193125-15-280193-index.html",
        "finalLink": "https://www.sec.gov/Archives/edgar/data/721683/000119312515280193/d938036d10q.htm"
    },
    {
        "date": "2015-03-31",
        "symbol": "TSS",
        "reportedCurrency": "USD",
        "cik": "0000721683",
        "fillingDate": "2015-05-07",
        "acceptedDate": "2015-05-07 14:17:29",
        "calendarYear": "2015",
        "period": "Q1",
        "revenue": 662156000,
        "costOfRevenue": 449705000,
        "grossProfit": 212451000,
        "grossProfitRatio": 0.3208473532,
        "researchAndDevelopmentExpenses": 0,
        "generalAndAdministrativeExpenses": 89955000,
        "sellingAndMarketingExpenses": 449705000,
        "sellingGeneralAndAdministrativeExpenses": 539660000,
        "otherExpenses": 0,
        "operatingExpenses": 539660000,
        "costAndExpenses": 989365000,
        "interestIncome": 0,
        "interestExpense": 4250000,
        "depreciationAndAmortization": 63371000,
        "ebitda": 180908000,
        "ebitdaratio": 0.2732105425,
        "operatingIncome": 117537000,
        "operatingIncomeRatio": 0.177506509,
        "totalOtherIncomeExpensesNet": -4250000,
        "incomeBeforeTax": 113287000,
        "incomeBeforeTaxRatio": 0.171088082,
        "incomeTaxExpense": 39782000,
        "netIncome": 73505000,
        "netIncomeRatio": 0.1110085841,
        "eps": 0.4,
        "epsdiluted": 0.4,
        "weightedAverageShsOut": 182772000,
        "weightedAverageShsOutDil": 183854000,
        "link": "https://www.sec.gov/Archives/edgar/data/721683/000119312515176738/0001193125-15-176738-index.html",
        "finalLink": "https://www.sec.gov/Archives/edgar/data/721683/000119312515176738/d895765d10q.htm"
    },
    {
        "date": "2014-12-31",
        "symbol": "TSS",
        "reportedCurrency": "USD",
        "cik": "0000721683",
        "fillingDate": "2015-02-26",
        "acceptedDate": "2015-02-25 19:17:00",
        "calendarYear": "2014",
        "period": "Q4",
        "revenue": 635103000,
        "costOfRevenue": 422129000,
        "grossProfit": 212974000,
        "grossProfitRatio": 0.3353377326,
        "researchAndDevelopmentExpenses": 0,
        "generalAndAdministrativeExpenses": 90262000,
        "sellingAndMarketingExpenses": 422068000,
        "sellingGeneralAndAdministrativeExpenses": 512330000,
        "otherExpenses": 0,
        "operatingExpenses": 512330000,
        "costAndExpenses": 934459000,
        "interestIncome": 0,
        "interestExpense": 1031000,
        "depreciationAndAmortization": 63744000,
        "ebitda": 179032000,
        "ebitdaratio": 0.2818944329,
        "operatingIncome": 115288000,
        "operatingIncomeRatio": 0.1815264611,
        "totalOtherIncomeExpensesNet": -1031000,
        "incomeBeforeTax": 114257000,
        "incomeBeforeTaxRatio": 0.1799031023,
        "incomeTaxExpense": 35428000,
        "netIncome": 78829000,
        "netIncomeRatio": 0.1241200246,
        "eps": 0.43,
        "epsdiluted": 0.42,
        "weightedAverageShsOut": 184297000,
        "weightedAverageShsOutDil": 185756000,
        "link": "https://www.sec.gov/Archives/edgar/data/721683/000119312515063177/0001193125-15-063177-index.htm",
        "finalLink": "https://www.sec.gov/Archives/edgar/data/721683/000119312515063177/d835889d10k.htm"
    },
    {
        "date": "2014-09-30",
        "symbol": "TSS",
        "reportedCurrency": "USD",
        "cik": "0000721683",
        "fillingDate": "2014-11-06",
        "acceptedDate": "2014-11-06 10:39:27",
        "calendarYear": "2014",
        "period": "Q3",
        "revenue": 616891000,
        "costOfRevenue": 407391000,
        "grossProfit": 209500000,
        "grossProfitRatio": 0.3396061865,
        "researchAndDevelopmentExpenses": 0,
        "generalAndAdministrativeExpenses": 79303000,
        "sellingAndMarketingExpenses": 408181000,
        "sellingGeneralAndAdministrativeExpenses": 487484000,
        "otherExpenses": 0,
        "operatingExpenses": 487484000,
        "costAndExpenses": 894875000,
        "interestIncome": 0,
        "interestExpense": 3623000,
        "depreciationAndAmortization": 62985000,
        "ebitda": 186018000,
        "ebitdaratio": 0.301541115,
        "operatingIncome": 123033000,
        "operatingIncomeRatio": 0.1994404198,
        "totalOtherIncomeExpensesNet": -3623000,
        "incomeBeforeTax": 119410000,
        "incomeBeforeTaxRatio": 0.1935674211,
        "incomeTaxExpense": 39227000,
        "netIncome": 80183000,
        "netIncomeRatio": 0.1299792022,
        "eps": 0.43,
        "epsdiluted": 0.43,
        "weightedAverageShsOut": 184641000,
        "weightedAverageShsOutDil": 186918000,
        "link": "https://www.sec.gov/Archives/edgar/data/721683/000119312514400082/0001193125-14-400082-index.html",
        "finalLink": "https://www.sec.gov/Archives/edgar/data/721683/000119312514400082/d783908d10q.htm"
    },
    {
        "date": "2014-06-30",
        "symbol": "TSS",
        "reportedCurrency": "USD",
        "cik": "0000721683",
        "fillingDate": "2014-08-07",
        "acceptedDate": "2014-08-07 16:46:25",
        "calendarYear": "2014",
        "period": "Q2",
        "revenue": 602035000,
        "costOfRevenue": 416489000,
        "grossProfit": 185546000,
        "grossProfitRatio": 0.3081980284,
        "researchAndDevelopmentExpenses": 0,
        "generalAndAdministrativeExpenses": 85600000,
        "sellingAndMarketingExpenses": 417672000,
        "sellingGeneralAndAdministrativeExpenses": 503272000,
        "otherExpenses": 0,
        "operatingExpenses": 503272000,
        "costAndExpenses": 919761000,
        "interestIncome": 0,
        "interestExpense": 52296000,
        "depreciationAndAmortization": 61511000,
        "ebitda": 202185000,
        "ebitdaratio": 0.3358359564,
        "operatingIncome": 140674000,
        "operatingIncomeRatio": 0.2336641557,
        "totalOtherIncomeExpensesNet": -52296000,
        "incomeBeforeTax": 88378000,
        "incomeBeforeTaxRatio": 0.1467987742,
        "incomeTaxExpense": 30771000,
        "netIncome": 57607000,
        "netIncomeRatio": 0.0956871278,
        "eps": 0.31,
        "epsdiluted": 0.31,
        "weightedAverageShsOut": 185123000,
        "weightedAverageShsOutDil": 187502000,
        "link": "https://www.sec.gov/Archives/edgar/data/721683/000119312514300851/0001193125-14-300851-index.html",
        "finalLink": "https://www.sec.gov/Archives/edgar/data/721683/000119312514300851/d737574d10q.htm"
    },
    {
        "date": "2014-03-31",
        "symbol": "TSS",
        "reportedCurrency": "USD",
        "cik": "0000721683",
        "fillingDate": "2014-05-08",
        "acceptedDate": "2014-05-08 15:30:29",
        "calendarYear": "2014",
        "period": "Q1",
        "revenue": 592848000,
        "costOfRevenue": 422883000,
        "grossProfit": 169965000,
        "grossProfitRatio": 0.2866923731,
        "researchAndDevelopmentExpenses": 0,
        "generalAndAdministrativeExpenses": 87963000,
        "sellingAndMarketingExpenses": 424188000,
        "sellingGeneralAndAdministrativeExpenses": 512151000,
        "otherExpenses": 0,
        "operatingExpenses": 512151000,
        "costAndExpenses": 935034000,
        "interestIncome": 0,
        "interestExpense": 2754000,
        "depreciationAndAmortization": 61978000,
        "ebitda": 135616000,
        "ebitdaratio": 0.2287534073,
        "operatingIncome": 73638000,
        "operatingIncomeRatio": 0.1242105902,
        "totalOtherIncomeExpensesNet": -2754000,
        "incomeBeforeTax": 70884000,
        "incomeBeforeTaxRatio": 0.1195652174,
        "incomeTaxExpense": 24335000,
        "netIncome": 46549000,
        "netIncomeRatio": 0.0785175964,
        "eps": 0.25,
        "epsdiluted": 0.25,
        "weightedAverageShsOut": 185763000,
        "weightedAverageShsOutDil": 188395000,
        "link": "https://www.sec.gov/Archives/edgar/data/721683/000119312514189810/0001193125-14-189810-index.html",
        "finalLink": "https://www.sec.gov/Archives/edgar/data/721683/000119312514189810/d699926d10q.htm"
    },
    {
        "date": "2013-12-31",
        "symbol": "TSS",
        "reportedCurrency": "USD",
        "cik": "0000721683",
        "fillingDate": "2014-02-25",
        "acceptedDate": "2014-02-25 17:01:23",
        "calendarYear": "2013",
        "period": "Q4",
        "revenue": 600840000,
        "costOfRevenue": 403475000,
        "grossProfit": 197365000,
        "grossProfitRatio": 0.3284817922,
        "researchAndDevelopmentExpenses": 0,
        "generalAndAdministrativeExpenses": 84752000,
        "sellingAndMarketingExpenses": 405686000,
        "sellingGeneralAndAdministrativeExpenses": 490438000,
        "otherExpenses": 0,
        "operatingExpenses": 490438000,
        "costAndExpenses": 893913000,
        "interestIncome": 0,
        "interestExpense": -47000,
        "depreciationAndAmortization": 63449000,
        "ebitda": 163089000,
        "ebitdaratio": 0.271434991,
        "operatingIncome": 99640000,
        "operatingIncomeRatio": 0.1658344984,
        "totalOtherIncomeExpensesNet": 47000,
        "incomeBeforeTax": 99687000,
        "incomeBeforeTaxRatio": 0.1659127222,
        "incomeTaxExpense": 33985000,
        "netIncome": 65702000,
        "netIncomeRatio": 0.109350243,
        "eps": 0.35,
        "epsdiluted": 0.35,
        "weightedAverageShsOut": 187145000,
        "weightedAverageShsOutDil": 188793000,
        "link": "https://www.sec.gov/Archives/edgar/data/721683/000119312514067465/0001193125-14-067465-index.htm",
        "finalLink": "https://www.sec.gov/Archives/edgar/data/721683/000119312514067465/d643134d10k.htm"
    },
    {
        "date": "2013-09-30",
        "symbol": "TSS",
        "reportedCurrency": "USD",
        "cik": "0000721683",
        "fillingDate": "2013-11-06",
        "acceptedDate": "2013-11-06 13:47:31",
        "calendarYear": "2013",
        "period": "Q3",
        "revenue": 588074000,
        "costOfRevenue": 394642000,
        "grossProfit": 193432000,
        "grossProfitRatio": 0.3289245911,
        "researchAndDevelopmentExpenses": 0,
        "generalAndAdministrativeExpenses": 80529000,
        "sellingAndMarketingExpenses": 401917000,
        "sellingGeneralAndAdministrativeExpenses": 482446000,
        "otherExpenses": 0,
        "operatingExpenses": 482446000,
        "costAndExpenses": 877088000,
        "interestIncome": 0,
        "interestExpense": -353000,
        "depreciationAndAmortization": 59999000,
        "ebitda": 154940000,
        "ebitdaratio": 0.2634702435,
        "operatingIncome": 94941000,
        "operatingIncomeRatio": 0.1614439679,
        "totalOtherIncomeExpensesNet": 353000,
        "incomeBeforeTax": 95294000,
        "incomeBeforeTaxRatio": 0.1620442325,
        "incomeTaxExpense": 30591000,
        "netIncome": 64703000,
        "netIncomeRatio": 0.1100252689,
        "eps": 0.35,
        "epsdiluted": 0.34,
        "weightedAverageShsOut": 187001000,
        "weightedAverageShsOutDil": 188566000,
        "link": "https://www.sec.gov/Archives/edgar/data/721683/000119312513429734/0001193125-13-429734-index.html",
        "finalLink": "https://www.sec.gov/Archives/edgar/data/721683/000119312513429734/d591865d10q.htm"
    },
    {
        "date": "2013-06-30",
        "symbol": "TSS",
        "reportedCurrency": "USD",
        "cik": "0000721683",
        "fillingDate": "2013-08-08",
        "acceptedDate": "2013-08-07 19:22:30",
        "calendarYear": "2013",
        "period": "Q2",
        "revenue": 478443000,
        "costOfRevenue": 317656000,
        "grossProfit": 160787000,
        "grossProfitRatio": 0.3360630211,
        "researchAndDevelopmentExpenses": 0,
        "generalAndAdministrativeExpenses": 64220000,
        "sellingAndMarketingExpenses": 318909000,
        "sellingGeneralAndAdministrativeExpenses": 383129000,
        "otherExpenses": 0,
        "operatingExpenses": 383129000,
        "costAndExpenses": 700785000,
        "interestIncome": 0,
        "interestExpense": -96000,
        "depreciationAndAmortization": 44039000,
        "ebitda": 131703000,
        "ebitdaratio": 0.2752741706,
        "operatingIncome": 87664000,
        "operatingIncomeRatio": 0.1832276781,
        "totalOtherIncomeExpensesNet": 96000,
        "incomeBeforeTax": 87760000,
        "incomeBeforeTaxRatio": 0.183428329,
        "incomeTaxExpense": 29947000,
        "netIncome": 57813000,
        "netIncomeRatio": 0.1208357108,
        "eps": 0.31,
        "epsdiluted": 0.31,
        "weightedAverageShsOut": 186633000,
        "weightedAverageShsOutDil": 188209000,
        "link": "https://www.sec.gov/Archives/edgar/data/721683/000119312513324721/0001193125-13-324721-index.html",
        "finalLink": "https://www.sec.gov/Archives/edgar/data/721683/000119312513324721/d549396d10q.htm"
    },
    {
        "date": "2013-03-31",
        "symbol": "TSS",
        "reportedCurrency": "USD",
        "cik": "0000721683",
        "fillingDate": "2013-05-08",
        "acceptedDate": "2013-05-08 16:47:17",
        "calendarYear": "2013",
        "period": "Q1",
        "revenue": 464996000,
        "costOfRevenue": 320558000,
        "grossProfit": 144438000,
        "grossProfitRatio": 0.3106220269,
        "researchAndDevelopmentExpenses": 0,
        "generalAndAdministrativeExpenses": 66054000,
        "sellingAndMarketingExpenses": 324039000,
        "sellingGeneralAndAdministrativeExpenses": 390093000,
        "otherExpenses": 0,
        "operatingExpenses": 390093000,
        "costAndExpenses": 710651000,
        "interestIncome": 0,
        "interestExpense": 1696000,
        "depreciationAndAmortization": 45358000,
        "ebitda": 120232000,
        "ebitdaratio": 0.2585656651,
        "operatingIncome": 74874000,
        "operatingIncomeRatio": 0.16102074,
        "totalOtherIncomeExpensesNet": -1696000,
        "incomeBeforeTax": 73178000,
        "incomeBeforeTaxRatio": 0.1573733968,
        "incomeTaxExpense": 17846000,
        "netIncome": 55332000,
        "netIncomeRatio": 0.118994572,
        "eps": 0.3,
        "epsdiluted": 0.3,
        "weightedAverageShsOut": 186108000,
        "weightedAverageShsOutDil": 187382000,
        "link": "https://www.sec.gov/Archives/edgar/data/721683/000119312513207661/0001193125-13-207661-index.html",
        "finalLink": "https://www.sec.gov/Archives/edgar/data/721683/000119312513207661/d507963d10q.htm"
    },
    {
        "date": "2012-12-31",
        "symbol": "TSS",
        "reportedCurrency": "USD",
        "cik": "0000721683",
        "fillingDate": "2013-02-26",
        "acceptedDate": "2013-02-26 14:10:43",
        "calendarYear": "2012",
        "period": "Q4",
        "revenue": 479100000,
        "costOfRevenue": 315698000,
        "grossProfit": 163402000,
        "grossProfitRatio": 0.3410603214,
        "researchAndDevelopmentExpenses": 0,
        "generalAndAdministrativeExpenses": 73571000,
        "sellingAndMarketingExpenses": 0,
        "sellingGeneralAndAdministrativeExpenses": -1126849000,
        "otherExpenses": 0,
        "operatingExpenses": -1126849000,
        "costAndExpenses": 389269000,
        "interestIncome": 0,
        "interestExpense": 1793000,
        "depreciationAndAmortization": 43399000,
        "ebitda": 135027000,
        "ebitdaratio": 0.28183469,
        "operatingIncome": 91628000,
        "operatingIncomeRatio": 0.1912502609,
        "totalOtherIncomeExpensesNet": -1793000,
        "incomeBeforeTax": 89835000,
        "incomeBeforeTaxRatio": 0.1875078272,
        "incomeTaxExpense": 30766000,
        "netIncome": 59069000,
        "netIncomeRatio": 0.1232915884,
        "eps": 0.32,
        "epsdiluted": 0.31,
        "weightedAverageShsOut": 187403000,
        "weightedAverageShsOutDil": 188665000,
        "link": "https://www.sec.gov/Archives/edgar/data/721683/000119312513076318/0001193125-13-076318-index.html",
        "finalLink": "https://www.sec.gov/Archives/edgar/data/721683/000119312513076318/d454429d10k.htm"
    },
    {
        "date": "2012-09-30",
        "symbol": "TSS",
        "reportedCurrency": "USD",
        "cik": "0000721683",
        "fillingDate": "2012-11-05",
        "acceptedDate": "2012-11-05 13:54:55",
        "calendarYear": "2012",
        "period": "Q3",
        "revenue": 468059000,
        "costOfRevenue": 315685000,
        "grossProfit": 152374000,
        "grossProfitRatio": 0.3255444292,
        "researchAndDevelopmentExpenses": 0,
        "generalAndAdministrativeExpenses": 61480000,
        "sellingAndMarketingExpenses": 315685000,
        "sellingGeneralAndAdministrativeExpenses": 377165000,
        "otherExpenses": 0,
        "operatingExpenses": 377165000,
        "costAndExpenses": 692850000,
        "interestIncome": 0,
        "interestExpense": 225000,
        "depreciationAndAmortization": 43329000,
        "ebitda": 133869000,
        "ebitdaratio": 0.2860088151,
        "operatingIncome": 90540000,
        "operatingIncomeRatio": 0.1934371522,
        "totalOtherIncomeExpensesNet": -225000,
        "incomeBeforeTax": 90315000,
        "incomeBeforeTaxRatio": 0.1929564435,
        "incomeTaxExpense": 30228000,
        "netIncome": 60087000,
        "netIncomeRatio": 0.1283748416,
        "eps": 0.32,
        "epsdiluted": 0.32,
        "weightedAverageShsOut": 187911000,
        "weightedAverageShsOutDil": 189049000,
        "link": "https://www.sec.gov/Archives/edgar/data/721683/000119312512451328/0001193125-12-451328-index.html",
        "finalLink": "https://www.sec.gov/Archives/edgar/data/721683/000119312512451328/d413617d10q.htm"
    },
    {
        "date": "2012-06-30",
        "symbol": "TSS",
        "reportedCurrency": "USD",
        "cik": "0000721683",
        "fillingDate": "2012-08-06",
        "acceptedDate": "2012-08-06 14:48:20",
        "calendarYear": "2012",
        "period": "Q2",
        "revenue": 462651000,
        "costOfRevenue": 312669000,
        "grossProfit": 149982000,
        "grossProfitRatio": 0.3241795652,
        "researchAndDevelopmentExpenses": 0,
        "generalAndAdministrativeExpenses": 57886000,
        "sellingAndMarketingExpenses": 312669000,
        "sellingGeneralAndAdministrativeExpenses": 370555000,
        "otherExpenses": 0,
        "operatingExpenses": 370555000,
        "costAndExpenses": 683224000,
        "interestIncome": 0,
        "interestExpense": 985000,
        "depreciationAndAmortization": 43260000,
        "ebitda": 134523000,
        "ebitdaratio": 0.2907656095,
        "operatingIncome": 91263000,
        "operatingIncomeRatio": 0.1972610024,
        "totalOtherIncomeExpensesNet": -985000,
        "incomeBeforeTax": 90278000,
        "incomeBeforeTaxRatio": 0.1951319677,
        "incomeTaxExpense": 24552000,
        "netIncome": 65726000,
        "netIncomeRatio": 0.1420638883,
        "eps": 0.35,
        "epsdiluted": 0.35,
        "weightedAverageShsOut": 188894000,
        "weightedAverageShsOutDil": 190053000,
        "link": "https://www.sec.gov/Archives/edgar/data/721683/000119312512337472/0001193125-12-337472-index.html",
        "finalLink": "https://www.sec.gov/Archives/edgar/data/721683/000119312512337472/d370255d10q.htm"
    },
    {
        "date": "2012-03-31",
        "symbol": "TSS",
        "reportedCurrency": "USD",
        "cik": "0000721683",
        "fillingDate": "2012-05-07",
        "acceptedDate": "2012-05-07 12:55:04",
        "calendarYear": "2012",
        "period": "Q1",
        "revenue": 461162000,
        "costOfRevenue": 318258000,
        "grossProfit": 142904000,
        "grossProfitRatio": 0.3098780906,
        "researchAndDevelopmentExpenses": 0,
        "generalAndAdministrativeExpenses": 58073000,
        "sellingAndMarketingExpenses": 318258000,
        "sellingGeneralAndAdministrativeExpenses": 376331000,
        "otherExpenses": 0,
        "operatingExpenses": 376331000,
        "costAndExpenses": 694589000,
        "interestIncome": 0,
        "interestExpense": 1525000,
        "depreciationAndAmortization": 40920000,
        "ebitda": 126871000,
        "ebitdaratio": 0.275111566,
        "operatingIncome": 85951000,
        "operatingIncomeRatio": 0.18637919,
        "totalOtherIncomeExpensesNet": -1525000,
        "incomeBeforeTax": 84426000,
        "incomeBeforeTaxRatio": 0.183072326,
        "incomeTaxExpense": 29556000,
        "netIncome": 54870000,
        "netIncomeRatio": 0.1189820497,
        "eps": 0.29,
        "epsdiluted": 0.29,
        "weightedAverageShsOut": 188052000,
        "weightedAverageShsOutDil": 189062000,
        "link": "https://www.sec.gov/Archives/edgar/data/721683/000119312512214307/0001193125-12-214307-index.htm",
        "finalLink": "https://www.sec.gov/Archives/edgar/data/721683/000119312512214307/d265112d10q.htm"
    },
    {
        "date": "2011-12-31",
        "symbol": "TSS",
        "reportedCurrency": "USD",
        "cik": "0000721683",
        "fillingDate": "2012-02-24",
        "acceptedDate": "2012-02-24 12:10:12",
        "calendarYear": "2011",
        "period": "Q4",
        "revenue": 472234000,
        "costOfRevenue": 322946000,
        "grossProfit": 149288000,
        "grossProfitRatio": 0.3161314094,
        "researchAndDevelopmentExpenses": 0,
        "generalAndAdministrativeExpenses": 59570000,
        "sellingAndMarketingExpenses": 0,
        "sellingGeneralAndAdministrativeExpenses": -1109899000,
        "otherExpenses": 0,
        "operatingExpenses": -1109899000,
        "costAndExpenses": 382516000,
        "interestIncome": 0,
        "interestExpense": 194000,
        "depreciationAndAmortization": 43807000,
        "ebitda": 133177000,
        "ebitdaratio": 0.2820148486,
        "operatingIncome": 89370000,
        "operatingIncomeRatio": 0.1892493975,
        "totalOtherIncomeExpensesNet": -194000,
        "incomeBeforeTax": 89176000,
        "incomeBeforeTaxRatio": 0.1888385843,
        "incomeTaxExpense": 29495000,
        "netIncome": 59681000,
        "netIncomeRatio": 0.126380142,
        "eps": 0.31,
        "epsdiluted": 0.31,
        "weightedAverageShsOut": 191239000,
        "weightedAverageShsOutDil": 191584000,
        "link": "https://www.sec.gov/Archives/edgar/data/721683/000119312512077339/0001193125-12-077339-index.html",
        "finalLink": "https://www.sec.gov/Archives/edgar/data/721683/000119312512077339/d265830d10k.htm"
    },
    {
        "date": "2011-09-30",
        "symbol": "TSS",
        "reportedCurrency": "USD",
        "cik": "0000721683",
        "fillingDate": "2011-11-04",
        "acceptedDate": "2011-11-04 11:57:28",
        "calendarYear": "2011",
        "period": "Q3",
        "revenue": 459747000,
        "costOfRevenue": 321481000,
        "grossProfit": 138266000,
        "grossProfitRatio": 0.3007436699,
        "researchAndDevelopmentExpenses": 0,
        "generalAndAdministrativeExpenses": 57085000,
        "sellingAndMarketingExpenses": 321481000,
        "sellingGeneralAndAdministrativeExpenses": 378566000,
        "otherExpenses": 0,
        "operatingExpenses": 378566000,
        "costAndExpenses": 700047000,
        "interestIncome": 0,
        "interestExpense": 5048000,
        "depreciationAndAmortization": 42406000,
        "ebitda": 124840000,
        "ebitdaratio": 0.2715406517,
        "operatingIncome": 82434000,
        "operatingIncomeRatio": 0.1793029645,
        "totalOtherIncomeExpensesNet": -5048000,
        "incomeBeforeTax": 77386000,
        "incomeBeforeTaxRatio": 0.1683230124,
        "incomeTaxExpense": 24287000,
        "netIncome": 53099000,
        "netIncomeRatio": 0.1154961316,
        "eps": 0.28,
        "epsdiluted": 0.28,
        "weightedAverageShsOut": 191823000,
        "weightedAverageShsOutDil": 192215000,
        "link": "https://www.sec.gov/Archives/edgar/data/721683/000119312511296795/0001193125-11-296795-index.html",
        "finalLink": "https://www.sec.gov/Archives/edgar/data/721683/000119312511296795/d233482d10q.htm"
    },
    {
        "date": "2011-06-30",
        "symbol": "TSS",
        "reportedCurrency": "USD",
        "cik": "0000721683",
        "fillingDate": "2011-08-05",
        "acceptedDate": "2011-08-05 13:35:17",
        "calendarYear": "2011",
        "period": "Q2",
        "revenue": 876985000,
        "costOfRevenue": 613543000,
        "grossProfit": 263442000,
        "grossProfitRatio": 0.3003951037,
        "researchAndDevelopmentExpenses": 0,
        "generalAndAdministrativeExpenses": 111885000,
        "sellingAndMarketingExpenses": 613543000,
        "sellingGeneralAndAdministrativeExpenses": 725428000,
        "otherExpenses": 0,
        "operatingExpenses": 725428000,
        "costAndExpenses": 1338971000,
        "interestIncome": 0,
        "interestExpense": 1363000,
        "depreciationAndAmortization": 83112000,
        "ebitda": 234464000,
        "ebitdaratio": 0.2673523492,
        "operatingIncome": 151352000,
        "operatingIncomeRatio": 0.1725821992,
        "totalOtherIncomeExpensesNet": -1363000,
        "incomeBeforeTax": 149989000,
        "incomeBeforeTaxRatio": 0.1710280107,
        "incomeTaxExpense": 48815000,
        "netIncome": 101174000,
        "netIncomeRatio": 0.1153657132,
        "eps": 0.53,
        "epsdiluted": 0.52,
        "weightedAverageShsOut": 192390000,
        "weightedAverageShsOutDil": 192756000,
        "link": "https://www.sec.gov/Archives/edgar/data/721683/000119312511211929/0001193125-11-211929-index.html",
        "finalLink": "https://www.sec.gov/Archives/edgar/data/721683/000119312511211929/d10q.htm"
    },
    {
        "date": "2011-03-31",
        "symbol": "TSS",
        "reportedCurrency": "USD",
        "cik": "0000721683",
        "fillingDate": "2011-05-06",
        "acceptedDate": "2011-05-06 14:56:42",
        "calendarYear": "2011",
        "period": "Q1",
        "revenue": 429430000,
        "costOfRevenue": 301492000,
        "grossProfit": 127938000,
        "grossProfitRatio": 0.2979251566,
        "researchAndDevelopmentExpenses": 0,
        "generalAndAdministrativeExpenses": 54910000,
        "sellingAndMarketingExpenses": 301492000,
        "sellingGeneralAndAdministrativeExpenses": 356402000,
        "otherExpenses": 0,
        "operatingExpenses": 356402000,
        "costAndExpenses": 657894000,
        "interestIncome": 0,
        "interestExpense": 0,
        "depreciationAndAmortization": 41068000,
        "ebitda": 90480000,
        "ebitdaratio": 0.2106979019,
        "operatingIncome": 49412000,
        "operatingIncomeRatio": 0.1150641548,
        "totalOtherIncomeExpensesNet": 22888000,
        "incomeBeforeTax": 72300000,
        "incomeBeforeTaxRatio": 0.1683627134,
        "incomeTaxExpense": 22888000,
        "netIncome": 49412000,
        "netIncomeRatio": 0.1150641548,
        "eps": 0.26,
        "epsdiluted": 0.26,
        "weightedAverageShsOut": 192390000,
        "weightedAverageShsOutDil": 192390000,
        "link": "https://www.sec.gov/Archives/edgar/data/721683/000095012311046521/0000950123-11-046521-index.html",
        "finalLink": "https://www.sec.gov/Archives/edgar/data/721683/000095012311046521/g27058e10vq.htm"
    },
    {
        "date": "2010-12-31",
        "symbol": "TSS",
        "reportedCurrency": "USD",
        "cik": "0000721683",
        "fillingDate": "2011-02-28",
        "acceptedDate": "2011-02-25 19:50:19",
        "calendarYear": "2010",
        "period": "Q4",
        "revenue": 439991000,
        "costOfRevenue": 889110000,
        "grossProfit": -449119000,
        "grossProfitRatio": -1.0207458789,
        "researchAndDevelopmentExpenses": 0,
        "generalAndAdministrativeExpenses": 57115000,
        "sellingAndMarketingExpenses": 0,
        "sellingGeneralAndAdministrativeExpenses": -1040748000,
        "otherExpenses": 0,
        "operatingExpenses": -1040748000,
        "costAndExpenses": 369017000,
        "interestIncome": 0,
        "interestExpense": 0,
        "depreciationAndAmortization": 44004000,
        "ebitda": 95622000,
        "ebitdaratio": 0.2173271726,
        "operatingIncome": 51618000,
        "operatingIncomeRatio": 0.117316036,
        "totalOtherIncomeExpensesNet": 19141000,
        "incomeBeforeTax": 70759000,
        "incomeBeforeTaxRatio": 0.1608191986,
        "incomeTaxExpense": 19141000,
        "netIncome": 51618000,
        "netIncomeRatio": 0.117316036,
        "eps": 0.25,
        "epsdiluted": 0.25,
        "weightedAverageShsOut": 202635526,
        "weightedAverageShsOutDil": 202635526,
        "link": "https://www.sec.gov/Archives/edgar/data/721683/000095012311019027/0000950123-11-019027-index.htm",
        "finalLink": "https://www.sec.gov/Archives/edgar/data/721683/000095012311019027/g25540e10vk.htm"
    },
    {
        "date": "2010-09-30",
        "symbol": "TSS",
        "reportedCurrency": "USD",
        "cik": "0000721683",
        "fillingDate": "2010-11-04",
        "acceptedDate": "2010-11-04 12:33:48",
        "calendarYear": "2010",
        "period": "Q3",
        "revenue": 428486000,
        "costOfRevenue": 298433000,
        "grossProfit": 130053000,
        "grossProfitRatio": 0.3035175012,
        "researchAndDevelopmentExpenses": 0,
        "generalAndAdministrativeExpenses": 49967000,
        "sellingAndMarketingExpenses": 298433000,
        "sellingGeneralAndAdministrativeExpenses": 348400000,
        "otherExpenses": 0,
        "operatingExpenses": 348400000,
        "costAndExpenses": 646833000,
        "interestIncome": 0,
        "interestExpense": 0,
        "depreciationAndAmortization": 40141000,
        "ebitda": 89847000,
        "ebitdaratio": 0.2096847972,
        "operatingIncome": 49706000,
        "operatingIncomeRatio": 0.1160037901,
        "totalOtherIncomeExpensesNet": 30411000,
        "incomeBeforeTax": 80117000,
        "incomeBeforeTaxRatio": 0.1869769374,
        "incomeTaxExpense": 30411000,
        "netIncome": 49706000,
        "netIncomeRatio": 0.1160037901,
        "eps": 0.24,
        "epsdiluted": 0.24,
        "weightedAverageShsOut": 204503921,
        "weightedAverageShsOutDil": 204503921,
        "link": "https://www.sec.gov/Archives/edgar/data/721683/000095012310100698/0000950123-10-100698-index.html",
        "finalLink": "https://www.sec.gov/Archives/edgar/data/721683/000095012310100698/g24780e10vq.htm"
    },
    {
        "date": "2010-06-30",
        "symbol": "TSS",
        "reportedCurrency": "USD",
        "cik": "0000721683",
        "fillingDate": "2010-08-09",
        "acceptedDate": "2010-08-09 15:06:18",
        "calendarYear": "2010",
        "period": "Q2",
        "revenue": 433746000,
        "costOfRevenue": 298486000,
        "grossProfit": 135260000,
        "grossProfitRatio": 0.3118414925,
        "researchAndDevelopmentExpenses": 0,
        "generalAndAdministrativeExpenses": 55962000,
        "sellingAndMarketingExpenses": 298486000,
        "sellingGeneralAndAdministrativeExpenses": 354448000,
        "otherExpenses": 0,
        "operatingExpenses": 354448000,
        "costAndExpenses": 652934000,
        "interestIncome": 0,
        "interestExpense": -313000,
        "depreciationAndAmortization": -17616000,
        "ebitda": 34508000,
        "ebitdaratio": 0.0795580824,
        "operatingIncome": 52124000,
        "operatingIncomeRatio": 0.1201717134,
        "totalOtherIncomeExpensesNet": 26003000,
        "incomeBeforeTax": 78127000,
        "incomeBeforeTaxRatio": 0.1801215458,
        "incomeTaxExpense": -41000,
        "netIncome": 78168000,
        "netIncomeRatio": 0.1802160712,
        "eps": 0.39,
        "epsdiluted": 0.39,
        "weightedAverageShsOut": 199303846,
        "weightedAverageShsOutDil": 199303846,
        "link": "https://www.sec.gov/Archives/edgar/data/721683/000095012310074937/0000950123-10-074937-index.html",
        "finalLink": "https://www.sec.gov/Archives/edgar/data/721683/000095012310074937/g22369e10vq.htm"
    },
    {
        "date": "2010-03-31",
        "symbol": "TSS",
        "reportedCurrency": "USD",
        "cik": "0000721683",
        "fillingDate": "2010-05-07",
        "acceptedDate": "2010-05-07 11:16:52",
        "calendarYear": "2010",
        "period": "Q1",
        "revenue": 415354000,
        "costOfRevenue": 292191000,
        "grossProfit": 123163000,
        "grossProfitRatio": 0.2965253735,
        "researchAndDevelopmentExpenses": 0,
        "generalAndAdministrativeExpenses": 44092000,
        "sellingAndMarketingExpenses": 292191000,
        "sellingGeneralAndAdministrativeExpenses": 336283000,
        "otherExpenses": 0,
        "operatingExpenses": 336283000,
        "costAndExpenses": 628474000,
        "interestIncome": 0,
        "interestExpense": 0,
        "depreciationAndAmortization": 38564000,
        "ebitda": 90383000,
        "ebitdaratio": 0.217604742,
        "operatingIncome": 51819000,
        "operatingIncomeRatio": 0.1247586396,
        "totalOtherIncomeExpensesNet": 26990000,
        "incomeBeforeTax": 78809000,
        "incomeBeforeTaxRatio": 0.1897393549,
        "incomeTaxExpense": 26990000,
        "netIncome": 51819000,
        "netIncomeRatio": 0.1247586396,
        "eps": 0.26,
        "epsdiluted": 0.26,
        "weightedAverageShsOut": 199303846,
        "weightedAverageShsOutDil": 199303846,
        "link": "https://www.sec.gov/Archives/edgar/data/721683/000095012310046079/0000950123-10-046079-index.html",
        "finalLink": "https://www.sec.gov/Archives/edgar/data/721683/000095012310046079/g23272e10vq.htm"
    },
    {
        "date": "2009-12-31",
        "symbol": "TSS",
        "reportedCurrency": "USD",
        "cik": "0000721683",
        "fillingDate": "2010-03-01",
        "acceptedDate": "2010-03-01 10:04:56",
        "calendarYear": "2009",
        "period": "Q4",
        "revenue": 434840000,
        "costOfRevenue": 0,
        "grossProfit": 434840000,
        "grossProfitRatio": 1,
        "researchAndDevelopmentExpenses": 0,
        "generalAndAdministrativeExpenses": 0,
        "sellingAndMarketingExpenses": 0,
        "sellingGeneralAndAdministrativeExpenses": -141177000,
        "otherExpenses": 0,
        "operatingExpenses": -141177000,
        "costAndExpenses": 341556000,
        "interestIncome": 0,
        "interestExpense": 0,
        "depreciationAndAmortization": -117514000,
        "ebitda": -54622000,
        "ebitdaratio": -0.1256140189,
        "operatingIncome": 62892000,
        "operatingIncomeRatio": 0.1446325085,
        "totalOtherIncomeExpensesNet": -89303000,
        "incomeBeforeTax": -26411000,
        "incomeBeforeTaxRatio": -0.0607372827,
        "incomeTaxExpense": -89303000,
        "netIncome": 62892000,
        "netIncomeRatio": 0.1446325085,
        "eps": 0.32,
        "epsdiluted": 0.32,
        "weightedAverageShsOut": 195692857,
        "weightedAverageShsOutDil": 195692857,
        "link": "https://www.sec.gov/Archives/edgar/data/721683/000095012310018902/0000950123-10-018902-index.html",
        "finalLink": "https://www.sec.gov/Archives/edgar/data/721683/000095012310018902/g22052e10vk.htm"
    },
    {
        "date": "2009-09-30",
        "symbol": "TSS",
        "reportedCurrency": "USD",
        "cik": "0000721683",
        "fillingDate": "2009-11-09",
        "acceptedDate": "2009-11-09 11:00:52",
        "calendarYear": "2009",
        "period": "Q3",
        "revenue": 432295000,
        "costOfRevenue": 0,
        "grossProfit": 432295000,
        "grossProfitRatio": 1,
        "researchAndDevelopmentExpenses": 0,
        "generalAndAdministrativeExpenses": 0,
        "sellingAndMarketingExpenses": 0,
        "sellingGeneralAndAdministrativeExpenses": 45675000,
        "otherExpenses": 0,
        "operatingExpenses": 45675000,
        "costAndExpenses": 45675000,
        "interestIncome": 0,
        "interestExpense": 0,
        "depreciationAndAmortization": 39547000,
        "ebitda": 94872000,
        "ebitdaratio": 0.2194612475,
        "operatingIncome": 55325000,
        "operatingIncomeRatio": 0.1279797361,
        "totalOtherIncomeExpensesNet": 33105000,
        "incomeBeforeTax": 88430000,
        "incomeBeforeTaxRatio": 0.2045593865,
        "incomeTaxExpense": 33105000,
        "netIncome": 55325000,
        "netIncomeRatio": 0.1279797361,
        "eps": 0.29,
        "epsdiluted": 0.29,
        "weightedAverageShsOut": 192943209,
        "weightedAverageShsOutDil": 192943209,
        "link": "https://www.sec.gov/Archives/edgar/data/721683/000095012309059867/0000950123-09-059867-index.html",
        "finalLink": "https://www.sec.gov/Archives/edgar/data/721683/000095012309059867/g21118e10vq.htm"
    },
    {
        "date": "2009-06-30",
        "symbol": "TSS",
        "reportedCurrency": "USD",
        "cik": "0000721683",
        "fillingDate": "2009-08-07",
        "acceptedDate": "2009-08-07 14:16:51",
        "calendarYear": "2009",
        "period": "Q2",
        "revenue": 411994000,
        "costOfRevenue": 0,
        "grossProfit": 411994000,
        "grossProfitRatio": 1,
        "researchAndDevelopmentExpenses": 0,
        "generalAndAdministrativeExpenses": 0,
        "sellingAndMarketingExpenses": 0,
        "sellingGeneralAndAdministrativeExpenses": 46498000,
        "otherExpenses": 0,
        "operatingExpenses": 46498000,
        "costAndExpenses": 46498000,
        "interestIncome": 0,
        "interestExpense": 0,
        "depreciationAndAmortization": 38117000,
        "ebitda": 92135000,
        "ebitdaratio": 0.2236318976,
        "operatingIncome": 54018000,
        "operatingIncomeRatio": 0.1311135599,
        "totalOtherIncomeExpensesNet": 26483000,
        "incomeBeforeTax": 80501000,
        "incomeBeforeTaxRatio": 0.1953936222,
        "incomeTaxExpense": 26483000,
        "netIncome": 54018000,
        "netIncomeRatio": 0.1311135599,
        "eps": 0.28,
        "epsdiluted": 0.28,
        "weightedAverageShsOut": 195461000,
        "weightedAverageShsOutDil": 195461000,
        "link": "https://www.sec.gov/Archives/edgar/data/721683/000095012309031958/0000950123-09-031958-index.html",
        "finalLink": "https://www.sec.gov/Archives/edgar/data/721683/000095012309031958/g20113e10vq.htm"
    },
    {
        "date": "2009-03-31",
        "symbol": "TSS",
        "reportedCurrency": "USD",
        "cik": "0000721683",
        "fillingDate": "2009-05-07",
        "acceptedDate": "2009-05-07 16:45:56",
        "calendarYear": "2009",
        "period": "Q1",
        "revenue": 408933000,
        "costOfRevenue": 0,
        "grossProfit": 408933000,
        "grossProfitRatio": 1,
        "researchAndDevelopmentExpenses": 0,
        "generalAndAdministrativeExpenses": 0,
        "sellingAndMarketingExpenses": 0,
        "sellingGeneralAndAdministrativeExpenses": 49004000,
        "otherExpenses": 0,
        "operatingExpenses": 49004000,
        "costAndExpenses": 49004000,
        "interestIncome": 0,
        "interestExpense": 0,
        "depreciationAndAmortization": 39850000,
        "ebitda": 86791000,
        "ebitdaratio": 0.2122377015,
        "operatingIncome": 46941000,
        "operatingIncomeRatio": 0.1147889752,
        "totalOtherIncomeExpensesNet": 29715000,
        "incomeBeforeTax": 76656000,
        "incomeBeforeTaxRatio": 0.1874536905,
        "incomeTaxExpense": 29715000,
        "netIncome": 46941000,
        "netIncomeRatio": 0.1147889752,
        "eps": 0.24,
        "epsdiluted": 0.24,
        "weightedAverageShsOut": 195461000,
        "weightedAverageShsOutDil": 195461000,
        "link": "https://www.sec.gov/Archives/edgar/data/721683/000095014409004044/0000950144-09-004044-index.html",
        "finalLink": "https://www.sec.gov/Archives/edgar/data/721683/000095014409004044/g18992e10vq.htm"
    },
    {
        "date": "2008-12-31",
        "symbol": "TSS",
        "reportedCurrency": "USD",
        "cik": "0000721683",
        "fillingDate": "2009-02-27",
        "acceptedDate": "2009-02-26 17:40:37",
        "calendarYear": "2008",
        "period": "Q4",
        "revenue": 493380000,
        "costOfRevenue": 0,
        "grossProfit": 493380000,
        "grossProfitRatio": 1,
        "researchAndDevelopmentExpenses": 0,
        "generalAndAdministrativeExpenses": 0,
        "sellingAndMarketingExpenses": 0,
        "sellingGeneralAndAdministrativeExpenses": 59398000,
        "otherExpenses": 0,
        "operatingExpenses": 59398000,
        "costAndExpenses": 59398000,
        "interestIncome": 0,
        "interestExpense": -8964000,
        "depreciationAndAmortization": 159575000,
        "ebitda": 216939000,
        "ebitdaratio": 0.439699623,
        "operatingIncome": 57364000,
        "operatingIncomeRatio": 0.1162673801,
        "totalOtherIncomeExpensesNet": 38882000,
        "incomeBeforeTax": 96246000,
        "incomeBeforeTaxRatio": 0.1950747902,
        "incomeTaxExpense": -8964000,
        "netIncome": 105210000,
        "netIncomeRatio": 0.2132433418,
        "eps": 0.54,
        "epsdiluted": 0.54,
        "weightedAverageShsOut": 196106000,
        "weightedAverageShsOutDil": 196106000,
        "link": "https://www.sec.gov/Archives/edgar/data/721683/000095014409001665/0000950144-09-001665-index.html",
        "finalLink": "https://www.sec.gov/Archives/edgar/data/721683/000095014409001665/g17269e10vk.htm"
    },
    {
        "date": "2008-09-30",
        "symbol": "TSS",
        "reportedCurrency": "USD",
        "cik": "0000721683",
        "fillingDate": "2008-11-05",
        "acceptedDate": "2008-11-05 16:01:38",
        "calendarYear": "2008",
        "period": "Q3",
        "revenue": 500393000,
        "costOfRevenue": 0,
        "grossProfit": 500393000,
        "grossProfitRatio": 1,
        "researchAndDevelopmentExpenses": 0,
        "generalAndAdministrativeExpenses": 0,
        "sellingAndMarketingExpenses": 0,
        "sellingGeneralAndAdministrativeExpenses": 56510000,
        "otherExpenses": 0,
        "operatingExpenses": 56510000,
        "costAndExpenses": 56510000,
        "interestIncome": 0,
        "interestExpense": 2737000,
        "depreciationAndAmortization": -79640000,
        "ebitda": -12829000,
        "ebitdaratio": -0.0256378487,
        "operatingIncome": 66811000,
        "operatingIncomeRatio": 0.1335170556,
        "totalOtherIncomeExpensesNet": 29033000,
        "incomeBeforeTax": 95844000,
        "incomeBeforeTaxRatio": 0.1915374516,
        "incomeTaxExpense": 2737000,
        "netIncome": 93107000,
        "netIncomeRatio": 0.1860677507,
        "eps": 0.47,
        "epsdiluted": 0.47,
        "weightedAverageShsOut": 196342000,
        "weightedAverageShsOutDil": 196342000,
        "link": "https://www.sec.gov/Archives/edgar/data/721683/000095014408008161/0000950144-08-008161-index.html",
        "finalLink": "https://www.sec.gov/Archives/edgar/data/721683/000095014408008161/g16443e10vq.htm"
    },
    {
        "date": "2008-06-30",
        "symbol": "TSS",
        "reportedCurrency": "USD",
        "cik": "0000721683",
        "fillingDate": "2008-08-07",
        "acceptedDate": "2008-08-07 16:19:36",
        "calendarYear": "2008",
        "period": "Q2",
        "revenue": 483112000,
        "costOfRevenue": 0,
        "grossProfit": 483112000,
        "grossProfitRatio": 1,
        "researchAndDevelopmentExpenses": 0,
        "generalAndAdministrativeExpenses": 0,
        "sellingAndMarketingExpenses": 0,
        "sellingGeneralAndAdministrativeExpenses": 51018000,
        "otherExpenses": 0,
        "operatingExpenses": 51018000,
        "costAndExpenses": 51018000,
        "interestIncome": 0,
        "interestExpense": 2887000,
        "depreciationAndAmortization": 40526000,
        "ebitda": 106497000,
        "ebitdaratio": 0.2204395668,
        "operatingIncome": 65971000,
        "operatingIncomeRatio": 0.1365542566,
        "totalOtherIncomeExpensesNet": 31264000,
        "incomeBeforeTax": 97235000,
        "incomeBeforeTaxRatio": 0.2012680289,
        "incomeTaxExpense": 2887000,
        "netIncome": 94348000,
        "netIncomeRatio": 0.195292189,
        "eps": 0.48,
        "epsdiluted": 0.48,
        "weightedAverageShsOut": 196513000,
        "weightedAverageShsOutDil": 196513000,
        "link": "https://www.sec.gov/Archives/edgar/data/721683/000095014408006180/0000950144-08-006180-index.html",
        "finalLink": "https://www.sec.gov/Archives/edgar/data/721683/000095014408006180/g14604e10vq.htm"
    },
    {
        "date": "2008-03-31",
        "symbol": "TSS",
        "reportedCurrency": "USD",
        "cik": "0000721683",
        "fillingDate": "2008-05-08",
        "acceptedDate": "2008-05-08 09:50:35",
        "calendarYear": "2008",
        "period": "Q1",
        "revenue": 461723000,
        "costOfRevenue": 0,
        "grossProfit": 461723000,
        "grossProfitRatio": 1,
        "researchAndDevelopmentExpenses": 0,
        "generalAndAdministrativeExpenses": 0,
        "sellingAndMarketingExpenses": 0,
        "sellingGeneralAndAdministrativeExpenses": 45168000,
        "otherExpenses": 0,
        "operatingExpenses": 45168000,
        "costAndExpenses": 45168000,
        "interestIncome": 0,
        "interestExpense": 3340000,
        "depreciationAndAmortization": 39229000,
        "ebitda": 99183000,
        "ebitdaratio": 0.2148106116,
        "operatingIncome": 59954000,
        "operatingIncomeRatio": 0.1298484156,
        "totalOtherIncomeExpensesNet": 28121000,
        "incomeBeforeTax": 88075000,
        "incomeBeforeTaxRatio": 0.1907528973,
        "incomeTaxExpense": 3340000,
        "netIncome": 84735000,
        "netIncomeRatio": 0.1835191229,
        "eps": 0.43,
        "epsdiluted": 0.43,
        "weightedAverageShsOut": 196745000,
        "weightedAverageShsOutDil": 196745000,
        "link": "https://www.sec.gov/Archives/edgar/data/721683/000095014408003779/0000950144-08-003779-index.html",
        "finalLink": "https://www.sec.gov/Archives/edgar/data/721683/000095014408003779/g13324e10vq.htm"
    },
    {
        "date": "2007-12-31",
        "symbol": "TSS",
        "reportedCurrency": "USD",
        "cik": "0000721683",
        "fillingDate": "2008-02-29",
        "acceptedDate": "2008-02-29 08:48:39",
        "calendarYear": "2007",
        "period": "Q4",
        "revenue": 458512000,
        "costOfRevenue": 0,
        "grossProfit": 458512000,
        "grossProfitRatio": 1,
        "researchAndDevelopmentExpenses": 0,
        "generalAndAdministrativeExpenses": 0,
        "sellingAndMarketingExpenses": 0,
        "sellingGeneralAndAdministrativeExpenses": 55364000,
        "otherExpenses": 0,
        "operatingExpenses": 55364000,
        "costAndExpenses": 55364000,
        "interestIncome": 0,
        "interestExpense": 1641000,
        "depreciationAndAmortization": 38255000,
        "ebitda": 85576000,
        "ebitdaratio": 0.1866385176,
        "operatingIncome": 47321000,
        "operatingIncomeRatio": 0.1032055868,
        "totalOtherIncomeExpensesNet": 39595000,
        "incomeBeforeTax": 86916000,
        "incomeBeforeTaxRatio": 0.1895610148,
        "incomeTaxExpense": 1641000,
        "netIncome": 85275000,
        "netIncomeRatio": 0.1859820463,
        "eps": 0.43,
        "epsdiluted": 0.43,
        "weightedAverageShsOut": 196759000,
        "weightedAverageShsOutDil": 196759000,
        "link": "https://www.sec.gov/Archives/edgar/data/721683/000095014408001510/0000950144-08-001510-index.htm",
        "finalLink": "https://www.sec.gov/Archives/edgar/data/721683/000095014408001510/g11668e10vk.htm"
    },
    {
        "date": "2007-09-30",
        "symbol": "TSS",
        "reportedCurrency": "USD",
        "cik": "0000721683",
        "fillingDate": "2007-11-08",
        "acceptedDate": "2007-11-07 21:56:29",
        "calendarYear": "2007",
        "period": "Q3",
        "revenue": 457566000,
        "costOfRevenue": 0,
        "grossProfit": 457566000,
        "grossProfitRatio": 1,
        "researchAndDevelopmentExpenses": 0,
        "generalAndAdministrativeExpenses": 0,
        "sellingAndMarketingExpenses": 0,
        "sellingGeneralAndAdministrativeExpenses": 49866000,
        "otherExpenses": 0,
        "operatingExpenses": 49866000,
        "costAndExpenses": 49866000,
        "interestIncome": 0,
        "interestExpense": 916000,
        "depreciationAndAmortization": 37606000,
        "ebitda": 107324000,
        "ebitdaratio": 0.2345541408,
        "operatingIncome": 69718000,
        "operatingIncomeRatio": 0.1523670902,
        "totalOtherIncomeExpensesNet": 28495000,
        "incomeBeforeTax": 98213000,
        "incomeBeforeTaxRatio": 0.2146422593,
        "incomeTaxExpense": 916000,
        "netIncome": 97297000,
        "netIncomeRatio": 0.2126403623,
        "eps": 0.49,
        "epsdiluted": 0.49,
        "weightedAverageShsOut": 196641000,
        "weightedAverageShsOutDil": 196641000,
        "link": "https://www.sec.gov/Archives/edgar/data/721683/000095014407010068/0000950144-07-010068-index.html",
        "finalLink": "https://www.sec.gov/Archives/edgar/data/721683/000095014407010068/g10414e10vq.htm"
    },
    {
        "date": "2007-06-30",
        "symbol": "TSS",
        "reportedCurrency": "USD",
        "cik": "0000721683",
        "fillingDate": "2007-08-08",
        "acceptedDate": "2007-08-08 08:32:48",
        "calendarYear": "2007",
        "period": "Q2",
        "revenue": 460155000,
        "costOfRevenue": 0,
        "grossProfit": 460155000,
        "grossProfitRatio": 1,
        "researchAndDevelopmentExpenses": 0,
        "generalAndAdministrativeExpenses": 0,
        "sellingAndMarketingExpenses": 0,
        "sellingGeneralAndAdministrativeExpenses": 54694000,
        "otherExpenses": 0,
        "operatingExpenses": 54694000,
        "costAndExpenses": 54694000,
        "interestIncome": 0,
        "interestExpense": 366000,
        "depreciationAndAmortization": 38010000,
        "ebitda": 104064000,
        "ebitdaratio": 0.2261498843,
        "operatingIncome": 66054000,
        "operatingIncomeRatio": 0.143547283,
        "totalOtherIncomeExpensesNet": 34853000,
        "incomeBeforeTax": 100907000,
        "incomeBeforeTaxRatio": 0.2192891526,
        "incomeTaxExpense": 366000,
        "netIncome": 100541000,
        "netIncomeRatio": 0.2184937684,
        "eps": 0.51,
        "epsdiluted": 0.51,
        "weightedAverageShsOut": 196591000,
        "weightedAverageShsOutDil": 196591000,
        "link": "https://www.sec.gov/Archives/edgar/data/721683/000095014407007442/0000950144-07-007442-index.html",
        "finalLink": "https://www.sec.gov/Archives/edgar/data/721683/000095014407007442/g08825e10vq.htm"
    },
    {
        "date": "2007-03-31",
        "symbol": "TSS",
        "reportedCurrency": "USD",
        "cik": "0000721683",
        "fillingDate": "2007-05-09",
        "acceptedDate": "2007-05-08 20:51:10",
        "calendarYear": "2007",
        "period": "Q1",
        "revenue": 429603000,
        "costOfRevenue": 0,
        "grossProfit": 429603000,
        "grossProfitRatio": 1,
        "researchAndDevelopmentExpenses": 0,
        "generalAndAdministrativeExpenses": 0,
        "sellingAndMarketingExpenses": 0,
        "sellingGeneralAndAdministrativeExpenses": 51353000,
        "otherExpenses": 0,
        "operatingExpenses": 51353000,
        "costAndExpenses": 51353000,
        "interestIncome": 0,
        "interestExpense": 210000,
        "depreciationAndAmortization": 38597000,
        "ebitda": 96080000,
        "ebitdaratio": 0.2236483451,
        "operatingIncome": 57483000,
        "operatingIncomeRatio": 0.1338049315,
        "totalOtherIncomeExpensesNet": 34172000,
        "incomeBeforeTax": 91655000,
        "incomeBeforeTaxRatio": 0.2133481377,
        "incomeTaxExpense": 210000,
        "netIncome": 91445000,
        "netIncomeRatio": 0.2128593143,
        "eps": 0.47,
        "epsdiluted": 0.47,
        "weightedAverageShsOut": 196487000,
        "weightedAverageShsOutDil": 196487000,
        "link": "https://www.sec.gov/Archives/edgar/data/721683/000095014407004432/0000950144-07-004432-index.html",
        "finalLink": "https://www.sec.gov/Archives/edgar/data/721683/000095014407004432/g07254e10vq.htm"
    },
    {
        "date": "2006-12-31",
        "symbol": "TSS",
        "reportedCurrency": "USD",
        "cik": "0000721683",
        "fillingDate": "2007-02-28",
        "acceptedDate": "2007-02-28 15:18:09",
        "calendarYear": "2006",
        "period": "Q4",
        "revenue": 503901000,
        "costOfRevenue": 0,
        "grossProfit": 503901000,
        "grossProfitRatio": 1,
        "researchAndDevelopmentExpenses": 0,
        "generalAndAdministrativeExpenses": 0,
        "sellingAndMarketingExpenses": 0,
        "sellingGeneralAndAdministrativeExpenses": 59152000,
        "otherExpenses": 0,
        "operatingExpenses": 59152000,
        "costAndExpenses": 59152000,
        "interestIncome": 0,
        "interestExpense": 209000,
        "depreciationAndAmortization": 54588000,
        "ebitda": 141854000,
        "ebitdaratio": 0.2815116461,
        "operatingIncome": 87266000,
        "operatingIncomeRatio": 0.1731808431,
        "totalOtherIncomeExpensesNet": 46615000,
        "incomeBeforeTax": 133881000,
        "incomeBeforeTaxRatio": 0.2656890937,
        "incomeTaxExpense": 209000,
        "netIncome": 133672000,
        "netIncomeRatio": 0.2652743297,
        "eps": 0.68,
        "epsdiluted": 0.68,
        "weightedAverageShsOut": 196744000,
        "weightedAverageShsOutDil": 196744000,
        "link": "https://www.sec.gov/Archives/edgar/data/721683/000095014407001713/0000950144-07-001713-index.htm",
        "finalLink": "https://www.sec.gov/Archives/edgar/data/721683/000095014407001713/g05204e10vk.htm"
    },
    {
        "date": "2006-09-30",
        "symbol": "TSS",
        "reportedCurrency": "USD",
        "cik": "0000721683",
        "fillingDate": "2006-11-07",
        "acceptedDate": "2006-11-07 10:33:06",
        "calendarYear": "2006",
        "period": "Q3",
        "revenue": 1283270000,
        "costOfRevenue": 0,
        "grossProfit": 1283270000,
        "grossProfitRatio": 1,
        "researchAndDevelopmentExpenses": 0,
        "generalAndAdministrativeExpenses": 0,
        "sellingAndMarketingExpenses": 0,
        "sellingGeneralAndAdministrativeExpenses": 178027000,
        "otherExpenses": 0,
        "operatingExpenses": 178027000,
        "costAndExpenses": 178027000,
        "interestIncome": 0,
        "interestExpense": 364000,
        "depreciationAndAmortization": -20908000,
        "ebitda": 141562000,
        "ebitdaratio": 0.110313496,
        "operatingIncome": 162470000,
        "operatingIncomeRatio": 0.1266062481,
        "totalOtherIncomeExpensesNet": 75503000,
        "incomeBeforeTax": 237973000,
        "incomeBeforeTaxRatio": 0.1854426582,
        "incomeTaxExpense": 364000,
        "netIncome": 237609000,
        "netIncomeRatio": 0.1851590078,
        "eps": 1.21,
        "epsdiluted": 1.21,
        "weightedAverageShsOut": 196891000,
        "weightedAverageShsOutDil": 196891000,
        "link": "https://www.sec.gov/Archives/edgar/data/721683/000095014406010363/0000950144-06-010363-index.htm",
        "finalLink": "https://www.sec.gov/Archives/edgar/data/721683/000095014406010363/g04110e10vq.htm"
    },
    {
        "date": "2005-12-31",
        "symbol": "TSS",
        "reportedCurrency": "USD",
        "cik": "0000721683",
        "fillingDate": "2006-03-01",
        "acceptedDate": "2006-02-28 19:07:44",
        "calendarYear": "2005",
        "period": "Q4",
        "revenue": 415923000,
        "costOfRevenue": 0,
        "grossProfit": 415923000,
        "grossProfitRatio": 1,
        "researchAndDevelopmentExpenses": 0,
        "generalAndAdministrativeExpenses": 0,
        "sellingAndMarketingExpenses": 0,
        "sellingGeneralAndAdministrativeExpenses": 102795000,
        "otherExpenses": 0,
        "operatingExpenses": 102795000,
        "costAndExpenses": 102795000,
        "interestIncome": 0,
        "interestExpense": -567000,
        "depreciationAndAmortization": 42626000,
        "ebitda": 86021000,
        "ebitdaratio": 0.2068195315,
        "operatingIncome": 43395000,
        "operatingIncomeRatio": 0.1043342157,
        "totalOtherIncomeExpensesNet": 44241000,
        "incomeBeforeTax": 87636000,
        "incomeBeforeTaxRatio": 0.2107024618,
        "incomeTaxExpense": -567000,
        "netIncome": 88203000,
        "netIncomeRatio": 0.2120656949,
        "eps": 0.45,
        "epsdiluted": 0.45,
        "weightedAverageShsOut": 197145000,
        "weightedAverageShsOutDil": 197145000,
        "link": "https://www.sec.gov/Archives/edgar/data/721683/000095014406001637/0000950144-06-001637-index.htm",
        "finalLink": "https://www.sec.gov/Archives/edgar/data/721683/000095014406001637/g99354e10vk.htm"
    },
    {
        "date": "2004-12-31",
        "symbol": "TSS",
        "reportedCurrency": "USD",
        "cik": "0000721683",
        "fillingDate": "2005-03-03",
        "acceptedDate": "2005-03-03 14:13:50",
        "calendarYear": "2004",
        "period": "Q4",
        "revenue": 1187008000,
        "costOfRevenue": 0,
        "grossProfit": 1187008000,
        "grossProfitRatio": 1,
        "researchAndDevelopmentExpenses": 0,
        "generalAndAdministrativeExpenses": 0,
        "sellingAndMarketingExpenses": 0,
        "sellingGeneralAndAdministrativeExpenses": 153694000,
        "otherExpenses": 0,
        "operatingExpenses": 153694000,
        "costAndExpenses": 153694000,
        "interestIncome": 0,
        "interestExpense": 941000,
        "depreciationAndAmortization": -74395196000,
        "ebitda": -74243697000,
        "ebitdaratio": -62.5469221774,
        "operatingIncome": 151499000,
        "operatingIncomeRatio": 0.1276309848,
        "totalOtherIncomeExpensesNet": 52792000,
        "incomeBeforeTax": 204291000,
        "incomeBeforeTaxRatio": 0.1721058325,
        "incomeTaxExpense": 941000,
        "netIncome": 203350000,
        "netIncomeRatio": 0.171313083,
        "eps": 1.03,
        "epsdiluted": 1.03,
        "weightedAverageShsOut": 196847000,
        "weightedAverageShsOutDil": 196847000,
        "link": "https://www.sec.gov/Archives/edgar/data/721683/000095014405002051/0000950144-05-002051-index.htm",
        "finalLink": "https://www.sec.gov/Archives/edgar/data/721683/000095014405002051/g93016e10vk.htm"
    }
]