[
    {
        "date": "2016-03-31",
        "symbol": "TWC",
        "reportedCurrency": "USD",
        "cik": "0001377013",
        "fillingDate": "2016-04-28",
        "acceptedDate": "2016-04-28 07:28:05",
        "calendarYear": "2016",
        "period": "Q1",
        "revenue": 6191000000,
        "costOfRevenue": 0,
        "grossProfit": 6191000000,
        "grossProfitRatio": 1,
        "researchAndDevelopmentExpenses": 0,
        "generalAndAdministrativeExpenses": 0,
        "sellingAndMarketingExpenses": 0,
        "sellingGeneralAndAdministrativeExpenses": 854000000,
        "otherExpenses": 0,
        "operatingExpenses": 854000000,
        "costAndExpenses": 5046000000,
        "interestIncome": 0,
        "interestExpense": 351000000,
        "depreciationAndAmortization": 974000000,
        "ebitda": 2131000000,
        "ebitdaratio": 0.3442093361,
        "operatingIncome": 1145000000,
        "operatingIncomeRatio": 0.1849458892,
        "totalOtherIncomeExpensesNet": -339000000,
        "incomeBeforeTax": 806000000,
        "incomeBeforeTaxRatio": 0.130188984,
        "incomeTaxExpense": 312000000,
        "netIncome": 494000000,
        "netIncomeRatio": 0.0797932483,
        "eps": 1.74,
        "epsdiluted": 1.72,
        "weightedAverageShsOut": 283800000,
        "weightedAverageShsOutDil": 286900000,
        "link": "https://www.sec.gov/Archives/edgar/data/1377013/000119312516561058/0001193125-16-561058-index.html",
        "finalLink": "https://www.sec.gov/Archives/edgar/data/1377013/000119312516561058/d127775d10q.htm"
    },
    {
        "date": "2015-12-31",
        "symbol": "TWC",
        "reportedCurrency": "USD",
        "cik": "0001377013",
        "fillingDate": "2016-02-12",
        "acceptedDate": "2016-02-12 09:47:20",
        "calendarYear": "2015",
        "period": "Q4",
        "revenue": 6072000000,
        "costOfRevenue": 0,
        "grossProfit": 6072000000,
        "grossProfitRatio": 1,
        "researchAndDevelopmentExpenses": 0,
        "generalAndAdministrativeExpenses": -1506000000,
        "sellingAndMarketingExpenses": 2379000000,
        "sellingGeneralAndAdministrativeExpenses": 873000000,
        "otherExpenses": 0,
        "operatingExpenses": 873000000,
        "costAndExpenses": 4947000000,
        "interestIncome": 0,
        "interestExpense": 1402000000,
        "depreciationAndAmortization": 956000000,
        "ebitda": 3134000000,
        "ebitdaratio": 0.5161396574,
        "operatingIncome": 1125000000,
        "operatingIncomeRatio": 0.1852766798,
        "totalOtherIncomeExpensesNet": -349000000,
        "incomeBeforeTax": 776000000,
        "incomeBeforeTaxRatio": 0.1277997365,
        "incomeTaxExpense": 290000000,
        "netIncome": 486000000,
        "netIncomeRatio": 0.0800395257,
        "eps": 1.72,
        "epsdiluted": 1.7,
        "weightedAverageShsOut": 282600000,
        "weightedAverageShsOutDil": 285900000,
        "link": "https://www.sec.gov/Archives/edgar/data/1377013/000119312516461316/0001193125-16-461316-index.html",
        "finalLink": "https://www.sec.gov/Archives/edgar/data/1377013/000119312516461316/d115824d10k.htm"
    },
    {
        "date": "2015-09-30",
        "symbol": "TWC",
        "reportedCurrency": "USD",
        "cik": "0001377013",
        "fillingDate": "2015-10-29",
        "acceptedDate": "2015-10-29 07:18:59",
        "calendarYear": "2015",
        "period": "Q3",
        "revenue": 5922000000,
        "costOfRevenue": 0,
        "grossProfit": 5922000000,
        "grossProfitRatio": 1,
        "researchAndDevelopmentExpenses": 0,
        "generalAndAdministrativeExpenses": 0,
        "sellingAndMarketingExpenses": 0,
        "sellingGeneralAndAdministrativeExpenses": 861000000,
        "otherExpenses": 0,
        "operatingExpenses": 861000000,
        "costAndExpenses": 4921000000,
        "interestIncome": 0,
        "interestExpense": 0,
        "depreciationAndAmortization": 935000000,
        "ebitda": 1595000000,
        "ebitdaratio": 0.2693346842,
        "operatingIncome": 1001000000,
        "operatingIncomeRatio": 0.1690307329,
        "totalOtherIncomeExpensesNet": -341000000,
        "incomeBeforeTax": 660000000,
        "incomeBeforeTaxRatio": 0.1114488349,
        "incomeTaxExpense": 223000000,
        "netIncome": 437000000,
        "netIncomeRatio": 0.0737926376,
        "eps": 1.55,
        "epsdiluted": 1.53,
        "weightedAverageShsOut": 282400000,
        "weightedAverageShsOutDil": 285700000,
        "link": "https://www.sec.gov/Archives/edgar/data/1377013/000119312515357042/0001193125-15-357042-index.html",
        "finalLink": "https://www.sec.gov/Archives/edgar/data/1377013/000119312515357042/d68893d10q.htm"
    },
    {
        "date": "2015-06-30",
        "symbol": "TWC",
        "reportedCurrency": "USD",
        "cik": "0001377013",
        "fillingDate": "2015-07-30",
        "acceptedDate": "2015-07-30 07:21:38",
        "calendarYear": "2015",
        "period": "Q2",
        "revenue": 5926000000,
        "costOfRevenue": 0,
        "grossProfit": 5926000000,
        "grossProfitRatio": 1,
        "researchAndDevelopmentExpenses": 0,
        "generalAndAdministrativeExpenses": 0,
        "sellingAndMarketingExpenses": 0,
        "sellingGeneralAndAdministrativeExpenses": 831000000,
        "otherExpenses": 0,
        "operatingExpenses": 831000000,
        "costAndExpenses": 4897000000,
        "interestIncome": 0,
        "interestExpense": 0,
        "depreciationAndAmortization": 919000000,
        "ebitda": 1725000000,
        "ebitdaratio": 0.2910901114,
        "operatingIncome": 1029000000,
        "operatingIncomeRatio": 0.1736415795,
        "totalOtherIncomeExpensesNet": -223000000,
        "incomeBeforeTax": 806000000,
        "incomeBeforeTaxRatio": 0.1360107999,
        "incomeTaxExpense": 343000000,
        "netIncome": 463000000,
        "netIncomeRatio": 0.0781302734,
        "eps": 1.64,
        "epsdiluted": 1.62,
        "weightedAverageShsOut": 282100000,
        "weightedAverageShsOutDil": 285400000,
        "link": "https://www.sec.gov/Archives/edgar/data/1377013/000119312515269291/0001193125-15-269291-index.html",
        "finalLink": "https://www.sec.gov/Archives/edgar/data/1377013/000119312515269291/d146752d10q.htm"
    },
    {
        "date": "2015-03-31",
        "symbol": "TWC",
        "reportedCurrency": "USD",
        "cik": "0001377013",
        "fillingDate": "2015-04-30",
        "acceptedDate": "2015-04-30 07:21:04",
        "calendarYear": "2015",
        "period": "Q1",
        "revenue": 5777000000,
        "costOfRevenue": 0,
        "grossProfit": 5777000000,
        "grossProfitRatio": 1,
        "researchAndDevelopmentExpenses": 0,
        "generalAndAdministrativeExpenses": 271000000,
        "sellingAndMarketingExpenses": 559000000,
        "sellingGeneralAndAdministrativeExpenses": 830000000,
        "otherExpenses": 0,
        "operatingExpenses": 830000000,
        "costAndExpenses": 4693000000,
        "interestIncome": 0,
        "interestExpense": 0,
        "depreciationAndAmortization": 886000000,
        "ebitda": 1632000000,
        "ebitdaratio": 0.2824995672,
        "operatingIncome": 1084000000,
        "operatingIncomeRatio": 0.1876406439,
        "totalOtherIncomeExpensesNet": -338000000,
        "incomeBeforeTax": 746000000,
        "incomeBeforeTaxRatio": 0.1291327679,
        "incomeTaxExpense": 288000000,
        "netIncome": 458000000,
        "netIncomeRatio": 0.0792799031,
        "eps": 1.63,
        "epsdiluted": 1.61,
        "weightedAverageShsOut": 281500000,
        "weightedAverageShsOutDil": 284900000,
        "link": "https://www.sec.gov/Archives/edgar/data/1377013/000119312515158819/0001193125-15-158819-index.html",
        "finalLink": "https://www.sec.gov/Archives/edgar/data/1377013/000119312515158819/d907260d10q.htm"
    },
    {
        "date": "2014-12-31",
        "symbol": "TWC",
        "reportedCurrency": "USD",
        "cik": "0001377013",
        "fillingDate": "2015-02-13",
        "acceptedDate": "2015-02-13 11:40:21",
        "calendarYear": "2014",
        "period": "Q4",
        "revenue": 5790000000,
        "costOfRevenue": 0,
        "grossProfit": 5790000000,
        "grossProfitRatio": 1,
        "researchAndDevelopmentExpenses": 0,
        "generalAndAdministrativeExpenses": 0,
        "sellingAndMarketingExpenses": 0,
        "sellingGeneralAndAdministrativeExpenses": 838000000,
        "otherExpenses": 0,
        "operatingExpenses": 838000000,
        "costAndExpenses": 4564000000,
        "interestIncome": 0,
        "interestExpense": 353000000,
        "depreciationAndAmortization": 876000000,
        "ebitda": 2109000000,
        "ebitdaratio": 0.3642487047,
        "operatingIncome": 1226000000,
        "operatingIncomeRatio": 0.2117443869,
        "totalOtherIncomeExpensesNet": -346000000,
        "incomeBeforeTax": 880000000,
        "incomeBeforeTaxRatio": 0.1519861831,
        "incomeTaxExpense": 326000000,
        "netIncome": 554000000,
        "netIncomeRatio": 0.0956822107,
        "eps": 1.98,
        "epsdiluted": 1.96,
        "weightedAverageShsOut": 279300000,
        "weightedAverageShsOutDil": 283000000,
        "link": "https://www.sec.gov/Archives/edgar/data/1377013/000119312515048927/0001193125-15-048927-index.htm",
        "finalLink": "https://www.sec.gov/Archives/edgar/data/1377013/000119312515048927/d868984d10k.htm"
    },
    {
        "date": "2014-09-30",
        "symbol": "TWC",
        "reportedCurrency": "USD",
        "cik": "0001377013",
        "fillingDate": "2014-10-30",
        "acceptedDate": "2014-10-30 07:12:07",
        "calendarYear": "2014",
        "period": "Q3",
        "revenue": 5714000000,
        "costOfRevenue": 0,
        "grossProfit": 5714000000,
        "grossProfitRatio": 1,
        "researchAndDevelopmentExpenses": 0,
        "generalAndAdministrativeExpenses": -841000000,
        "sellingAndMarketingExpenses": 1655000000,
        "sellingGeneralAndAdministrativeExpenses": 814000000,
        "otherExpenses": 0,
        "operatingExpenses": 814000000,
        "costAndExpenses": 4563000000,
        "interestIncome": 0,
        "interestExpense": 353000000,
        "depreciationAndAmortization": 857000000,
        "ebitda": 2013000000,
        "ebitdaratio": 0.3522926146,
        "operatingIncome": 1151000000,
        "operatingIncomeRatio": 0.2014350718,
        "totalOtherIncomeExpensesNet": -348000000,
        "incomeBeforeTax": 803000000,
        "incomeBeforeTaxRatio": 0.1405320266,
        "incomeTaxExpense": 304000000,
        "netIncome": 499000000,
        "netIncomeRatio": 0.0873293665,
        "eps": 1.79,
        "epsdiluted": 1.77,
        "weightedAverageShsOut": 278800000,
        "weightedAverageShsOutDil": 282500000,
        "link": "https://www.sec.gov/Archives/edgar/data/1377013/000119312514388277/0001193125-14-388277-index.html",
        "finalLink": "https://www.sec.gov/Archives/edgar/data/1377013/000119312514388277/d806224d10q.htm"
    },
    {
        "date": "2014-06-30",
        "symbol": "TWC",
        "reportedCurrency": "USD",
        "cik": "0001377013",
        "fillingDate": "2014-07-31",
        "acceptedDate": "2014-07-31 07:16:08",
        "calendarYear": "2014",
        "period": "Q2",
        "revenue": 5726000000,
        "costOfRevenue": 0,
        "grossProfit": 5726000000,
        "grossProfitRatio": 1,
        "researchAndDevelopmentExpenses": 0,
        "generalAndAdministrativeExpenses": 0,
        "sellingAndMarketingExpenses": 0,
        "sellingGeneralAndAdministrativeExpenses": 860000000,
        "otherExpenses": 0,
        "operatingExpenses": 860000000,
        "costAndExpenses": 4563000000,
        "interestIncome": 0,
        "interestExpense": 349000000,
        "depreciationAndAmortization": 830000000,
        "ebitda": 2001000000,
        "ebitdaratio": 0.3494586098,
        "operatingIncome": 1163000000,
        "operatingIncomeRatio": 0.2031086273,
        "totalOtherIncomeExpensesNet": -341000000,
        "incomeBeforeTax": 822000000,
        "incomeBeforeTaxRatio": 0.1435557108,
        "incomeTaxExpense": 323000000,
        "netIncome": 499000000,
        "netIncomeRatio": 0.08714635,
        "eps": 1.79,
        "epsdiluted": 1.77,
        "weightedAverageShsOut": 278300000,
        "weightedAverageShsOutDil": 282100000,
        "link": "https://www.sec.gov/Archives/edgar/data/1377013/000119312514288241/0001193125-14-288241-index.html",
        "finalLink": "https://www.sec.gov/Archives/edgar/data/1377013/000119312514288241/d762137d10q.htm"
    },
    {
        "date": "2014-03-31",
        "symbol": "TWC",
        "reportedCurrency": "USD",
        "cik": "0001377013",
        "fillingDate": "2014-04-24",
        "acceptedDate": "2014-04-24 07:22:03",
        "calendarYear": "2014",
        "period": "Q1",
        "revenue": 5582000000,
        "costOfRevenue": 0,
        "grossProfit": 5582000000,
        "grossProfitRatio": 1,
        "researchAndDevelopmentExpenses": 0,
        "generalAndAdministrativeExpenses": 0,
        "sellingAndMarketingExpenses": 0,
        "sellingGeneralAndAdministrativeExpenses": 798000000,
        "otherExpenses": 0,
        "operatingExpenses": 798000000,
        "costAndExpenses": 4490000000,
        "interestIncome": 0,
        "interestExpense": 364000000,
        "depreciationAndAmortization": 808000000,
        "ebitda": 1915000000,
        "ebitdaratio": 0.3430670011,
        "operatingIncome": 1092000000,
        "operatingIncomeRatio": 0.1956288069,
        "totalOtherIncomeExpensesNet": -349000000,
        "incomeBeforeTax": 743000000,
        "incomeBeforeTaxRatio": 0.1331064135,
        "incomeTaxExpense": 264000000,
        "netIncome": 479000000,
        "netIncomeRatio": 0.0858115371,
        "eps": 1.72,
        "epsdiluted": 1.7,
        "weightedAverageShsOut": 277800000,
        "weightedAverageShsOutDil": 281800000,
        "link": "https://www.sec.gov/Archives/edgar/data/1377013/000119312514155814/0001193125-14-155814-index.html",
        "finalLink": "https://www.sec.gov/Archives/edgar/data/1377013/000119312514155814/d714931d10q.htm"
    },
    {
        "date": "2013-12-31",
        "symbol": "TWC",
        "reportedCurrency": "USD",
        "cik": "0001377013",
        "fillingDate": "2014-02-18",
        "acceptedDate": "2014-02-18 11:32:27",
        "calendarYear": "2013",
        "period": "Q4",
        "revenue": 5577000000,
        "costOfRevenue": 2578000000,
        "grossProfit": 2999000000,
        "grossProfitRatio": 0.537744307,
        "researchAndDevelopmentExpenses": 0,
        "generalAndAdministrativeExpenses": 973000000,
        "sellingAndMarketingExpenses": -377000000,
        "sellingGeneralAndAdministrativeExpenses": 596000000,
        "otherExpenses": 0,
        "operatingExpenses": 596000000,
        "costAndExpenses": 4404000000,
        "interestIncome": 0,
        "interestExpense": 377000000,
        "depreciationAndAmortization": 815000000,
        "ebitda": 1989000000,
        "ebitdaratio": 0.3566433566,
        "operatingIncome": 1173000000,
        "operatingIncomeRatio": 0.2103281334,
        "totalOtherIncomeExpensesNet": -376000000,
        "incomeBeforeTax": 797000000,
        "incomeBeforeTaxRatio": 0.1429083737,
        "incomeTaxExpense": 257000000,
        "netIncome": 540000000,
        "netIncomeRatio": 0.0968262507,
        "eps": 1.88,
        "epsdiluted": 1.85,
        "weightedAverageShsOut": 287600000,
        "weightedAverageShsOutDil": 291700000,
        "link": "https://www.sec.gov/Archives/edgar/data/1377013/000119312514056642/0001193125-14-056642-index.htm",
        "finalLink": "https://www.sec.gov/Archives/edgar/data/1377013/000119312514056642/d640670d10k.htm"
    },
    {
        "date": "2013-09-30",
        "symbol": "TWC",
        "reportedCurrency": "USD",
        "cik": "0001377013",
        "fillingDate": "2013-10-31",
        "acceptedDate": "2013-10-31 07:36:17",
        "calendarYear": "2013",
        "period": "Q3",
        "revenue": 5518000000,
        "costOfRevenue": 2564000000,
        "grossProfit": 2954000000,
        "grossProfitRatio": 0.5353388909,
        "researchAndDevelopmentExpenses": 0,
        "generalAndAdministrativeExpenses": 949000000,
        "sellingAndMarketingExpenses": -379000000,
        "sellingGeneralAndAdministrativeExpenses": 570000000,
        "otherExpenses": 0,
        "operatingExpenses": 570000000,
        "costAndExpenses": 4358000000,
        "interestIncome": 0,
        "interestExpense": 379000000,
        "depreciationAndAmortization": 822000000,
        "ebitda": 1982000000,
        "ebitdaratio": 0.3591881116,
        "operatingIncome": 1160000000,
        "operatingIncomeRatio": 0.2102210946,
        "totalOtherIncomeExpensesNet": -379000000,
        "incomeBeforeTax": 781000000,
        "incomeBeforeTaxRatio": 0.1415367887,
        "incomeTaxExpense": 249000000,
        "netIncome": 532000000,
        "netIncomeRatio": 0.0964117434,
        "eps": 1.84,
        "epsdiluted": 1.81,
        "weightedAverageShsOut": 289900000,
        "weightedAverageShsOutDil": 293800000,
        "link": "https://www.sec.gov/Archives/edgar/data/1377013/000119312513419621/0001193125-13-419621-index.html",
        "finalLink": "https://www.sec.gov/Archives/edgar/data/1377013/000119312513419621/d617473d10q.htm"
    },
    {
        "date": "2013-06-30",
        "symbol": "TWC",
        "reportedCurrency": "USD",
        "cik": "0001377013",
        "fillingDate": "2013-08-01",
        "acceptedDate": "2013-08-01 07:21:09",
        "calendarYear": "2013",
        "period": "Q2",
        "revenue": 5550000000,
        "costOfRevenue": 2566000000,
        "grossProfit": 2984000000,
        "grossProfitRatio": 0.5376576577,
        "researchAndDevelopmentExpenses": 0,
        "generalAndAdministrativeExpenses": 947000000,
        "sellingAndMarketingExpenses": -398000000,
        "sellingGeneralAndAdministrativeExpenses": 549000000,
        "otherExpenses": 0,
        "operatingExpenses": 549000000,
        "costAndExpenses": 4363000000,
        "interestIncome": 0,
        "interestExpense": 399000000,
        "depreciationAndAmortization": 823000000,
        "ebitda": 2022000000,
        "ebitdaratio": 0.3643243243,
        "operatingIncome": 1187000000,
        "operatingIncomeRatio": 0.2138738739,
        "totalOtherIncomeExpensesNet": -387000000,
        "incomeBeforeTax": 800000000,
        "incomeBeforeTaxRatio": 0.1441441441,
        "incomeTaxExpense": 319000000,
        "netIncome": 481000000,
        "netIncomeRatio": 0.0866666667,
        "eps": 1.65,
        "epsdiluted": 1.62,
        "weightedAverageShsOut": 292400000,
        "weightedAverageShsOutDil": 296300000,
        "link": "https://www.sec.gov/Archives/edgar/data/1377013/000119312513313864/0001193125-13-313864-index.html",
        "finalLink": "https://www.sec.gov/Archives/edgar/data/1377013/000119312513313864/d553646d10q.htm"
    },
    {
        "date": "2013-03-31",
        "symbol": "TWC",
        "reportedCurrency": "USD",
        "cik": "0001377013",
        "fillingDate": "2013-04-25",
        "acceptedDate": "2013-04-25 07:26:03",
        "calendarYear": "2013",
        "period": "Q1",
        "revenue": 5475000000,
        "costOfRevenue": 2634000000,
        "grossProfit": 2841000000,
        "grossProfitRatio": 0.5189041096,
        "researchAndDevelopmentExpenses": 0,
        "generalAndAdministrativeExpenses": 929000000,
        "sellingAndMarketingExpenses": -398000000,
        "sellingGeneralAndAdministrativeExpenses": 531000000,
        "otherExpenses": 0,
        "operatingExpenses": 531000000,
        "costAndExpenses": 4415000000,
        "interestIncome": 0,
        "interestExpense": 400000000,
        "depreciationAndAmortization": 821000000,
        "ebitda": 1882000000,
        "ebitdaratio": 0.3437442922,
        "operatingIncome": 1060000000,
        "operatingIncomeRatio": 0.1936073059,
        "totalOtherIncomeExpensesNet": -399000000,
        "incomeBeforeTax": 661000000,
        "incomeBeforeTaxRatio": 0.1207305936,
        "incomeTaxExpense": 260000000,
        "netIncome": 401000000,
        "netIncomeRatio": 0.0732420091,
        "eps": 1.36,
        "epsdiluted": 1.34,
        "weightedAverageShsOut": 295100000,
        "weightedAverageShsOutDil": 299400000,
        "link": "https://www.sec.gov/Archives/edgar/data/1377013/000119312513172054/0001193125-13-172054-index.html",
        "finalLink": "https://www.sec.gov/Archives/edgar/data/1377013/000119312513172054/d524247d10q.htm"
    },
    {
        "date": "2012-12-31",
        "symbol": "TWC",
        "reportedCurrency": "USD",
        "cik": "0001377013",
        "fillingDate": "2013-02-15",
        "acceptedDate": "2013-02-15 12:24:41",
        "calendarYear": "2012",
        "period": "Q4",
        "revenue": 5485000000,
        "costOfRevenue": 2565000000,
        "grossProfit": 2920000000,
        "grossProfitRatio": 0.5323609845,
        "researchAndDevelopmentExpenses": 0,
        "generalAndAdministrativeExpenses": 926000000,
        "sellingAndMarketingExpenses": -402000000,
        "sellingGeneralAndAdministrativeExpenses": 524000000,
        "otherExpenses": 0,
        "operatingExpenses": 524000000,
        "costAndExpenses": 4316000000,
        "interestIncome": 0,
        "interestExpense": 404000000,
        "depreciationAndAmortization": 808000000,
        "ebitda": 1982000000,
        "ebitdaratio": 0.361349134,
        "operatingIncome": 1169000000,
        "operatingIncomeRatio": 0.2131267092,
        "totalOtherIncomeExpensesNet": -398000000,
        "incomeBeforeTax": 771000000,
        "incomeBeforeTaxRatio": 0.1405651778,
        "incomeTaxExpense": 257000000,
        "netIncome": 513000000,
        "netIncomeRatio": 0.0935278031,
        "eps": 1.67,
        "epsdiluted": 1.64,
        "weightedAverageShsOut": 307800000,
        "weightedAverageShsOutDil": 312400000,
        "link": "https://www.sec.gov/Archives/edgar/data/1377013/000119312513062081/0001193125-13-062081-index.html",
        "finalLink": "https://www.sec.gov/Archives/edgar/data/1377013/000119312513062081/d483194d10k.htm"
    },
    {
        "date": "2012-09-30",
        "symbol": "TWC",
        "reportedCurrency": "USD",
        "cik": "0001377013",
        "fillingDate": "2012-11-05",
        "acceptedDate": "2012-11-05 07:24:40",
        "calendarYear": "2012",
        "period": "Q3",
        "revenue": 5363000000,
        "costOfRevenue": 2499000000,
        "grossProfit": 2864000000,
        "grossProfitRatio": 0.5340294611,
        "researchAndDevelopmentExpenses": 0,
        "generalAndAdministrativeExpenses": 918000000,
        "sellingAndMarketingExpenses": -450000000,
        "sellingGeneralAndAdministrativeExpenses": 468000000,
        "otherExpenses": 0,
        "operatingExpenses": 468000000,
        "costAndExpenses": 4269000000,
        "interestIncome": 0,
        "interestExpense": 404000000,
        "depreciationAndAmortization": 820000000,
        "ebitda": 2411000000,
        "ebitdaratio": 0.4495618124,
        "operatingIncome": 1094000000,
        "operatingIncomeRatio": 0.2039903039,
        "totalOtherIncomeExpensesNet": 94000000,
        "incomeBeforeTax": 1188000000,
        "incomeBeforeTaxRatio": 0.2215178072,
        "incomeTaxExpense": 379000000,
        "netIncome": 808000000,
        "netIncomeRatio": 0.1506619429,
        "eps": 2.6,
        "epsdiluted": 2.57,
        "weightedAverageShsOut": 310200000,
        "weightedAverageShsOutDil": 314800000,
        "link": "https://www.sec.gov/Archives/edgar/data/1377013/000119312512450449/0001193125-12-450449-index.html",
        "finalLink": "https://www.sec.gov/Archives/edgar/data/1377013/000119312512450449/d430643d10q.htm"
    },
    {
        "date": "2012-06-30",
        "symbol": "TWC",
        "reportedCurrency": "USD",
        "cik": "0001377013",
        "fillingDate": "2012-08-02",
        "acceptedDate": "2012-08-02 07:18:02",
        "calendarYear": "2012",
        "period": "Q2",
        "revenue": 5404000000,
        "costOfRevenue": 2474000000,
        "grossProfit": 2930000000,
        "grossProfitRatio": 0.5421909697,
        "researchAndDevelopmentExpenses": 0,
        "generalAndAdministrativeExpenses": 919000000,
        "sellingAndMarketingExpenses": -364000000,
        "sellingGeneralAndAdministrativeExpenses": 555000000,
        "otherExpenses": 0,
        "operatingExpenses": 555000000,
        "costAndExpenses": 4264000000,
        "interestIncome": 0,
        "interestExpense": 399000000,
        "depreciationAndAmortization": 850000000,
        "ebitda": 1991000000,
        "ebitdaratio": 0.368430792,
        "operatingIncome": 1140000000,
        "operatingIncomeRatio": 0.2109548483,
        "totalOtherIncomeExpensesNet": -397000000,
        "incomeBeforeTax": 743000000,
        "incomeBeforeTaxRatio": 0.1374907476,
        "incomeTaxExpense": 290000000,
        "netIncome": 452000000,
        "netIncomeRatio": 0.0836417469,
        "eps": 1.45,
        "epsdiluted": 1.43,
        "weightedAverageShsOut": 312500000,
        "weightedAverageShsOutDil": 317100000,
        "link": "https://www.sec.gov/Archives/edgar/data/1377013/000119312512330260/0001193125-12-330260-index.html",
        "finalLink": "https://www.sec.gov/Archives/edgar/data/1377013/000119312512330260/d387836d10q.htm"
    },
    {
        "date": "2012-03-31",
        "symbol": "TWC",
        "reportedCurrency": "USD",
        "cik": "0001377013",
        "fillingDate": "2012-04-26",
        "acceptedDate": "2012-04-26 07:12:32",
        "calendarYear": "2012",
        "period": "Q1",
        "revenue": 5134000000,
        "costOfRevenue": 2404000000,
        "grossProfit": 2730000000,
        "grossProfitRatio": 0.5317491235,
        "researchAndDevelopmentExpenses": 0,
        "generalAndAdministrativeExpenses": 857000000,
        "sellingAndMarketingExpenses": -390000000,
        "sellingGeneralAndAdministrativeExpenses": 467000000,
        "otherExpenses": 0,
        "operatingExpenses": 467000000,
        "costAndExpenses": 4092000000,
        "interestIncome": 0,
        "interestExpense": 407000000,
        "depreciationAndAmortization": 786000000,
        "ebitda": 1826000000,
        "ebitdaratio": 0.3556680951,
        "operatingIncome": 1042000000,
        "operatingIncomeRatio": 0.2029606545,
        "totalOtherIncomeExpensesNet": -408000000,
        "incomeBeforeTax": 634000000,
        "incomeBeforeTaxRatio": 0.1234904558,
        "incomeTaxExpense": 251000000,
        "netIncome": 382000000,
        "netIncomeRatio": 0.0744059213,
        "eps": 1.22,
        "epsdiluted": 1.2,
        "weightedAverageShsOut": 313900000,
        "weightedAverageShsOutDil": 319000000,
        "link": "https://www.sec.gov/Archives/edgar/data/1377013/000119312512183786/0001193125-12-183786-index.htm",
        "finalLink": "https://www.sec.gov/Archives/edgar/data/1377013/000119312512183786/d339346d10q.htm"
    },
    {
        "date": "2011-12-31",
        "symbol": "TWC",
        "reportedCurrency": "USD",
        "cik": "0001377013",
        "fillingDate": "2012-02-17",
        "acceptedDate": "2012-02-17 11:31:17",
        "calendarYear": "2011",
        "period": "Q4",
        "revenue": 4993000000,
        "costOfRevenue": 2283000000,
        "grossProfit": 2710000000,
        "grossProfitRatio": 0.5427598638,
        "researchAndDevelopmentExpenses": 0,
        "generalAndAdministrativeExpenses": 821000000,
        "sellingAndMarketingExpenses": 2490000000,
        "sellingGeneralAndAdministrativeExpenses": 3311000000,
        "otherExpenses": 0,
        "operatingExpenses": 3311000000,
        "costAndExpenses": 3964000000,
        "interestIncome": 0,
        "interestExpense": 408000000,
        "depreciationAndAmortization": 766000000,
        "ebitda": 1792000000,
        "ebitdaratio": 0.3589024634,
        "operatingIncome": 1029000000,
        "operatingIncomeRatio": 0.2060885239,
        "totalOtherIncomeExpensesNet": -411000000,
        "incomeBeforeTax": 618000000,
        "incomeBeforeTaxRatio": 0.1237732826,
        "incomeTaxExpense": 54000000,
        "netIncome": 564000000,
        "netIncomeRatio": 0.1129581414,
        "eps": 1.71,
        "epsdiluted": 1.68,
        "weightedAverageShsOut": 329700000,
        "weightedAverageShsOutDil": 335300000,
        "link": "https://www.sec.gov/Archives/edgar/data/1377013/000119312512066776/0001193125-12-066776-index.htm",
        "finalLink": "https://www.sec.gov/Archives/edgar/data/1377013/000119312512066776/d295195d10k.htm"
    },
    {
        "date": "2011-09-30",
        "symbol": "TWC",
        "reportedCurrency": "USD",
        "cik": "0001377013",
        "fillingDate": "2011-10-27",
        "acceptedDate": "2011-10-27 07:32:00",
        "calendarYear": "2011",
        "period": "Q3",
        "revenue": 4911000000,
        "costOfRevenue": 2286000000,
        "grossProfit": 2625000000,
        "grossProfitRatio": 0.5345143555,
        "researchAndDevelopmentExpenses": 0,
        "generalAndAdministrativeExpenses": 843000000,
        "sellingAndMarketingExpenses": 9000000,
        "sellingGeneralAndAdministrativeExpenses": 852000000,
        "otherExpenses": 0,
        "operatingExpenses": 852000000,
        "costAndExpenses": 3909000000,
        "interestIncome": 0,
        "interestExpense": 384000000,
        "depreciationAndAmortization": 759000000,
        "ebitda": 1740000000,
        "ebitdaratio": 0.3543066585,
        "operatingIncome": 1002000000,
        "operatingIncomeRatio": 0.2040317654,
        "totalOtherIncomeExpensesNet": -405000000,
        "incomeBeforeTax": 597000000,
        "incomeBeforeTaxRatio": 0.1215638363,
        "incomeTaxExpense": 241000000,
        "netIncome": 356000000,
        "netIncomeRatio": 0.0724903278,
        "eps": 1.07,
        "epsdiluted": 1.05,
        "weightedAverageShsOut": 333700000,
        "weightedAverageShsOutDil": 339400000,
        "link": "https://www.sec.gov/Archives/edgar/data/1377013/000119312511283084/0001193125-11-283084-index.htm",
        "finalLink": "https://www.sec.gov/Archives/edgar/data/1377013/000119312511283084/d247023d10q.htm"
    },
    {
        "date": "2011-06-30",
        "symbol": "TWC",
        "reportedCurrency": "USD",
        "cik": "0001377013",
        "fillingDate": "2011-07-28",
        "acceptedDate": "2011-07-28 07:41:36",
        "calendarYear": "2011",
        "period": "Q2",
        "revenue": 4944000000,
        "costOfRevenue": 2297000000,
        "grossProfit": 2647000000,
        "grossProfitRatio": 0.5353964401,
        "researchAndDevelopmentExpenses": 0,
        "generalAndAdministrativeExpenses": 823000000,
        "sellingAndMarketingExpenses": 8000000,
        "sellingGeneralAndAdministrativeExpenses": 831000000,
        "otherExpenses": 0,
        "operatingExpenses": 831000000,
        "costAndExpenses": 3881000000,
        "interestIncome": 0,
        "interestExpense": 367000000,
        "depreciationAndAmortization": 752000000,
        "ebitda": 1783000000,
        "ebitdaratio": 0.3606391586,
        "operatingIncome": 1063000000,
        "operatingIncomeRatio": 0.2150080906,
        "totalOtherIncomeExpensesNet": -398000000,
        "incomeBeforeTax": 665000000,
        "incomeBeforeTaxRatio": 0.1345064725,
        "incomeTaxExpense": 244000000,
        "netIncome": 420000000,
        "netIncomeRatio": 0.0849514563,
        "eps": 1.24,
        "epsdiluted": 1.22,
        "weightedAverageShsOut": 338700000,
        "weightedAverageShsOutDil": 344600000,
        "link": "https://www.sec.gov/Archives/edgar/data/1377013/000095012311069210/0000950123-11-069210-index.htm",
        "finalLink": "https://www.sec.gov/Archives/edgar/data/1377013/000095012311069210/g27574e10vq.htm"
    },
    {
        "date": "2011-03-31",
        "symbol": "TWC",
        "reportedCurrency": "USD",
        "cik": "0001377013",
        "fillingDate": "2011-04-28",
        "acceptedDate": "2011-04-28 07:42:00",
        "calendarYear": "2011",
        "period": "Q1",
        "revenue": 4827000000,
        "costOfRevenue": 2272000000,
        "grossProfit": 2555000000,
        "grossProfitRatio": 0.5293142739,
        "researchAndDevelopmentExpenses": 0,
        "generalAndAdministrativeExpenses": 824000000,
        "sellingAndMarketingExpenses": 6000000,
        "sellingGeneralAndAdministrativeExpenses": 830000000,
        "otherExpenses": 0,
        "operatingExpenses": 830000000,
        "costAndExpenses": 3852000000,
        "interestIncome": 0,
        "interestExpense": 365000000,
        "depreciationAndAmortization": 750000000,
        "ebitda": 1696000000,
        "ebitdaratio": 0.3513569505,
        "operatingIncome": 975000000,
        "operatingIncomeRatio": 0.2019888129,
        "totalOtherIncomeExpensesNet": -393000000,
        "incomeBeforeTax": 582000000,
        "incomeBeforeTaxRatio": 0.1205717837,
        "incomeTaxExpense": 256000000,
        "netIncome": 325000000,
        "netIncomeRatio": 0.0673296043,
        "eps": 0.95,
        "epsdiluted": 0.93,
        "weightedAverageShsOut": 343500000,
        "weightedAverageShsOutDil": 349800000,
        "link": "https://www.sec.gov/Archives/edgar/data/1377013/000095012311040516/0000950123-11-040516-index.htm",
        "finalLink": "https://www.sec.gov/Archives/edgar/data/1377013/000095012311040516/g26859e10vq.htm"
    },
    {
        "date": "2010-12-31",
        "symbol": "TWC",
        "reportedCurrency": "USD",
        "cik": "0001377013",
        "fillingDate": "2011-02-18",
        "acceptedDate": "2011-02-18 11:48:45",
        "calendarYear": "2010",
        "period": "Q4",
        "revenue": 4801000000,
        "costOfRevenue": 2284000000,
        "grossProfit": 2517000000,
        "grossProfitRatio": 0.524265778,
        "researchAndDevelopmentExpenses": 0,
        "generalAndAdministrativeExpenses": 779000000,
        "sellingAndMarketingExpenses": 12000000,
        "sellingGeneralAndAdministrativeExpenses": 791000000,
        "otherExpenses": 0,
        "operatingExpenses": 791000000,
        "costAndExpenses": 3807000000,
        "interestIncome": 0,
        "interestExpense": 362000000,
        "depreciationAndAmortization": 736000000,
        "ebitda": 1690000000,
        "ebitdaratio": 0.3520099979,
        "operatingIncome": 994000000,
        "operatingIncomeRatio": 0.2070402,
        "totalOtherIncomeExpensesNet": -401000000,
        "incomeBeforeTax": 593000000,
        "incomeBeforeTaxRatio": 0.1235159342,
        "incomeTaxExpense": 200000000,
        "netIncome": 392000000,
        "netIncomeRatio": 0.0816496563,
        "eps": 1.11,
        "epsdiluted": 1.09,
        "weightedAverageShsOut": 354200000,
        "weightedAverageShsOutDil": 359500000,
        "link": "https://www.sec.gov/Archives/edgar/data/1377013/000095012311015515/0000950123-11-015515-index.htm",
        "finalLink": "https://www.sec.gov/Archives/edgar/data/1377013/000095012311015515/g25889xxe10vk.htm"
    },
    {
        "date": "2010-09-30",
        "symbol": "TWC",
        "reportedCurrency": "USD",
        "cik": "0001377013",
        "fillingDate": "2010-11-04",
        "acceptedDate": "2010-11-04 07:35:32",
        "calendarYear": "2010",
        "period": "Q3",
        "revenue": 14067000000,
        "costOfRevenue": 6657000000,
        "grossProfit": 7410000000,
        "grossProfitRatio": 0.5267647686,
        "researchAndDevelopmentExpenses": 0,
        "generalAndAdministrativeExpenses": 2278000000,
        "sellingAndMarketingExpenses": 156000000,
        "sellingGeneralAndAdministrativeExpenses": 2434000000,
        "otherExpenses": 0,
        "operatingExpenses": 2434000000,
        "costAndExpenses": 11372000000,
        "interestIncome": 0,
        "interestExpense": 1035000000,
        "depreciationAndAmortization": 2393000000,
        "ebitda": 5027000000,
        "ebitdaratio": 0.3573612,
        "operatingIncome": 2695000000,
        "operatingIncomeRatio": 0.1915831378,
        "totalOtherIncomeExpensesNet": -1092000000,
        "incomeBeforeTax": 1603000000,
        "incomeBeforeTaxRatio": 0.1139546456,
        "incomeTaxExpense": 683000000,
        "netIncome": 916000000,
        "netIncomeRatio": 0.0651169404,
        "eps": 2.58,
        "epsdiluted": 2.55,
        "weightedAverageShsOut": 354400000,
        "weightedAverageShsOutDil": 359400000,
        "link": "https://www.sec.gov/Archives/edgar/data/1377013/000095012310100514/0000950123-10-100514-index.htm",
        "finalLink": "https://www.sec.gov/Archives/edgar/data/1377013/000095012310100514/g24954xxe10vq.htm"
    },
    {
        "date": "2010-06-30",
        "symbol": "TWC",
        "reportedCurrency": "USD",
        "cik": "0001377013",
        "fillingDate": "2010-08-05",
        "acceptedDate": "2010-08-05 07:26:49",
        "calendarYear": "2010",
        "period": "Q2",
        "revenue": 4734000000,
        "costOfRevenue": 2223000000,
        "grossProfit": 2511000000,
        "grossProfitRatio": 0.530418251,
        "researchAndDevelopmentExpenses": 0,
        "generalAndAdministrativeExpenses": 762000000,
        "sellingAndMarketingExpenses": 0,
        "sellingGeneralAndAdministrativeExpenses": 762000000,
        "otherExpenses": 0,
        "operatingExpenses": 762000000,
        "costAndExpenses": 3816000000,
        "interestIncome": 0,
        "interestExpense": 0,
        "depreciationAndAmortization": 749000000,
        "ebitda": 874000000,
        "ebitdaratio": 0.1846218842,
        "operatingIncome": 918000000,
        "operatingIncomeRatio": 0.1939163498,
        "totalOtherIncomeExpensesNet": -359000000,
        "incomeBeforeTax": 559000000,
        "incomeBeforeTaxRatio": 0.1180819603,
        "incomeTaxExpense": -217000000,
        "netIncome": 342000000,
        "netIncomeRatio": 0.072243346,
        "eps": 0.96,
        "epsdiluted": 0.95,
        "weightedAverageShsOut": 355050163,
        "weightedAverageShsOutDil": 358716393,
        "link": "https://www.sec.gov/Archives/edgar/data/1377013/000095012310072923/0000950123-10-072923-index.htm",
        "finalLink": "https://www.sec.gov/Archives/edgar/data/1377013/000095012310072923/g24083zze10vq.htm"
    },
    {
        "date": "2010-03-31",
        "symbol": "TWC",
        "reportedCurrency": "USD",
        "cik": "0001377013",
        "fillingDate": "2010-04-29",
        "acceptedDate": "2010-04-29 07:41:27",
        "calendarYear": "2010",
        "period": "Q1",
        "revenue": 4599000000,
        "costOfRevenue": 2195000000,
        "grossProfit": 2404000000,
        "grossProfitRatio": 0.5227223309,
        "researchAndDevelopmentExpenses": 0,
        "generalAndAdministrativeExpenses": 735000000,
        "sellingAndMarketingExpenses": 0,
        "sellingGeneralAndAdministrativeExpenses": 735000000,
        "otherExpenses": 0,
        "operatingExpenses": 735000000,
        "costAndExpenses": 3749000000,
        "interestIncome": 0,
        "interestExpense": 0,
        "depreciationAndAmortization": 743000000,
        "ebitda": 685000000,
        "ebitdaratio": 0.1489454229,
        "operatingIncome": 850000000,
        "operatingIncomeRatio": 0.1848227876,
        "totalOtherIncomeExpensesNet": -362000000,
        "incomeBeforeTax": 488000000,
        "incomeBeforeTaxRatio": 0.1061100239,
        "incomeTaxExpense": -273000000,
        "netIncome": 215000000,
        "netIncomeRatio": 0.0467492933,
        "eps": 0.6,
        "epsdiluted": 0.6,
        "weightedAverageShsOut": 355700325,
        "weightedAverageShsOutDil": 358032786,
        "link": "https://www.sec.gov/Archives/edgar/data/1377013/000095012310040058/0000950123-10-040058-index.htm",
        "finalLink": "https://www.sec.gov/Archives/edgar/data/1377013/000095012310040058/g23027e10vq.htm"
    },
    {
        "date": "2009-12-31",
        "symbol": "TWC",
        "reportedCurrency": "USD",
        "cik": "0001377013",
        "fillingDate": "2010-02-19",
        "acceptedDate": "2010-02-19 12:34:10",
        "calendarYear": "2009",
        "period": "Q4",
        "revenue": 4532000000,
        "costOfRevenue": 2132000000,
        "grossProfit": 2400000000,
        "grossProfitRatio": 0.5295675199,
        "researchAndDevelopmentExpenses": 0,
        "generalAndAdministrativeExpenses": 693000000,
        "sellingAndMarketingExpenses": 0,
        "sellingGeneralAndAdministrativeExpenses": 693000000,
        "otherExpenses": 0,
        "operatingExpenses": 693000000,
        "costAndExpenses": 3641000000,
        "interestIncome": 0,
        "interestExpense": 345000000,
        "depreciationAndAmortization": 797000000,
        "ebitda": 1245000000,
        "ebitdaratio": 0.2747131509,
        "operatingIncome": 891000000,
        "operatingIncomeRatio": 0.1966019417,
        "totalOtherIncomeExpensesNet": -348000000,
        "incomeBeforeTax": 543000000,
        "incomeBeforeTaxRatio": 0.1198146514,
        "incomeTaxExpense": -220000000,
        "netIncome": 323000000,
        "netIncomeRatio": 0.071270962,
        "eps": 0.91,
        "epsdiluted": 0.9,
        "weightedAverageShsOut": 355700325,
        "weightedAverageShsOutDil": 358032786,
        "link": "https://www.sec.gov/Archives/edgar/data/1377013/000095012310014438/0000950123-10-014438-index.htm",
        "finalLink": "https://www.sec.gov/Archives/edgar/data/1377013/000095012310014438/g22094e10vk.htm"
    },
    {
        "date": "2009-09-30",
        "symbol": "TWC",
        "reportedCurrency": "USD",
        "cik": "0001377013",
        "fillingDate": "2009-11-05",
        "acceptedDate": "2009-11-05 07:29:15",
        "calendarYear": "2009",
        "period": "Q3",
        "revenue": 4498000000,
        "costOfRevenue": 2176000000,
        "grossProfit": 2322000000,
        "grossProfitRatio": 0.5162294353,
        "researchAndDevelopmentExpenses": 0,
        "generalAndAdministrativeExpenses": 703000000,
        "sellingAndMarketingExpenses": 0,
        "sellingGeneralAndAdministrativeExpenses": 703000000,
        "otherExpenses": 0,
        "operatingExpenses": 703000000,
        "costAndExpenses": 3670000000,
        "interestIncome": 0,
        "interestExpense": 348000000,
        "depreciationAndAmortization": 777000000,
        "ebitda": 1200000000,
        "ebitdaratio": 0.2667852379,
        "operatingIncome": 828000000,
        "operatingIncomeRatio": 0.1840818141,
        "totalOtherIncomeExpensesNet": -367000000,
        "incomeBeforeTax": 461000000,
        "incomeBeforeTaxRatio": 0.1024899956,
        "incomeTaxExpense": -193000000,
        "netIncome": 268000000,
        "netIncomeRatio": 0.0595820365,
        "eps": 0.75,
        "epsdiluted": 0.75,
        "weightedAverageShsOut": 357674418,
        "weightedAverageShsOutDil": 359345794,
        "link": "https://www.sec.gov/Archives/edgar/data/1377013/000095012309057978/0000950123-09-057978-index.htm",
        "finalLink": "https://www.sec.gov/Archives/edgar/data/1377013/000095012309057978/g21015e10vq.htm"
    },
    {
        "date": "2009-06-30",
        "symbol": "TWC",
        "reportedCurrency": "USD",
        "cik": "0001377013",
        "fillingDate": "2009-07-29",
        "acceptedDate": "2009-07-29 07:15:43",
        "calendarYear": "2009",
        "period": "Q2",
        "revenue": 4474000000,
        "costOfRevenue": 2120000000,
        "grossProfit": 2354000000,
        "grossProfitRatio": 0.5261510952,
        "researchAndDevelopmentExpenses": 0,
        "generalAndAdministrativeExpenses": 704000000,
        "sellingAndMarketingExpenses": 0,
        "sellingGeneralAndAdministrativeExpenses": 704000000,
        "otherExpenses": 0,
        "operatingExpenses": 704000000,
        "costAndExpenses": 3592000000,
        "interestIncome": 0,
        "interestExpense": 336000000,
        "depreciationAndAmortization": 763000000,
        "ebitda": 1200000000,
        "ebitdaratio": 0.2682163612,
        "operatingIncome": 882000000,
        "operatingIncomeRatio": 0.1971390255,
        "totalOtherIncomeExpensesNet": -349000000,
        "incomeBeforeTax": 533000000,
        "incomeBeforeTaxRatio": 0.1191327671,
        "incomeTaxExpense": -216000000,
        "netIncome": 317000000,
        "netIncomeRatio": 0.0708538221,
        "eps": 0.88,
        "epsdiluted": 0.88,
        "weightedAverageShsOut": 360431654,
        "weightedAverageShsOutDil": 360431654,
        "link": "https://www.sec.gov/Archives/edgar/data/1377013/000095012309026641/0000950123-09-026641-index.htm",
        "finalLink": "https://www.sec.gov/Archives/edgar/data/1377013/000095012309026641/g19881e10vq.htm"
    },
    {
        "date": "2009-03-31",
        "symbol": "TWC",
        "reportedCurrency": "USD",
        "cik": "0001377013",
        "fillingDate": "2009-04-29",
        "acceptedDate": "2009-04-29 07:15:58",
        "calendarYear": "2009",
        "period": "Q1",
        "revenue": 4364000000,
        "costOfRevenue": 2127000000,
        "grossProfit": 2237000000,
        "grossProfitRatio": 0.5126031164,
        "researchAndDevelopmentExpenses": 0,
        "generalAndAdministrativeExpenses": 730000000,
        "sellingAndMarketingExpenses": 0,
        "sellingGeneralAndAdministrativeExpenses": 730000000,
        "otherExpenses": 0,
        "operatingExpenses": 730000000,
        "costAndExpenses": 3648000000,
        "interestIncome": 0,
        "interestExpense": 290000000,
        "depreciationAndAmortization": 748000000,
        "ebitda": 1031000000,
        "ebitdaratio": 0.2362511457,
        "operatingIncome": 716000000,
        "operatingIncomeRatio": 0.1640696609,
        "totalOtherIncomeExpensesNet": -341000000,
        "incomeBeforeTax": 375000000,
        "incomeBeforeTaxRatio": 0.0859303391,
        "incomeTaxExpense": -191000000,
        "netIncome": 184000000,
        "netIncomeRatio": 0.0421631531,
        "eps": 0.48,
        "epsdiluted": 0.48,
        "weightedAverageShsOut": 383333333,
        "weightedAverageShsOutDil": 383333333,
        "link": "https://www.sec.gov/Archives/edgar/data/1377013/000095014409003639/0000950144-09-003639-index.htm",
        "finalLink": "https://www.sec.gov/Archives/edgar/data/1377013/000095014409003639/g18658e10vq.htm"
    },
    {
        "date": "2008-12-31",
        "symbol": "TWC",
        "reportedCurrency": "USD",
        "cik": "0001377013",
        "fillingDate": "2009-02-20",
        "acceptedDate": "2009-02-20 12:33:21",
        "calendarYear": "2008",
        "period": "Q4",
        "revenue": 4402000000,
        "costOfRevenue": 2048000000,
        "grossProfit": 2354000000,
        "grossProfitRatio": 0.5347569287,
        "researchAndDevelopmentExpenses": 0,
        "generalAndAdministrativeExpenses": 693000000,
        "sellingAndMarketingExpenses": 0,
        "sellingGeneralAndAdministrativeExpenses": 693000000,
        "otherExpenses": 0,
        "operatingExpenses": 693000000,
        "costAndExpenses": 18346000000,
        "interestIncome": 0,
        "interestExpense": 276000000,
        "depreciationAndAmortization": 769000000,
        "ebitda": -1863000000,
        "ebitdaratio": -0.4232167197,
        "operatingIncome": -13944000000,
        "operatingIncomeRatio": -3.1676510677,
        "totalOtherIncomeExpensesNet": 524000000,
        "incomeBeforeTax": -13420000000,
        "incomeBeforeTaxRatio": -3.0486142662,
        "incomeTaxExpense": 5256000000,
        "netIncome": -8164000000,
        "netIncomeRatio": -1.8546115402,
        "eps": -8.36,
        "epsdiluted": -8.36,
        "weightedAverageShsOut": 976595744,
        "weightedAverageShsOutDil": 976595744,
        "link": "https://www.sec.gov/Archives/edgar/data/1377013/000095014409001480/0000950144-09-001480-index.htm",
        "finalLink": "https://www.sec.gov/Archives/edgar/data/1377013/000095014409001480/g17686e10vk.htm"
    },
    {
        "date": "2008-09-30",
        "symbol": "TWC",
        "reportedCurrency": "USD",
        "cik": "0001377013",
        "fillingDate": "2008-11-05",
        "acceptedDate": "2008-11-05 07:22:33",
        "calendarYear": "2008",
        "period": "Q3",
        "revenue": 4340000000,
        "costOfRevenue": 2072000000,
        "grossProfit": 2268000000,
        "grossProfitRatio": 0.5225806452,
        "researchAndDevelopmentExpenses": 0,
        "generalAndAdministrativeExpenses": 700000000,
        "sellingAndMarketingExpenses": 0,
        "sellingGeneralAndAdministrativeExpenses": 700000000,
        "otherExpenses": 0,
        "operatingExpenses": 700000000,
        "costAndExpenses": 3552000000,
        "interestIncome": 0,
        "interestExpense": 229000000,
        "depreciationAndAmortization": 766000000,
        "ebitda": 1093000000,
        "ebitdaratio": 0.251843318,
        "operatingIncome": 788000000,
        "operatingIncomeRatio": 0.1815668203,
        "totalOtherIncomeExpensesNet": -284000000,
        "incomeBeforeTax": 504000000,
        "incomeBeforeTaxRatio": 0.1161290323,
        "incomeTaxExpense": -203000000,
        "netIncome": 301000000,
        "netIncomeRatio": 0.0693548387,
        "eps": 0.31,
        "epsdiluted": 0.31,
        "weightedAverageShsOut": 976190476,
        "weightedAverageShsOutDil": 976190476,
        "link": "https://www.sec.gov/Archives/edgar/data/1377013/000095014408008127/0000950144-08-008127-index.htm",
        "finalLink": "https://www.sec.gov/Archives/edgar/data/1377013/000095014408008127/g16341e10vq.htm"
    },
    {
        "date": "2008-06-30",
        "symbol": "TWC",
        "reportedCurrency": "USD",
        "cik": "0001377013",
        "fillingDate": "2008-08-06",
        "acceptedDate": "2008-08-06 07:26:26",
        "calendarYear": "2008",
        "period": "Q2",
        "revenue": 8458000000,
        "costOfRevenue": 4025000000,
        "grossProfit": 4433000000,
        "grossProfitRatio": 0.5241191771,
        "researchAndDevelopmentExpenses": 0,
        "generalAndAdministrativeExpenses": 1460000000,
        "sellingAndMarketingExpenses": 0,
        "sellingGeneralAndAdministrativeExpenses": 1460000000,
        "otherExpenses": 0,
        "operatingExpenses": 1460000000,
        "costAndExpenses": 7083000000,
        "interestIncome": 0,
        "interestExpense": 343000000,
        "depreciationAndAmortization": 787000000,
        "ebitda": 1225000000,
        "ebitdaratio": 0.1448332939,
        "operatingIncome": 1375000000,
        "operatingIncomeRatio": 0.162567983,
        "totalOtherIncomeExpensesNet": -916000000,
        "incomeBeforeTax": 459000000,
        "incomeBeforeTaxRatio": 0.0542681485,
        "incomeTaxExpense": -182000000,
        "netIncome": 277000000,
        "netIncomeRatio": 0.0327500591,
        "eps": 0.28,
        "epsdiluted": 0.28,
        "weightedAverageShsOut": 979245283,
        "weightedAverageShsOutDil": 979245283,
        "link": "https://www.sec.gov/Archives/edgar/data/1377013/000095014408006062/0000950144-08-006062-index.htm",
        "finalLink": "https://www.sec.gov/Archives/edgar/data/1377013/000095014408006062/g14442e10vq.htm"
    },
    {
        "date": "2008-03-31",
        "symbol": "TWC",
        "reportedCurrency": "USD",
        "cik": "0001377013",
        "fillingDate": "2008-04-30",
        "acceptedDate": "2008-04-30 07:31:53",
        "calendarYear": "2008",
        "period": "Q1",
        "revenue": 0,
        "costOfRevenue": 0,
        "grossProfit": 0,
        "grossProfitRatio": 0,
        "researchAndDevelopmentExpenses": 0,
        "generalAndAdministrativeExpenses": 1000000,
        "sellingAndMarketingExpenses": 0,
        "sellingGeneralAndAdministrativeExpenses": 1000000,
        "otherExpenses": 0,
        "operatingExpenses": 1000000,
        "costAndExpenses": 1000000,
        "interestIncome": 0,
        "interestExpense": 75000000,
        "depreciationAndAmortization": 766000000,
        "ebitda": 918000000,
        "ebitdaratio": 0,
        "operatingIncome": -1000000,
        "operatingIncomeRatio": 0,
        "totalOtherIncomeExpensesNet": 408000000,
        "incomeBeforeTax": 407000000,
        "incomeBeforeTaxRatio": 0,
        "incomeTaxExpense": -165000000,
        "netIncome": 242000000,
        "netIncomeRatio": 0,
        "eps": 0.25,
        "epsdiluted": 0.25,
        "weightedAverageShsOut": 976521739,
        "weightedAverageShsOutDil": 976521739,
        "link": "https://www.sec.gov/Archives/edgar/data/1377013/000095014408003374/0000950144-08-003374-index.htm",
        "finalLink": "https://www.sec.gov/Archives/edgar/data/1377013/000095014408003374/g13010e10vq.htm"
    }
]