[
    {
        "date": "2022-06-30",
        "symbol": "TWTR",
        "reportedCurrency": "USD",
        "cik": "0001418091",
        "fillingDate": "2022-07-26",
        "acceptedDate": "2022-07-26 16:32:11",
        "calendarYear": "2022",
        "period": "Q2",
        "revenue": 1176660000,
        "costOfRevenue": 540676000,
        "grossProfit": 635984000,
        "grossProfitRatio": 0.5404993796,
        "researchAndDevelopmentExpenses": 454859000,
        "generalAndAdministrativeExpenses": 216586000,
        "sellingAndMarketingExpenses": 308301000,
        "sellingGeneralAndAdministrativeExpenses": 524887000,
        "otherExpenses": 0,
        "operatingExpenses": 979746000,
        "costAndExpenses": 1520422000,
        "interestIncome": 13595000,
        "interestExpense": 23342000,
        "depreciationAndAmortization": 173288000,
        "ebitda": -139274000,
        "ebitdaratio": -0.1183638434,
        "operatingIncome": -312562000,
        "operatingIncomeRatio": -0.2656349328,
        "totalOtherIncomeExpensesNet": 7858000,
        "incomeBeforeTax": -335904000,
        "incomeBeforeTaxRatio": -0.2854724389,
        "incomeTaxExpense": -65897000,
        "netIncome": -270007000,
        "netIncomeRatio": -0.2294690055,
        "eps": -0.35,
        "epsdiluted": -0.35,
        "weightedAverageShsOut": 766837000,
        "weightedAverageShsOutDil": 766837000,
        "link": "https://www.sec.gov/Archives/edgar/data/1418091/000141809122000147/0001418091-22-000147-index.htm",
        "finalLink": "https://www.sec.gov/Archives/edgar/data/1418091/000141809122000147/twtr-20220630.htm"
    },
    {
        "date": "2022-03-31",
        "symbol": "TWTR",
        "reportedCurrency": "USD",
        "cik": "0001418091",
        "fillingDate": "2022-05-02",
        "acceptedDate": "2022-05-02 16:17:43",
        "calendarYear": "2022",
        "period": "Q1",
        "revenue": 1200984000,
        "costOfRevenue": 507450000,
        "grossProfit": 693534000,
        "grossProfitRatio": 0.5774714734,
        "researchAndDevelopmentExpenses": 371695000,
        "generalAndAdministrativeExpenses": 149863000,
        "sellingAndMarketingExpenses": 299809000,
        "sellingGeneralAndAdministrativeExpenses": 449672000,
        "otherExpenses": 0,
        "operatingExpenses": 821367000,
        "costAndExpenses": 1328817000,
        "interestIncome": 7962000,
        "interestExpense": 15444000,
        "depreciationAndAmortization": 160283000,
        "ebitda": 1004380000,
        "ebitdaratio": 0.8362975693,
        "operatingIncome": 844097000,
        "operatingIncomeRatio": 0.7028378396,
        "totalOtherIncomeExpensesNet": -15444000,
        "incomeBeforeTax": 828653000,
        "incomeBeforeTaxRatio": 0.6899783844,
        "incomeTaxExpense": 315367000,
        "netIncome": 513286000,
        "netIncomeRatio": 0.4273878753,
        "eps": 0.61,
        "epsdiluted": 0.61,
        "weightedAverageShsOut": 838590000,
        "weightedAverageShsOutDil": 838590000,
        "link": "https://www.sec.gov/Archives/edgar/data/1418091/000141809122000075/0001418091-22-000075-index.htm",
        "finalLink": "https://www.sec.gov/Archives/edgar/data/1418091/000141809122000075/twtr-20220331.htm"
    },
    {
        "date": "2021-12-31",
        "symbol": "TWTR",
        "reportedCurrency": "USD",
        "cik": "0001418091",
        "fillingDate": "2022-02-16",
        "acceptedDate": "2022-02-16 16:28:53",
        "calendarYear": "2021",
        "period": "Q4",
        "revenue": 1567220000,
        "costOfRevenue": 515091000,
        "grossProfit": 1052129000,
        "grossProfitRatio": 0.6713345925,
        "researchAndDevelopmentExpenses": 371884000,
        "generalAndAdministrativeExpenses": 174472000,
        "sellingAndMarketingExpenses": 338398000,
        "sellingGeneralAndAdministrativeExpenses": 512870000,
        "otherExpenses": 0,
        "operatingExpenses": 884754000,
        "costAndExpenses": 1399845000,
        "interestIncome": 7355000,
        "interestExpense": 10824000,
        "depreciationAndAmortization": 145536000,
        "ebitda": 341025000,
        "ebitdaratio": 0.2175986779,
        "operatingIncome": 163906000,
        "operatingIncomeRatio": 0.1045839129,
        "totalOtherIncomeExpensesNet": 17290000,
        "incomeBeforeTax": 184665000,
        "incomeBeforeTaxRatio": 0.1178296602,
        "incomeTaxExpense": 2971000,
        "netIncome": 181694000,
        "netIncomeRatio": 0.1159339467,
        "eps": 0.23,
        "epsdiluted": 0.21,
        "weightedAverageShsOut": 799370000,
        "weightedAverageShsOutDil": 865030000,
        "link": "https://www.sec.gov/Archives/edgar/data/1418091/000141809122000029/0001418091-22-000029-index.htm",
        "finalLink": "https://www.sec.gov/Archives/edgar/data/1418091/000141809122000029/twtr-20211231.htm"
    },
    {
        "date": "2021-09-30",
        "symbol": "TWTR",
        "reportedCurrency": "USD",
        "cik": "0001418091",
        "fillingDate": "2021-10-27",
        "acceptedDate": "2021-10-27 17:00:25",
        "calendarYear": "2021",
        "period": "Q3",
        "revenue": 1283817000,
        "costOfRevenue": 484479000,
        "grossProfit": 799338000,
        "grossProfitRatio": 0.6226261219,
        "researchAndDevelopmentExpenses": 324252000,
        "generalAndAdministrativeExpenses": 150855000,
        "sellingAndMarketingExpenses": 301078000,
        "sellingGeneralAndAdministrativeExpenses": 451933000,
        "otherExpenses": 0,
        "operatingExpenses": 776185000,
        "costAndExpenses": 1260664000,
        "interestIncome": 8125000,
        "interestExpense": 13284000,
        "depreciationAndAmortization": 133448000,
        "ebitda": -580350000,
        "ebitdaratio": -0.4520504091,
        "operatingIncome": -742548000,
        "operatingIncomeRatio": -0.5783908454,
        "totalOtherIncomeExpensesNet": 15466000,
        "incomeBeforeTax": -727082000,
        "incomeBeforeTaxRatio": -0.5663439571,
        "incomeTaxExpense": -190325000,
        "netIncome": -536757000,
        "netIncomeRatio": -0.418094635,
        "eps": -0.67,
        "epsdiluted": -0.67,
        "weightedAverageShsOut": 797985000,
        "weightedAverageShsOutDil": 797985000,
        "link": "https://www.sec.gov/Archives/edgar/data/1418091/000141809121000209/0001418091-21-000209-index.htm",
        "finalLink": "https://www.sec.gov/Archives/edgar/data/1418091/000141809121000209/twtr-20210930.htm"
    },
    {
        "date": "2021-06-30",
        "symbol": "TWTR",
        "reportedCurrency": "USD",
        "cik": "0001418091",
        "fillingDate": "2021-07-27",
        "acceptedDate": "2021-07-27 16:44:05",
        "calendarYear": "2021",
        "period": "Q2",
        "revenue": 1190427000,
        "costOfRevenue": 416932000,
        "grossProfit": 773495000,
        "grossProfitRatio": 0.6497626482,
        "researchAndDevelopmentExpenses": 299859000,
        "generalAndAdministrativeExpenses": 141482000,
        "sellingAndMarketingExpenses": 301902000,
        "sellingGeneralAndAdministrativeExpenses": 443384000,
        "otherExpenses": 0,
        "operatingExpenses": 743243000,
        "costAndExpenses": 1160175000,
        "interestIncome": 9202000,
        "interestExpense": 13893000,
        "depreciationAndAmortization": 134812000,
        "ebitda": 230005000,
        "ebitdaratio": 0.1932121835,
        "operatingIncome": 30252000,
        "operatingIncomeRatio": 0.0254127301,
        "totalOtherIncomeExpensesNet": 51048000,
        "incomeBeforeTax": 81300000,
        "incomeBeforeTaxRatio": 0.0682948219,
        "incomeTaxExpense": 15651000,
        "netIncome": 65649000,
        "netIncomeRatio": 0.0551474387,
        "eps": 0.0824,
        "epsdiluted": 0.0755,
        "weightedAverageShsOut": 796472000,
        "weightedAverageShsOutDil": 869180000,
        "link": "https://www.sec.gov/Archives/edgar/data/1418091/000141809121000155/0001418091-21-000155-index.htm",
        "finalLink": "https://www.sec.gov/Archives/edgar/data/1418091/000141809121000155/twtr-20210630.htm"
    },
    {
        "date": "2021-03-31",
        "symbol": "TWTR",
        "reportedCurrency": "USD",
        "cik": "0001418091",
        "fillingDate": "2021-04-30",
        "acceptedDate": "2021-04-30 16:16:53",
        "calendarYear": "2021",
        "period": "Q1",
        "revenue": 1036018000,
        "costOfRevenue": 381008000,
        "grossProfit": 655010000,
        "grossProfitRatio": 0.6322380499,
        "researchAndDevelopmentExpenses": 250709000,
        "generalAndAdministrativeExpenses": 117527000,
        "sellingAndMarketingExpenses": 234592000,
        "sellingGeneralAndAdministrativeExpenses": 352119000,
        "otherExpenses": 0,
        "operatingExpenses": 602828000,
        "costAndExpenses": 983836000,
        "interestIncome": 11001000,
        "interestExpense": 13185000,
        "depreciationAndAmortization": 131052000,
        "ebitda": 194241000,
        "ebitdaratio": 0.1874880552,
        "operatingIncome": 52182000,
        "operatingIncomeRatio": 0.0503678508,
        "totalOtherIncomeExpensesNet": -2178000,
        "incomeBeforeTax": 50004000,
        "incomeBeforeTaxRatio": 0.0482655707,
        "incomeTaxExpense": -18001000,
        "netIncome": 68005000,
        "netIncomeRatio": 0.0656407514,
        "eps": 0.0855,
        "epsdiluted": 0.078,
        "weightedAverageShsOut": 795633000,
        "weightedAverageShsOutDil": 872187000,
        "link": "https://www.sec.gov/Archives/edgar/data/1418091/000141809121000085/0001418091-21-000085-index.htm",
        "finalLink": "https://www.sec.gov/Archives/edgar/data/1418091/000141809121000085/twtr-20210331.htm"
    },
    {
        "date": "2020-12-31",
        "symbol": "TWTR",
        "reportedCurrency": "USD",
        "cik": "0001418091",
        "fillingDate": "2021-02-17",
        "acceptedDate": "2021-02-17 16:52:20",
        "calendarYear": "2020",
        "period": "Q4",
        "revenue": 1289041000,
        "costOfRevenue": 432924000,
        "grossProfit": 856117000,
        "grossProfitRatio": 0.6641503257,
        "researchAndDevelopmentExpenses": 247940000,
        "generalAndAdministrativeExpenses": 112251000,
        "sellingAndMarketingExpenses": 244002000,
        "sellingGeneralAndAdministrativeExpenses": 356253000,
        "otherExpenses": 0,
        "operatingExpenses": 604193000,
        "costAndExpenses": 1037117000,
        "interestIncome": 13101000,
        "interestExpense": 40166000,
        "depreciationAndAmortization": 128708000,
        "ebitda": 392893000,
        "ebitdaratio": 0.3047948048,
        "operatingIncome": 251924000,
        "operatingIncomeRatio": 0.1954352111,
        "totalOtherIncomeExpensesNet": -27905000,
        "incomeBeforeTax": 224019000,
        "incomeBeforeTaxRatio": 0.1737873349,
        "incomeTaxExpense": 1903000,
        "netIncome": 222116000,
        "netIncomeRatio": 0.1723110436,
        "eps": 0.28,
        "epsdiluted": 0.27,
        "weightedAverageShsOut": 793789000,
        "weightedAverageShsOutDil": 816368000,
        "link": "https://www.sec.gov/Archives/edgar/data/1418091/000141809121000031/0001418091-21-000031-index.htm",
        "finalLink": "https://www.sec.gov/Archives/edgar/data/1418091/000141809121000031/twtr-20201231.htm"
    },
    {
        "date": "2020-09-30",
        "symbol": "TWTR",
        "reportedCurrency": "USD",
        "cik": "0001418091",
        "fillingDate": "2020-10-30",
        "acceptedDate": "2020-10-30 16:17:59",
        "calendarYear": "2020",
        "period": "Q3",
        "revenue": 936233000,
        "costOfRevenue": 361388000,
        "grossProfit": 574845000,
        "grossProfitRatio": 0.6139977976,
        "researchAndDevelopmentExpenses": 208877000,
        "generalAndAdministrativeExpenses": 94576000,
        "sellingAndMarketingExpenses": 215285000,
        "sellingGeneralAndAdministrativeExpenses": 309861000,
        "otherExpenses": 0,
        "operatingExpenses": 518738000,
        "costAndExpenses": 880126000,
        "interestIncome": 17167000,
        "interestExpense": 39614000,
        "depreciationAndAmortization": 121983000,
        "ebitda": 191280000,
        "ebitdaratio": 0.2043081156,
        "operatingIncome": 56107000,
        "operatingIncomeRatio": 0.059928458,
        "totalOtherIncomeExpensesNet": -26424000,
        "incomeBeforeTax": 29683000,
        "incomeBeforeTaxRatio": 0.0317047145,
        "incomeTaxExpense": 1024000,
        "netIncome": 28659000,
        "netIncomeRatio": 0.0306109697,
        "eps": 0.0362,
        "epsdiluted": 0.0355,
        "weightedAverageShsOut": 790827000,
        "weightedAverageShsOutDil": 806383000,
        "link": "https://www.sec.gov/Archives/edgar/data/1418091/000141809120000202/0001418091-20-000202-index.htm",
        "finalLink": "https://www.sec.gov/Archives/edgar/data/1418091/000141809120000202/twtr-20200930.htm"
    },
    {
        "date": "2020-06-30",
        "symbol": "TWTR",
        "reportedCurrency": "USD",
        "cik": "0001418091",
        "fillingDate": "2020-08-03",
        "acceptedDate": "2020-08-03 16:30:17",
        "calendarYear": "2020",
        "period": "Q2",
        "revenue": 683438000,
        "costOfRevenue": 288039000,
        "grossProfit": 395399000,
        "grossProfitRatio": 0.5785440669,
        "researchAndDevelopmentExpenses": 215806000,
        "generalAndAdministrativeExpenses": 246237000,
        "sellingAndMarketingExpenses": 207286000,
        "sellingGeneralAndAdministrativeExpenses": 453523000,
        "otherExpenses": 0,
        "operatingExpenses": 669329000,
        "costAndExpenses": 957368000,
        "interestIncome": 25013000,
        "interestExpense": 39828000,
        "depreciationAndAmortization": 123837000,
        "ebitda": -125441000,
        "ebitdaratio": -0.1835440815,
        "operatingIncome": -273930000,
        "operatingIncomeRatio": -0.4008117781,
        "totalOtherIncomeExpensesNet": -15176000,
        "incomeBeforeTax": -289106000,
        "incomeBeforeTaxRatio": -0.4230171574,
        "incomeTaxExpense": 1088899000,
        "netIncome": -1378005000,
        "netIncomeRatio": -2.0162838473,
        "eps": -1.75,
        "epsdiluted": -1.75,
        "weightedAverageShsOut": 785909000,
        "weightedAverageShsOutDil": 785909000,
        "link": "https://www.sec.gov/Archives/edgar/data/1418091/000141809120000158/0001418091-20-000158-index.htm",
        "finalLink": "https://www.sec.gov/Archives/edgar/data/1418091/000141809120000158/twtr-20200630.htm"
    },
    {
        "date": "2020-03-31",
        "symbol": "TWTR",
        "reportedCurrency": "USD",
        "cik": "0001418091",
        "fillingDate": "2020-05-05",
        "acceptedDate": "2020-05-05 16:21:46",
        "calendarYear": "2020",
        "period": "Q1",
        "revenue": 807637000,
        "costOfRevenue": 284037000,
        "grossProfit": 523600000,
        "grossProfitRatio": 0.6483110605,
        "researchAndDevelopmentExpenses": 200388000,
        "generalAndAdministrativeExpenses": 109368000,
        "sellingAndMarketingExpenses": 221287000,
        "sellingGeneralAndAdministrativeExpenses": 330655000,
        "otherExpenses": 0,
        "operatingExpenses": 531043000,
        "costAndExpenses": 815080000,
        "interestIncome": 32897000,
        "interestExpense": 33270000,
        "depreciationAndAmortization": 120649000,
        "ebitda": 138384000,
        "ebitdaratio": 0.1713443044,
        "operatingIncome": -7443000,
        "operatingIncomeRatio": -0.0092157739,
        "totalOtherIncomeExpensesNet": -8092000,
        "incomeBeforeTax": -15535000,
        "incomeBeforeTaxRatio": -0.0192351267,
        "incomeTaxExpense": -7139000,
        "netIncome": -8396000,
        "netIncomeRatio": -0.0103957595,
        "eps": -0.0108,
        "epsdiluted": -0.0108,
        "weightedAverageShsOut": 780688000,
        "weightedAverageShsOutDil": 780688000,
        "link": "https://www.sec.gov/Archives/edgar/data/1418091/000141809120000089/0001418091-20-000089-index.htm",
        "finalLink": "https://www.sec.gov/Archives/edgar/data/1418091/000141809120000089/twtr-20200331.htm"
    },
    {
        "date": "2019-12-31",
        "symbol": "TWTR",
        "reportedCurrency": "USD",
        "cik": "0001418091",
        "fillingDate": "2020-02-19",
        "acceptedDate": "2020-02-18 17:53:51",
        "calendarYear": "2019",
        "period": "Q4",
        "revenue": 1007341000,
        "costOfRevenue": 314008000,
        "grossProfit": 693333000,
        "grossProfitRatio": 0.6882803341,
        "researchAndDevelopmentExpenses": 198240000,
        "generalAndAdministrativeExpenses": 100648000,
        "sellingAndMarketingExpenses": 241561000,
        "sellingGeneralAndAdministrativeExpenses": 342209000,
        "otherExpenses": 0,
        "operatingExpenses": 540449000,
        "costAndExpenses": 854457000,
        "interestIncome": 33927000,
        "interestExpense": 26377000,
        "depreciationAndAmortization": 116473000,
        "ebitda": 300944000,
        "ebitdaratio": 0.2987508699,
        "operatingIncome": 152884000,
        "operatingIncomeRatio": 0.1517698575,
        "totalOtherIncomeExpensesNet": 5210000,
        "incomeBeforeTax": 158094000,
        "incomeBeforeTaxRatio": 0.1569418896,
        "incomeTaxExpense": 39321000,
        "netIncome": 118773000,
        "netIncomeRatio": 0.1179074415,
        "eps": 0.15,
        "epsdiluted": 0.15,
        "weightedAverageShsOut": 776647000,
        "weightedAverageShsOutDil": 788684000,
        "link": "https://www.sec.gov/Archives/edgar/data/1418091/000141809120000037/0001418091-20-000037-index.htm",
        "finalLink": "https://www.sec.gov/Archives/edgar/data/1418091/000141809120000037/twtr-20191231.htm"
    },
    {
        "date": "2019-09-30",
        "symbol": "TWTR",
        "reportedCurrency": "USD",
        "cik": "0001418091",
        "fillingDate": "2019-10-30",
        "acceptedDate": "2019-10-29 19:20:17",
        "calendarYear": "2019",
        "period": "Q3",
        "revenue": 823717000,
        "costOfRevenue": 281057000,
        "grossProfit": 542660000,
        "grossProfitRatio": 0.6587942218,
        "researchAndDevelopmentExpenses": 178553000,
        "generalAndAdministrativeExpenses": 93758000,
        "sellingAndMarketingExpenses": 226204000,
        "sellingGeneralAndAdministrativeExpenses": 319962000,
        "otherExpenses": 0,
        "operatingExpenses": 498515000,
        "costAndExpenses": 779572000,
        "interestIncome": 40348000,
        "interestExpense": 36226000,
        "depreciationAndAmortization": 119986000,
        "ebitda": 203975000,
        "ebitdaratio": 0.2476275226,
        "operatingIncome": 44145000,
        "operatingIncomeRatio": 0.0535924353,
        "totalOtherIncomeExpensesNet": 3618000,
        "incomeBeforeTax": 47763000,
        "incomeBeforeTaxRatio": 0.0579847205,
        "incomeTaxExpense": 11241000,
        "netIncome": 36522000,
        "netIncomeRatio": 0.0443380433,
        "eps": 0.0473,
        "epsdiluted": 0.0462,
        "weightedAverageShsOut": 772789000,
        "weightedAverageShsOutDil": 790523000,
        "link": "https://www.sec.gov/Archives/edgar/data/1418091/000141809119000008/0001418091-19-000008-index.htm",
        "finalLink": "https://www.sec.gov/Archives/edgar/data/1418091/000141809119000008/twtr-20190930.htm"
    },
    {
        "date": "2019-06-30",
        "symbol": "TWTR",
        "reportedCurrency": "USD",
        "cik": "0001418091",
        "fillingDate": "2019-07-31",
        "acceptedDate": "2019-07-31 16:23:16",
        "calendarYear": "2019",
        "period": "Q2",
        "revenue": 841381000,
        "costOfRevenue": 277965000,
        "grossProfit": 563416000,
        "grossProfitRatio": 0.6696324257,
        "researchAndDevelopmentExpenses": 159242000,
        "generalAndAdministrativeExpenses": 88239000,
        "sellingAndMarketingExpenses": 240249000,
        "sellingGeneralAndAdministrativeExpenses": 328488000,
        "otherExpenses": 0,
        "operatingExpenses": 487730000,
        "costAndExpenses": 765695000,
        "interestIncome": 42887000,
        "interestExpense": 38317000,
        "depreciationAndAmortization": 115616000,
        "ebitda": 241712000,
        "ebitdaratio": 0.2872800788,
        "operatingIncome": 75686000,
        "operatingIncomeRatio": 0.0899544915,
        "totalOtherIncomeExpensesNet": 12093000,
        "incomeBeforeTax": 87779000,
        "incomeBeforeTaxRatio": 0.1043272905,
        "incomeTaxExpense": -1031781000,
        "netIncome": 1119560000,
        "netIncomeRatio": 1.330621918,
        "eps": 1.46,
        "epsdiluted": 1.43,
        "weightedAverageShsOut": 768755000,
        "weightedAverageShsOutDil": 785056000,
        "link": "https://www.sec.gov/Archives/edgar/data/1418091/000156459019027504/0001564590-19-027504-index.htm",
        "finalLink": "https://www.sec.gov/Archives/edgar/data/1418091/000156459019027504/twtr-10q_20190630.htm"
    },
    {
        "date": "2019-03-31",
        "symbol": "TWTR",
        "reportedCurrency": "USD",
        "cik": "0001418091",
        "fillingDate": "2019-04-30",
        "acceptedDate": "2019-04-30 16:37:30",
        "calendarYear": "2019",
        "period": "Q1",
        "revenue": 786890000,
        "costOfRevenue": 264011000,
        "grossProfit": 522879000,
        "grossProfitRatio": 0.6644880479,
        "researchAndDevelopmentExpenses": 146246000,
        "generalAndAdministrativeExpenses": 77176000,
        "sellingAndMarketingExpenses": 205799000,
        "sellingGeneralAndAdministrativeExpenses": 282975000,
        "otherExpenses": 0,
        "operatingExpenses": 429221000,
        "costAndExpenses": 693232000,
        "interestIncome": 40541000,
        "interestExpense": 37260000,
        "depreciationAndAmortization": 113474000,
        "ebitda": 247237000,
        "ebitdaratio": 0.3141951226,
        "operatingIncome": 93658000,
        "operatingIncomeRatio": 0.1190229892,
        "totalOtherIncomeExpensesNet": 2845000,
        "incomeBeforeTax": 96503000,
        "incomeBeforeTaxRatio": 0.1226384882,
        "incomeTaxExpense": -94301000,
        "netIncome": 190804000,
        "netIncomeRatio": 0.2424786184,
        "eps": 0.25,
        "epsdiluted": 0.25,
        "weightedAverageShsOut": 764550000,
        "weightedAverageShsOutDil": 777689000,
        "link": "https://www.sec.gov/Archives/edgar/data/1418091/000156459019014333/0001564590-19-014333-index.htm",
        "finalLink": "https://www.sec.gov/Archives/edgar/data/1418091/000156459019014333/twtr-10q_20190331.htm"
    },
    {
        "date": "2018-12-31",
        "symbol": "TWTR",
        "reportedCurrency": "USD",
        "cik": "0001418091",
        "fillingDate": "2019-02-21",
        "acceptedDate": "2019-02-20 20:45:48",
        "calendarYear": "2018",
        "period": "Q4",
        "revenue": 908836000,
        "costOfRevenue": 268345000,
        "grossProfit": 640491000,
        "grossProfitRatio": 0.7047377085,
        "researchAndDevelopmentExpenses": 141174000,
        "generalAndAdministrativeExpenses": 80635000,
        "sellingAndMarketingExpenses": 211774000,
        "sellingGeneralAndAdministrativeExpenses": 292409000,
        "otherExpenses": 0,
        "operatingExpenses": 433583000,
        "costAndExpenses": 701928000,
        "interestIncome": 37013000,
        "interestExpense": 37273000,
        "depreciationAndAmortization": 110723000,
        "ebitda": 354533000,
        "ebitdaratio": 0.3900956828,
        "operatingIncome": 206908000,
        "operatingIncomeRatio": 0.2276626366,
        "totalOtherIncomeExpensesNet": -371000,
        "incomeBeforeTax": 206537000,
        "incomeBeforeTaxRatio": 0.2272544221,
        "incomeTaxExpense": -48766000,
        "netIncome": 255303000,
        "netIncomeRatio": 0.2809120677,
        "eps": 0.34,
        "epsdiluted": 0.33,
        "weightedAverageShsOut": 760525000,
        "weightedAverageShsOutDil": 776129000,
        "link": "https://www.sec.gov/Archives/edgar/data/1418091/000156459019003523/0001564590-19-003523-index.htm",
        "finalLink": "https://www.sec.gov/Archives/edgar/data/1418091/000156459019003523/twtr-10k_20181231.htm"
    },
    {
        "date": "2018-09-30",
        "symbol": "TWTR",
        "reportedCurrency": "USD",
        "cik": "0001418091",
        "fillingDate": "2018-10-30",
        "acceptedDate": "2018-10-30 16:35:25",
        "calendarYear": "2018",
        "period": "Q3",
        "revenue": 758111000,
        "costOfRevenue": 243644000,
        "grossProfit": 514467000,
        "grossProfitRatio": 0.6786169835,
        "researchAndDevelopmentExpenses": 150764000,
        "generalAndAdministrativeExpenses": 78339000,
        "sellingAndMarketingExpenses": 193496000,
        "sellingGeneralAndAdministrativeExpenses": 271835000,
        "otherExpenses": 0,
        "operatingExpenses": 422599000,
        "costAndExpenses": 666243000,
        "interestIncome": 36067000,
        "interestExpense": 38336000,
        "depreciationAndAmortization": 111947000,
        "ebitda": 237541000,
        "ebitdaratio": 0.3133327441,
        "operatingIncome": 91868000,
        "operatingIncomeRatio": 0.1211801438,
        "totalOtherIncomeExpensesNet": -4610000,
        "incomeBeforeTax": 87258000,
        "incomeBeforeTaxRatio": 0.1150992401,
        "incomeTaxExpense": -701921000,
        "netIncome": 789179000,
        "netIncomeRatio": 1.0409808062,
        "eps": 1.04,
        "epsdiluted": 1.02,
        "weightedAverageShsOut": 756537000,
        "weightedAverageShsOutDil": 776002000,
        "link": "https://www.sec.gov/Archives/edgar/data/1418091/000156459018025638/0001564590-18-025638-index.htm",
        "finalLink": "https://www.sec.gov/Archives/edgar/data/1418091/000156459018025638/twtr-10q_20180930.htm"
    },
    {
        "date": "2018-06-30",
        "symbol": "TWTR",
        "reportedCurrency": "USD",
        "cik": "0001418091",
        "fillingDate": "2018-07-30",
        "acceptedDate": "2018-07-30 16:46:09",
        "calendarYear": "2018",
        "period": "Q2",
        "revenue": 710541000,
        "costOfRevenue": 230185000,
        "grossProfit": 480356000,
        "grossProfitRatio": 0.676042621,
        "researchAndDevelopmentExpenses": 138574000,
        "generalAndAdministrativeExpenses": 74126000,
        "sellingAndMarketingExpenses": 188032000,
        "sellingGeneralAndAdministrativeExpenses": 262158000,
        "otherExpenses": 0,
        "operatingExpenses": 400732000,
        "costAndExpenses": 630917000,
        "interestIncome": 21960000,
        "interestExpense": 29982000,
        "depreciationAndAmortization": 105982000,
        "ebitda": 201831000,
        "ebitdaratio": 0.284052574,
        "operatingIncome": 79624000,
        "operatingIncomeRatio": 0.1120610915,
        "totalOtherIncomeExpensesNet": -13757000,
        "incomeBeforeTax": 65867000,
        "incomeBeforeTaxRatio": 0.0926997879,
        "incomeTaxExpense": -34250000,
        "netIncome": 100117000,
        "netIncomeRatio": 0.1409024954,
        "eps": 0.13,
        "epsdiluted": 0.13,
        "weightedAverageShsOut": 752351000,
        "weightedAverageShsOutDil": 772556000,
        "link": "https://www.sec.gov/Archives/edgar/data/1418091/000156459018017905/0001564590-18-017905-index.htm",
        "finalLink": "https://www.sec.gov/Archives/edgar/data/1418091/000156459018017905/twtr-10q_20180630.htm"
    },
    {
        "date": "2018-03-31",
        "symbol": "TWTR",
        "reportedCurrency": "USD",
        "cik": "0001418091",
        "fillingDate": "2018-05-03",
        "acceptedDate": "2018-05-03 17:01:27",
        "calendarYear": "2018",
        "period": "Q1",
        "revenue": 664871000,
        "costOfRevenue": 222823000,
        "grossProfit": 442048000,
        "grossProfitRatio": 0.664862808,
        "researchAndDevelopmentExpenses": 123346000,
        "generalAndAdministrativeExpenses": 65718000,
        "sellingAndMarketingExpenses": 178059000,
        "sellingGeneralAndAdministrativeExpenses": 243777000,
        "otherExpenses": 0,
        "operatingExpenses": 367123000,
        "costAndExpenses": 589946000,
        "interestIncome": 16181000,
        "interestExpense": 27015000,
        "depreciationAndAmortization": 96846000,
        "ebitda": 187743000,
        "ebitdaratio": 0.2823750773,
        "operatingIncome": 74925000,
        "operatingIncomeRatio": 0.1126910333,
        "totalOtherIncomeExpensesNet": -11043000,
        "incomeBeforeTax": 63882000,
        "incomeBeforeTaxRatio": 0.0960817963,
        "incomeTaxExpense": 2885000,
        "netIncome": 60997000,
        "netIncomeRatio": 0.0917426087,
        "eps": 0.0816,
        "epsdiluted": 0.0796,
        "weightedAverageShsOut": 747697000,
        "weightedAverageShsOutDil": 765861000,
        "link": "https://www.sec.gov/Archives/edgar/data/1418091/000156459018010739/0001564590-18-010739-index.htm",
        "finalLink": "https://www.sec.gov/Archives/edgar/data/1418091/000156459018010739/twtr-10q_20180331.htm"
    },
    {
        "date": "2017-12-31",
        "symbol": "TWTR",
        "reportedCurrency": "USD",
        "cik": "0001418091",
        "fillingDate": "2018-02-23",
        "acceptedDate": "2018-02-23 16:51:18",
        "calendarYear": "2017",
        "period": "Q4",
        "revenue": 731560000,
        "costOfRevenue": 217979000,
        "grossProfit": 513581000,
        "grossProfitRatio": 0.7020353765,
        "researchAndDevelopmentExpenses": 133996000,
        "generalAndAdministrativeExpenses": 79915000,
        "sellingAndMarketingExpenses": 189572000,
        "sellingGeneralAndAdministrativeExpenses": 269487000,
        "otherExpenses": 0,
        "operatingExpenses": 403483000,
        "costAndExpenses": 621462000,
        "interestIncome": 0,
        "interestExpense": 26700000,
        "depreciationAndAmortization": 92520000,
        "ebitda": 212773000,
        "ebitdaratio": 0.2908483241,
        "operatingIncome": 110098000,
        "operatingIncomeRatio": 0.1504975668,
        "totalOtherIncomeExpensesNet": -16545000,
        "incomeBeforeTax": 93553000,
        "incomeBeforeTaxRatio": 0.1278815135,
        "incomeTaxExpense": 2474000,
        "netIncome": 91079000,
        "netIncomeRatio": 0.1244996993,
        "eps": 0.12,
        "epsdiluted": 0.12,
        "weightedAverageShsOut": 741822000,
        "weightedAverageShsOutDil": 754631000,
        "link": "https://www.sec.gov/Archives/edgar/data/1418091/000156459018003046/0001564590-18-003046-index.htm",
        "finalLink": "https://www.sec.gov/Archives/edgar/data/1418091/000156459018003046/twtr-10k_20171231.htm"
    },
    {
        "date": "2017-09-30",
        "symbol": "TWTR",
        "reportedCurrency": "USD",
        "cik": "0001418091",
        "fillingDate": "2017-11-01",
        "acceptedDate": "2017-11-01 17:25:56",
        "calendarYear": "2017",
        "period": "Q3",
        "revenue": 589633000,
        "costOfRevenue": 210016000,
        "grossProfit": 379617000,
        "grossProfitRatio": 0.6438191214,
        "researchAndDevelopmentExpenses": 136115000,
        "generalAndAdministrativeExpenses": 63266000,
        "sellingAndMarketingExpenses": 172957000,
        "sellingGeneralAndAdministrativeExpenses": 236223000,
        "otherExpenses": 0,
        "operatingExpenses": 372338000,
        "costAndExpenses": 582354000,
        "interestIncome": 0,
        "interestExpense": 26732000,
        "depreciationAndAmortization": 97492000,
        "ebitda": 106693000,
        "ebitdaratio": 0.1809481491,
        "operatingIncome": 7279000,
        "operatingIncomeRatio": 0.0123449671,
        "totalOtherIncomeExpensesNet": -24810000,
        "incomeBeforeTax": -17531000,
        "incomeBeforeTaxRatio": -0.0297320537,
        "incomeTaxExpense": 3564000,
        "netIncome": -21095000,
        "netIncomeRatio": -0.0357764915,
        "eps": -0.0286,
        "epsdiluted": -0.0286,
        "weightedAverageShsOut": 736515000,
        "weightedAverageShsOutDil": 736515000,
        "link": "https://www.sec.gov/Archives/edgar/data/1418091/000156459017020841/0001564590-17-020841-index.htm",
        "finalLink": "https://www.sec.gov/Archives/edgar/data/1418091/000156459017020841/twtr-10q_20170930.htm"
    },
    {
        "date": "2017-06-30",
        "symbol": "TWTR",
        "reportedCurrency": "USD",
        "cik": "0001418091",
        "fillingDate": "2017-08-03",
        "acceptedDate": "2017-08-02 17:38:37",
        "calendarYear": "2017",
        "period": "Q2",
        "revenue": 573855000,
        "costOfRevenue": 212908000,
        "grossProfit": 360947000,
        "grossProfitRatio": 0.6289864164,
        "researchAndDevelopmentExpenses": 143171000,
        "generalAndAdministrativeExpenses": 70839000,
        "sellingAndMarketingExpenses": 185296000,
        "sellingGeneralAndAdministrativeExpenses": 256135000,
        "otherExpenses": 0,
        "operatingExpenses": 399306000,
        "costAndExpenses": 612214000,
        "interestIncome": 0,
        "interestExpense": 26396000,
        "depreciationAndAmortization": 103063000,
        "ebitda": 16384000,
        "ebitdaratio": 0.0285507663,
        "operatingIncome": -38359000,
        "operatingIncomeRatio": -0.0668444119,
        "totalOtherIncomeExpensesNet": -74716000,
        "incomeBeforeTax": -113075000,
        "incomeBeforeTaxRatio": -0.1970445496,
        "incomeTaxExpense": 3413000,
        "netIncome": -116488000,
        "netIncomeRatio": -0.202992045,
        "eps": -0.16,
        "epsdiluted": -0.16,
        "weightedAverageShsOut": 730069000,
        "weightedAverageShsOutDil": 730069000,
        "link": "https://www.sec.gov/Archives/edgar/data/1418091/000156459017014980/0001564590-17-014980-index.htm",
        "finalLink": "https://www.sec.gov/Archives/edgar/data/1418091/000156459017014980/twtr-10q_20170630.htm"
    },
    {
        "date": "2017-03-31",
        "symbol": "TWTR",
        "reportedCurrency": "USD",
        "cik": "0001418091",
        "fillingDate": "2017-05-02",
        "acceptedDate": "2017-05-02 17:31:15",
        "calendarYear": "2017",
        "period": "Q1",
        "revenue": 548251000,
        "costOfRevenue": 220339000,
        "grossProfit": 327912000,
        "grossProfitRatio": 0.5981056122,
        "researchAndDevelopmentExpenses": 128728000,
        "generalAndAdministrativeExpenses": 69868000,
        "sellingAndMarketingExpenses": 169594000,
        "sellingGeneralAndAdministrativeExpenses": 239462000,
        "otherExpenses": 0,
        "operatingExpenses": 368190000,
        "costAndExpenses": 588529000,
        "interestIncome": 0,
        "interestExpense": 25409000,
        "depreciationAndAmortization": 102792000,
        "ebitda": 69836000,
        "ebitdaratio": 0.1273796126,
        "operatingIncome": -40278000,
        "operatingIncomeRatio": -0.0734663503,
        "totalOtherIncomeExpensesNet": -18087000,
        "incomeBeforeTax": -58365000,
        "incomeBeforeTaxRatio": -0.1064567142,
        "incomeTaxExpense": 3194000,
        "netIncome": -61559000,
        "netIncomeRatio": -0.1122825129,
        "eps": -0.0853,
        "epsdiluted": -0.0853,
        "weightedAverageShsOut": 722048000,
        "weightedAverageShsOutDil": 722048000,
        "link": "https://www.sec.gov/Archives/edgar/data/1418091/000156459017008149/0001564590-17-008149-index.htm",
        "finalLink": "https://www.sec.gov/Archives/edgar/data/1418091/000156459017008149/twtr-10q_20170331.htm"
    },
    {
        "date": "2016-12-31",
        "symbol": "TWTR",
        "reportedCurrency": "USD",
        "cik": "0001418091",
        "fillingDate": "2017-02-27",
        "acceptedDate": "2017-02-27 16:56:45",
        "calendarYear": "2016",
        "period": "Q4",
        "revenue": 717206000,
        "costOfRevenue": 305710000,
        "grossProfit": 411496000,
        "grossProfitRatio": 0.5737486859,
        "researchAndDevelopmentExpenses": 202128000,
        "generalAndAdministrativeExpenses": 92392000,
        "sellingAndMarketingExpenses": 260603000,
        "sellingGeneralAndAdministrativeExpenses": 352995000,
        "otherExpenses": 0,
        "operatingExpenses": 555123000,
        "costAndExpenses": 860833000,
        "interestIncome": 0,
        "interestExpense": 25281000,
        "depreciationAndAmortization": 119390000,
        "ebitda": -17575000,
        "ebitdaratio": -0.0245048145,
        "operatingIncome": -143627000,
        "operatingIncomeRatio": -0.2002590609,
        "totalOtherIncomeExpensesNet": -18619000,
        "incomeBeforeTax": -162246000,
        "incomeBeforeTaxRatio": -0.2262195241,
        "incomeTaxExpense": 4808000,
        "netIncome": -167054000,
        "netIncomeRatio": -0.2329233163,
        "eps": -0.23,
        "epsdiluted": -0.23,
        "weightedAverageShsOut": 713618000,
        "weightedAverageShsOutDil": 713618000,
        "link": "https://www.sec.gov/Archives/edgar/data/1418091/000156459017002584/0001564590-17-002584-index.htm",
        "finalLink": "https://www.sec.gov/Archives/edgar/data/1418091/000156459017002584/twtr-10k_20161231.htm"
    },
    {
        "date": "2016-09-30",
        "symbol": "TWTR",
        "reportedCurrency": "USD",
        "cik": "0001418091",
        "fillingDate": "2016-11-01",
        "acceptedDate": "2016-11-01 16:43:28",
        "calendarYear": "2016",
        "period": "Q3",
        "revenue": 615934000,
        "costOfRevenue": 225159000,
        "grossProfit": 390775000,
        "grossProfitRatio": 0.634442976,
        "researchAndDevelopmentExpenses": 177049000,
        "generalAndAdministrativeExpenses": 67379000,
        "sellingAndMarketingExpenses": 224436000,
        "sellingGeneralAndAdministrativeExpenses": 291815000,
        "otherExpenses": 0,
        "operatingExpenses": 468864000,
        "costAndExpenses": 694023000,
        "interestIncome": 0,
        "interestExpense": 24860000,
        "depreciationAndAmortization": 100878000,
        "ebitda": 29429000,
        "ebitdaratio": 0.0477794699,
        "operatingIncome": -78089000,
        "operatingIncomeRatio": -0.1267814409,
        "totalOtherIncomeExpensesNet": -18220000,
        "incomeBeforeTax": -96309000,
        "incomeBeforeTaxRatio": -0.1563625323,
        "incomeTaxExpense": 6562000,
        "netIncome": -102871000,
        "netIncomeRatio": -0.1670162712,
        "eps": -0.15,
        "epsdiluted": -0.15,
        "weightedAverageShsOut": 704359000,
        "weightedAverageShsOutDil": 704359000,
        "link": "https://www.sec.gov/Archives/edgar/data/1418091/000156459016026749/0001564590-16-026749-index.htm",
        "finalLink": "https://www.sec.gov/Archives/edgar/data/1418091/000156459016026749/twtr-10q_20160930.htm"
    },
    {
        "date": "2016-06-30",
        "symbol": "TWTR",
        "reportedCurrency": "USD",
        "cik": "0001418091",
        "fillingDate": "2016-08-01",
        "acceptedDate": "2016-08-01 17:07:47",
        "calendarYear": "2016",
        "period": "Q2",
        "revenue": 601958000,
        "costOfRevenue": 202966000,
        "grossProfit": 398992000,
        "grossProfitRatio": 0.6628236521,
        "researchAndDevelopmentExpenses": 178511000,
        "generalAndAdministrativeExpenses": 70238000,
        "sellingAndMarketingExpenses": 236619000,
        "sellingGeneralAndAdministrativeExpenses": 306857000,
        "otherExpenses": 0,
        "operatingExpenses": 485368000,
        "costAndExpenses": 688334000,
        "interestIncome": 0,
        "interestExpense": 24934000,
        "depreciationAndAmortization": 93283000,
        "ebitda": 13641000,
        "ebitdaratio": 0.0226610494,
        "operatingIncome": -86376000,
        "operatingIncomeRatio": -0.1434917386,
        "totalOtherIncomeExpensesNet": -18200000,
        "incomeBeforeTax": -104576000,
        "incomeBeforeTaxRatio": -0.1737264062,
        "incomeTaxExpense": 2641000,
        "netIncome": -107217000,
        "netIncomeRatio": -0.1781137554,
        "eps": -0.15,
        "epsdiluted": -0.15,
        "weightedAverageShsOut": 698326000,
        "weightedAverageShsOutDil": 698326000,
        "link": "https://www.sec.gov/Archives/edgar/data/1418091/000156459016021918/0001564590-16-021918-index.htm",
        "finalLink": "https://www.sec.gov/Archives/edgar/data/1418091/000156459016021918/twtr-10q_20160630.htm"
    },
    {
        "date": "2016-03-31",
        "symbol": "TWTR",
        "reportedCurrency": "USD",
        "cik": "0001418091",
        "fillingDate": "2016-05-03",
        "acceptedDate": "2016-05-03 16:32:14",
        "calendarYear": "2016",
        "period": "Q1",
        "revenue": 594521000,
        "costOfRevenue": 198405000,
        "grossProfit": 396116000,
        "grossProfitRatio": 0.6662775579,
        "researchAndDevelopmentExpenses": 155794000,
        "generalAndAdministrativeExpenses": 63267000,
        "sellingAndMarketingExpenses": 236171000,
        "sellingGeneralAndAdministrativeExpenses": 299438000,
        "otherExpenses": 0,
        "operatingExpenses": 455232000,
        "costAndExpenses": 653637000,
        "interestIncome": 0,
        "interestExpense": 24893000,
        "depreciationAndAmortization": 88621000,
        "ebitda": 35811000,
        "ebitdaratio": 0.0602350464,
        "operatingIncome": -59116000,
        "operatingIncomeRatio": -0.0994346709,
        "totalOtherIncomeExpensesNet": -18587000,
        "incomeBeforeTax": -77703000,
        "incomeBeforeTaxRatio": -0.1306984951,
        "incomeTaxExpense": 2028000,
        "netIncome": -79731000,
        "netIncomeRatio": -0.1341096446,
        "eps": -0.12,
        "epsdiluted": -0.12,
        "weightedAverageShsOut": 691564000,
        "weightedAverageShsOutDil": 691564000,
        "link": "https://www.sec.gov/Archives/edgar/data/1418091/000156459016017462/0001564590-16-017462-index.htm",
        "finalLink": "https://www.sec.gov/Archives/edgar/data/1418091/000156459016017462/twtr-10q_20160331.htm"
    },
    {
        "date": "2015-12-31",
        "symbol": "TWTR",
        "reportedCurrency": "USD",
        "cik": "0001418091",
        "fillingDate": "2016-02-29",
        "acceptedDate": "2016-02-29 07:01:57",
        "calendarYear": "2015",
        "period": "Q4",
        "revenue": 710473000,
        "costOfRevenue": 217963000,
        "grossProfit": 492510000,
        "grossProfitRatio": 0.693214239,
        "researchAndDevelopmentExpenses": 210058000,
        "generalAndAdministrativeExpenses": 72442000,
        "sellingAndMarketingExpenses": 277189000,
        "sellingGeneralAndAdministrativeExpenses": 349631000,
        "otherExpenses": 0,
        "operatingExpenses": 559689000,
        "costAndExpenses": 777652000,
        "interestIncome": 0,
        "interestExpense": 24183000,
        "depreciationAndAmortization": 87446000,
        "ebitda": 24798000,
        "ebitdaratio": 0.0349035079,
        "operatingIncome": -67179000,
        "operatingIncomeRatio": -0.0945553174,
        "totalOtherIncomeExpensesNet": -19652000,
        "incomeBeforeTax": -86831000,
        "incomeBeforeTaxRatio": -0.1222157633,
        "incomeTaxExpense": 3405000,
        "netIncome": -90236000,
        "netIncomeRatio": -0.1270083451,
        "eps": -0.13,
        "epsdiluted": -0.13,
        "weightedAverageShsOut": 681424000,
        "weightedAverageShsOutDil": 681424000,
        "link": "https://www.sec.gov/Archives/edgar/data/1418091/000156459016013646/0001564590-16-013646-index.htm",
        "finalLink": "https://www.sec.gov/Archives/edgar/data/1418091/000156459016013646/twtr-10k_20151231.htm"
    },
    {
        "date": "2015-09-30",
        "symbol": "TWTR",
        "reportedCurrency": "USD",
        "cik": "0001418091",
        "fillingDate": "2015-11-06",
        "acceptedDate": "2015-11-06 16:47:30",
        "calendarYear": "2015",
        "period": "Q3",
        "revenue": 569237000,
        "costOfRevenue": 200195000,
        "grossProfit": 369042000,
        "grossProfitRatio": 0.6483099307,
        "researchAndDevelopmentExpenses": 207937000,
        "generalAndAdministrativeExpenses": 57545000,
        "sellingAndMarketingExpenses": 208797000,
        "sellingGeneralAndAdministrativeExpenses": 266342000,
        "otherExpenses": 0,
        "operatingExpenses": 474279000,
        "costAndExpenses": 674474000,
        "interestIncome": 0,
        "interestExpense": 25239000,
        "depreciationAndAmortization": 81464000,
        "ebitda": -21825000,
        "ebitdaratio": -0.0383407965,
        "operatingIncome": -105237000,
        "operatingIncomeRatio": -0.1848737872,
        "totalOtherIncomeExpensesNet": -23291000,
        "incomeBeforeTax": -128528000,
        "incomeBeforeTaxRatio": -0.2257899609,
        "incomeTaxExpense": 3162000,
        "netIncome": -131690000,
        "netIncomeRatio": -0.231344765,
        "eps": -0.2,
        "epsdiluted": -0.2,
        "weightedAverageShsOut": 670604000,
        "weightedAverageShsOutDil": 670604000,
        "link": "https://www.sec.gov/Archives/edgar/data/1418091/000156459015009950/0001564590-15-009950-index.htm",
        "finalLink": "https://www.sec.gov/Archives/edgar/data/1418091/000156459015009950/twtr-10q_20150930.htm"
    },
    {
        "date": "2015-06-30",
        "symbol": "TWTR",
        "reportedCurrency": "USD",
        "cik": "0001418091",
        "fillingDate": "2015-08-07",
        "acceptedDate": "2015-08-07 17:19:24",
        "calendarYear": "2015",
        "period": "Q2",
        "revenue": 502383000,
        "costOfRevenue": 167623000,
        "grossProfit": 334760000,
        "grossProfitRatio": 0.6663442035,
        "researchAndDevelopmentExpenses": 198907000,
        "generalAndAdministrativeExpenses": 64909000,
        "sellingAndMarketingExpenses": 201948000,
        "sellingGeneralAndAdministrativeExpenses": 266857000,
        "otherExpenses": 0,
        "operatingExpenses": 465764000,
        "costAndExpenses": 633387000,
        "interestIncome": 0,
        "interestExpense": 24437000,
        "depreciationAndAmortization": 76049000,
        "ebitda": -55650000,
        "ebitdaratio": -0.1107720604,
        "operatingIncome": -131004000,
        "operatingIncomeRatio": -0.2607651931,
        "totalOtherIncomeExpensesNet": -25132000,
        "incomeBeforeTax": -156136000,
        "incomeBeforeTaxRatio": -0.3107907712,
        "incomeTaxExpense": -19473000,
        "netIncome": -136663000,
        "netIncomeRatio": -0.2720295074,
        "eps": -0.21,
        "epsdiluted": -0.21,
        "weightedAverageShsOut": 655721000,
        "weightedAverageShsOutDil": 655721000,
        "link": "https://www.sec.gov/Archives/edgar/data/1418091/000156459015006705/0001564590-15-006705-index.htm",
        "finalLink": "https://www.sec.gov/Archives/edgar/data/1418091/000156459015006705/twtr-10q_20150630.htm"
    },
    {
        "date": "2015-03-31",
        "symbol": "TWTR",
        "reportedCurrency": "USD",
        "cik": "0001418091",
        "fillingDate": "2015-05-11",
        "acceptedDate": "2015-05-11 16:00:54",
        "calendarYear": "2015",
        "period": "Q1",
        "revenue": 435939000,
        "costOfRevenue": 143475000,
        "grossProfit": 292464000,
        "grossProfitRatio": 0.6708828529,
        "researchAndDevelopmentExpenses": 189746000,
        "generalAndAdministrativeExpenses": 65777000,
        "sellingAndMarketingExpenses": 183557000,
        "sellingGeneralAndAdministrativeExpenses": 249334000,
        "otherExpenses": 0,
        "operatingExpenses": 439080000,
        "costAndExpenses": 582555000,
        "interestIncome": 0,
        "interestExpense": 24319000,
        "depreciationAndAmortization": 67864000,
        "ebitda": -69627000,
        "ebitdaratio": -0.1597172999,
        "operatingIncome": -146616000,
        "operatingIncomeRatio": -0.3363222836,
        "totalOtherIncomeExpensesNet": -15194000,
        "incomeBeforeTax": -161810000,
        "incomeBeforeTaxRatio": -0.3711757838,
        "incomeTaxExpense": 632000,
        "netIncome": -162442000,
        "netIncomeRatio": -0.3726255279,
        "eps": -0.25,
        "epsdiluted": -0.25,
        "weightedAverageShsOut": 640464000,
        "weightedAverageShsOutDil": 640464000,
        "link": "https://www.sec.gov/Archives/edgar/data/1418091/000156459015003897/0001564590-15-003897-index.htm",
        "finalLink": "https://www.sec.gov/Archives/edgar/data/1418091/000156459015003897/twtr-10q_20150331.htm"
    },
    {
        "date": "2014-12-31",
        "symbol": "TWTR",
        "reportedCurrency": "USD",
        "cik": "0001418091",
        "fillingDate": "2015-03-02",
        "acceptedDate": "2015-03-02 09:35:45",
        "calendarYear": "2014",
        "period": "Q4",
        "revenue": 479078000,
        "costOfRevenue": 136613000,
        "grossProfit": 342465000,
        "grossProfitRatio": 0.714841842,
        "researchAndDevelopmentExpenses": 181715000,
        "generalAndAdministrativeExpenses": 55304000,
        "sellingAndMarketingExpenses": 203599000,
        "sellingGeneralAndAdministrativeExpenses": 258903000,
        "otherExpenses": 0,
        "operatingExpenses": 440618000,
        "costAndExpenses": 577231000,
        "interestIncome": 0,
        "interestExpense": 0,
        "depreciationAndAmortization": 62428000,
        "ebitda": -290915000,
        "ebitdaratio": -0.6072393222,
        "operatingIncome": -98153000,
        "operatingIncomeRatio": -0.204878955,
        "totalOtherIncomeExpensesNet": -23512000,
        "incomeBeforeTax": -121665000,
        "incomeBeforeTaxRatio": -0.2539565582,
        "incomeTaxExpense": 3687000,
        "netIncome": -125352000,
        "netIncomeRatio": -0.261652591,
        "eps": -0.2,
        "epsdiluted": -0.2,
        "weightedAverageShsOut": 629310000,
        "weightedAverageShsOutDil": 629310000,
        "link": "https://www.sec.gov/Archives/edgar/data/1418091/000156459015001159/0001564590-15-001159-index.htm",
        "finalLink": "https://www.sec.gov/Archives/edgar/data/1418091/000156459015001159/twtr-10k_20141231.htm"
    },
    {
        "date": "2014-09-30",
        "symbol": "TWTR",
        "reportedCurrency": "USD",
        "cik": "0001418091",
        "fillingDate": "2014-11-06",
        "acceptedDate": "2014-11-06 16:06:42",
        "calendarYear": "2014",
        "period": "Q3",
        "revenue": 361266000,
        "costOfRevenue": 124166000,
        "grossProfit": 237100000,
        "grossProfitRatio": 0.6563031118,
        "researchAndDevelopmentExpenses": 183342000,
        "generalAndAdministrativeExpenses": 51174000,
        "sellingAndMarketingExpenses": 164015000,
        "sellingGeneralAndAdministrativeExpenses": 215189000,
        "otherExpenses": 0,
        "operatingExpenses": 398531000,
        "costAndExpenses": 522697000,
        "interestIncome": 0,
        "interestExpense": -5795000,
        "depreciationAndAmortization": 60155000,
        "ebitda": -161431000,
        "ebitdaratio": -0.4468480289,
        "operatingIncome": -161431000,
        "operatingIncomeRatio": -0.4468480289,
        "totalOtherIncomeExpensesNet": -13874000,
        "incomeBeforeTax": -175305000,
        "incomeBeforeTaxRatio": -0.4852518643,
        "incomeTaxExpense": 159000,
        "netIncome": -175464000,
        "netIncomeRatio": -0.4856919832,
        "eps": -0.29,
        "epsdiluted": -0.29,
        "weightedAverageShsOut": 614395000,
        "weightedAverageShsOutDil": 614395000,
        "link": "https://www.sec.gov/Archives/edgar/data/1418091/000156459014005159/0001564590-14-005159-index.htm",
        "finalLink": "https://www.sec.gov/Archives/edgar/data/1418091/000156459014005159/twtr-10q_20140930.htm"
    },
    {
        "date": "2014-06-30",
        "symbol": "TWTR",
        "reportedCurrency": "USD",
        "cik": "0001418091",
        "fillingDate": "2014-08-11",
        "acceptedDate": "2014-08-11 16:42:04",
        "calendarYear": "2014",
        "period": "Q2",
        "revenue": 312166000,
        "costOfRevenue": 100027000,
        "grossProfit": 212139000,
        "grossProfitRatio": 0.6795711256,
        "researchAndDevelopmentExpenses": 177095000,
        "generalAndAdministrativeExpenses": 44694000,
        "sellingAndMarketingExpenses": 140261000,
        "sellingGeneralAndAdministrativeExpenses": 184955000,
        "otherExpenses": 0,
        "operatingExpenses": 362050000,
        "costAndExpenses": 462077000,
        "interestIncome": 0,
        "interestExpense": -2110000,
        "depreciationAndAmortization": 45631000,
        "ebitda": -104610000,
        "ebitdaratio": -0.3351101657,
        "operatingIncome": -149911000,
        "operatingIncomeRatio": -0.4802284682,
        "totalOtherIncomeExpensesNet": -330000,
        "incomeBeforeTax": -150241000,
        "incomeBeforeTaxRatio": -0.481285598,
        "incomeTaxExpense": -5599000,
        "netIncome": -144642000,
        "netIncomeRatio": -0.4633496281,
        "eps": -0.24,
        "epsdiluted": -0.24,
        "weightedAverageShsOut": 595607000,
        "weightedAverageShsOutDil": 595607000,
        "link": "https://www.sec.gov/Archives/edgar/data/1418091/000156459014003474/0001564590-14-003474-index.htm",
        "finalLink": "https://www.sec.gov/Archives/edgar/data/1418091/000156459014003474/twtr-10q_20140630.htm"
    },
    {
        "date": "2014-03-31",
        "symbol": "TWTR",
        "reportedCurrency": "USD",
        "cik": "0001418091",
        "fillingDate": "2014-05-08",
        "acceptedDate": "2014-05-08 16:59:34",
        "calendarYear": "2014",
        "period": "Q1",
        "revenue": 250492000,
        "costOfRevenue": 85503000,
        "grossProfit": 164989000,
        "grossProfitRatio": 0.6586597576,
        "researchAndDevelopmentExpenses": 149391000,
        "generalAndAdministrativeExpenses": 38734000,
        "sellingAndMarketingExpenses": 106235000,
        "sellingGeneralAndAdministrativeExpenses": 144969000,
        "otherExpenses": 0,
        "operatingExpenses": 294360000,
        "costAndExpenses": 379863000,
        "interestIncome": 0,
        "interestExpense": -2567000,
        "depreciationAndAmortization": 39951000,
        "ebitda": -91189000,
        "ebitdaratio": -0.3640395701,
        "operatingIncome": -129371000,
        "operatingIncomeRatio": -0.5164675918,
        "totalOtherIncomeExpensesNet": -1769000,
        "incomeBeforeTax": -131140000,
        "incomeBeforeTaxRatio": -0.5235296936,
        "incomeTaxExpense": 1222000,
        "netIncome": -132362000,
        "netIncomeRatio": -0.5284080929,
        "eps": -0.23,
        "epsdiluted": -0.23,
        "weightedAverageShsOut": 570205000,
        "weightedAverageShsOutDil": 570205000,
        "link": "https://www.sec.gov/Archives/edgar/data/1418091/000156459014001959/0001564590-14-001959-index.htm",
        "finalLink": "https://www.sec.gov/Archives/edgar/data/1418091/000156459014001959/twtr-10q_20140331.htm"
    },
    {
        "date": "2013-12-31",
        "symbol": "TWTR",
        "reportedCurrency": "USD",
        "cik": "0001418091",
        "fillingDate": "2014-03-06",
        "acceptedDate": "2014-03-06 16:51:06",
        "calendarYear": "2013",
        "period": "Q4",
        "revenue": 242675000,
        "costOfRevenue": 112651000,
        "grossProfit": 130024000,
        "grossProfitRatio": 0.5357947873,
        "researchAndDevelopmentExpenses": 394848000,
        "generalAndAdministrativeExpenses": 67547000,
        "sellingAndMarketingExpenses": 177305000,
        "sellingGeneralAndAdministrativeExpenses": 244852000,
        "otherExpenses": 0,
        "operatingExpenses": 639700000,
        "costAndExpenses": 752351000,
        "interestIncome": 0,
        "interestExpense": 0,
        "depreciationAndAmortization": 33224000,
        "ebitda": -481564000,
        "ebitdaratio": -1.9843988874,
        "operatingIncome": -509676000,
        "operatingIncomeRatio": -2.1002410632,
        "totalOtherIncomeExpensesNet": -5112000,
        "incomeBeforeTax": -514788000,
        "incomeBeforeTaxRatio": -2.1213062738,
        "incomeTaxExpense": -3317000,
        "netIncome": -511471000,
        "netIncomeRatio": -2.1076377872,
        "eps": -0.92,
        "epsdiluted": -0.92,
        "weightedAverageShsOut": 557450908,
        "weightedAverageShsOutDil": 557450908,
        "link": "https://www.sec.gov/Archives/edgar/data/1418091/000095012314003031/0000950123-14-003031-index.htm",
        "finalLink": "https://www.sec.gov/Archives/edgar/data/1418091/000095012314003031/twtr-10k_20131231.htm"
    },
    {
        "date": "2013-09-30",
        "symbol": "TWTR",
        "reportedCurrency": "USD",
        "cik": "0001418091",
        "fillingDate": "2013-09-30",
        "acceptedDate": "2013-09-29 20:00:00",
        "calendarYear": "2013",
        "period": "Q3",
        "revenue": 168580000,
        "costOfRevenue": 62239000,
        "grossProfit": 106341000,
        "grossProfitRatio": 0.6308043659,
        "researchAndDevelopmentExpenses": 87307000,
        "generalAndAdministrativeExpenses": 21152000,
        "sellingAndMarketingExpenses": 61214000,
        "sellingGeneralAndAdministrativeExpenses": 82366000,
        "otherExpenses": 0,
        "operatingExpenses": 169673000,
        "costAndExpenses": 231912000,
        "interestIncome": 0,
        "interestExpense": 0,
        "depreciationAndAmortization": 29023000,
        "ebitda": -35218000,
        "ebitdaratio": -0.2089097165,
        "operatingIncome": -63332000,
        "operatingIncomeRatio": -0.3756792028,
        "totalOtherIncomeExpensesNet": -909000,
        "incomeBeforeTax": -64241000,
        "incomeBeforeTaxRatio": -0.3810713015,
        "incomeTaxExpense": 360000,
        "netIncome": -64601000,
        "netIncomeRatio": -0.3832067861,
        "eps": -0.12,
        "epsdiluted": -0.12,
        "weightedAverageShsOut": 544696816,
        "weightedAverageShsOutDil": 544696816,
        "link": "",
        "finalLink": ""
    },
    {
        "date": "2013-06-30",
        "symbol": "TWTR",
        "reportedCurrency": "USD",
        "cik": "0001418091",
        "fillingDate": "2013-06-30",
        "acceptedDate": "2013-06-29 20:00:00",
        "calendarYear": "2013",
        "period": "Q2",
        "revenue": 139292000,
        "costOfRevenue": 50573000,
        "grossProfit": 88719000,
        "grossProfitRatio": 0.6369281797,
        "researchAndDevelopmentExpenses": 64263000,
        "generalAndAdministrativeExpenses": 18114000,
        "sellingAndMarketingExpenses": 45258000,
        "sellingGeneralAndAdministrativeExpenses": 63372000,
        "otherExpenses": 0,
        "operatingExpenses": 127635000,
        "costAndExpenses": 178208000,
        "interestIncome": 0,
        "interestExpense": 0,
        "depreciationAndAmortization": 25917000,
        "ebitda": -15531000,
        "ebitdaratio": -0.1114995836,
        "operatingIncome": -38916000,
        "operatingIncomeRatio": -0.279384315,
        "totalOtherIncomeExpensesNet": -2532000,
        "incomeBeforeTax": -41448000,
        "incomeBeforeTaxRatio": -0.2975619562,
        "incomeTaxExpense": 777000,
        "netIncome": -42225000,
        "netIncomeRatio": -0.303140166,
        "eps": -0.0896,
        "epsdiluted": -0.0896,
        "weightedAverageShsOut": 471052000,
        "weightedAverageShsOutDil": 471052000,
        "link": "",
        "finalLink": ""
    },
    {
        "date": "2013-03-31",
        "symbol": "TWTR",
        "reportedCurrency": "USD",
        "cik": "0001418091",
        "fillingDate": "2013-03-31",
        "acceptedDate": "2013-03-30 20:00:00",
        "calendarYear": "2013",
        "period": "Q1",
        "revenue": 114343000,
        "costOfRevenue": 41255000,
        "grossProfit": 73088000,
        "grossProfitRatio": 0.6391996012,
        "researchAndDevelopmentExpenses": 47574000,
        "generalAndAdministrativeExpenses": 16982000,
        "sellingAndMarketingExpenses": 32439000,
        "sellingGeneralAndAdministrativeExpenses": 49421000,
        "otherExpenses": 0,
        "operatingExpenses": 96995000,
        "costAndExpenses": 138250000,
        "interestIncome": 0,
        "interestExpense": 0,
        "depreciationAndAmortization": 22730000,
        "ebitda": -3939000,
        "ebitdaratio": -0.0344489824,
        "operatingIncome": -23907000,
        "operatingIncomeRatio": -0.2090814479,
        "totalOtherIncomeExpensesNet": -2762000,
        "incomeBeforeTax": -26669000,
        "incomeBeforeTaxRatio": -0.23323684,
        "incomeTaxExpense": 357000,
        "netIncome": -27026000,
        "netIncomeRatio": -0.236359025,
        "eps": -0.0574,
        "epsdiluted": -0.0574,
        "weightedAverageShsOut": 471052000,
        "weightedAverageShsOutDil": 471052000,
        "link": "",
        "finalLink": ""
    },
    {
        "date": "2012-12-31",
        "symbol": "TWTR",
        "reportedCurrency": "USD",
        "cik": "0001418091",
        "fillingDate": "2012-12-31",
        "acceptedDate": "2012-12-30 19:00:00",
        "calendarYear": "2012",
        "period": "Q4",
        "revenue": 112247000,
        "costOfRevenue": 36918000,
        "grossProfit": 75329000,
        "grossProfitRatio": 0.6711003412,
        "researchAndDevelopmentExpenses": 40340000,
        "generalAndAdministrativeExpenses": 14981000,
        "sellingAndMarketingExpenses": 28784000,
        "sellingGeneralAndAdministrativeExpenses": 43765000,
        "otherExpenses": 0,
        "operatingExpenses": 84105000,
        "costAndExpenses": 121023000,
        "interestIncome": 0,
        "interestExpense": 0,
        "depreciationAndAmortization": 21001000,
        "ebitda": 10868000,
        "ebitdaratio": 0.0968221868,
        "operatingIncome": -8776000,
        "operatingIncomeRatio": -0.0781847176,
        "totalOtherIncomeExpensesNet": -1357000,
        "incomeBeforeTax": -10133000,
        "incomeBeforeTaxRatio": -0.0902741276,
        "incomeTaxExpense": -1428000,
        "netIncome": -8705000,
        "netIncomeRatio": -0.077552184,
        "eps": -0.0185,
        "epsdiluted": -0.0185,
        "weightedAverageShsOut": 471052000,
        "weightedAverageShsOutDil": 471052000,
        "link": "",
        "finalLink": ""
    },
    {
        "date": "2012-09-30",
        "symbol": "TWTR",
        "reportedCurrency": "USD",
        "cik": "0001418091",
        "fillingDate": "2012-09-30",
        "acceptedDate": "2012-09-29 20:00:00",
        "calendarYear": "2012",
        "period": "Q3",
        "revenue": 82327000,
        "costOfRevenue": 33693000,
        "grossProfit": 48634000,
        "grossProfitRatio": 0.590741798,
        "researchAndDevelopmentExpenses": 32319000,
        "generalAndAdministrativeExpenses": 13954000,
        "sellingAndMarketingExpenses": 23662000,
        "sellingGeneralAndAdministrativeExpenses": 37616000,
        "otherExpenses": 0,
        "operatingExpenses": 69935000,
        "costAndExpenses": 103628000,
        "interestIncome": 0,
        "interestExpense": 0,
        "depreciationAndAmortization": 19956000,
        "ebitda": -1173000,
        "ebitdaratio": -0.0142480596,
        "operatingIncome": -21301000,
        "operatingIncomeRatio": -0.258736502,
        "totalOtherIncomeExpensesNet": 172000,
        "incomeBeforeTax": -21129000,
        "incomeBeforeTaxRatio": -0.2566472725,
        "incomeTaxExpense": 461000,
        "netIncome": -21590000,
        "netIncomeRatio": -0.2622468935,
        "eps": -0.0458,
        "epsdiluted": -0.0458,
        "weightedAverageShsOut": 471052000,
        "weightedAverageShsOutDil": 471052000,
        "link": "",
        "finalLink": ""
    }
]