[
    {
        "date": "2025-09-30",
        "symbol": "VAL",
        "reportedCurrency": "USD",
        "cik": "0000314808",
        "fillingDate": "2025-10-30",
        "acceptedDate": "2025-10-30 10:55:56",
        "calendarYear": "2025",
        "period": "Q3",
        "revenue": 595700000,
        "costOfRevenue": 442700000,
        "grossProfit": 153000000,
        "grossProfitRatio": 0.2568406916,
        "researchAndDevelopmentExpenses": 0,
        "generalAndAdministrativeExpenses": 26900000,
        "sellingAndMarketingExpenses": 0,
        "sellingGeneralAndAdministrativeExpenses": 26900000,
        "otherExpenses": 0,
        "operatingExpenses": 26900000,
        "costAndExpenses": 469600000,
        "interestIncome": 22600000,
        "interestExpense": 24900000,
        "depreciationAndAmortization": 37100000,
        "ebitda": 277900000,
        "ebitdaratio": 0.4665099882,
        "operatingIncome": 130500000,
        "operatingIncomeRatio": 0.2190700017,
        "totalOtherIncomeExpensesNet": 85400000,
        "incomeBeforeTax": 215900000,
        "incomeBeforeTaxRatio": 0.3624307537,
        "incomeTaxExpense": 29400000,
        "netIncome": 188100000,
        "netIncomeRatio": 0.3157629679,
        "eps": 2.66,
        "epsdiluted": 2.65,
        "weightedAverageShsOut": 70700000,
        "weightedAverageShsOutDil": 71000000,
        "link": "https://www.sec.gov/Archives/edgar/data/314808/000031480825000149/0000314808-25-000149-index.htm",
        "finalLink": "https://www.sec.gov/Archives/edgar/data/314808/000031480825000149/val-20250930.htm"
    },
    {
        "date": "2025-06-30",
        "symbol": "VAL",
        "reportedCurrency": "USD",
        "cik": "0000314808",
        "fillingDate": "2025-07-31",
        "acceptedDate": "2025-07-31 08:31:11",
        "calendarYear": "2025",
        "period": "Q2",
        "revenue": 615200000,
        "costOfRevenue": 431200000,
        "grossProfit": 184000000,
        "grossProfitRatio": 0.2990897269,
        "researchAndDevelopmentExpenses": 0,
        "generalAndAdministrativeExpenses": 18800000,
        "sellingAndMarketingExpenses": 0,
        "sellingGeneralAndAdministrativeExpenses": 18800000,
        "otherExpenses": 1100000,
        "operatingExpenses": 19900000,
        "costAndExpenses": 451100000,
        "interestIncome": 15100000,
        "interestExpense": 24800000,
        "depreciationAndAmortization": 35500000,
        "ebitda": 206000000,
        "ebitdaratio": 0.3348504551,
        "operatingIncome": 164100000,
        "operatingIncomeRatio": 0.2667425228,
        "totalOtherIncomeExpensesNet": -18400000,
        "incomeBeforeTax": 145700000,
        "incomeBeforeTaxRatio": 0.2368335501,
        "incomeTaxExpense": 31500000,
        "netIncome": 115100000,
        "netIncomeRatio": 0.1870936281,
        "eps": 1.62,
        "epsdiluted": 1.61,
        "weightedAverageShsOut": 71100000,
        "weightedAverageShsOutDil": 71300000,
        "link": "https://www.sec.gov/Archives/edgar/data/314808/000031480825000126/0000314808-25-000126-index.htm",
        "finalLink": "https://www.sec.gov/Archives/edgar/data/314808/000031480825000126/val-20250630.htm"
    },
    {
        "date": "2025-03-31",
        "symbol": "VAL",
        "reportedCurrency": "USD",
        "cik": "0000314808",
        "fillingDate": "2025-05-01",
        "acceptedDate": "2025-05-01 11:02:24",
        "calendarYear": "2025",
        "period": "Q1",
        "revenue": 620700000,
        "costOfRevenue": 448100000,
        "grossProfit": 172600000,
        "grossProfitRatio": 0.2780731432,
        "researchAndDevelopmentExpenses": 0,
        "generalAndAdministrativeExpenses": 24400000,
        "sellingAndMarketingExpenses": 0,
        "sellingGeneralAndAdministrativeExpenses": 24400000,
        "otherExpenses": 5200000,
        "operatingExpenses": 29600000,
        "costAndExpenses": 477700000,
        "interestIncome": 14400000,
        "interestExpense": 24300000,
        "depreciationAndAmortization": 33100000,
        "ebitda": 211700000,
        "ebitdaratio": 0.3410665378,
        "operatingIncome": 143000000,
        "operatingIncomeRatio": 0.2303850491,
        "totalOtherIncomeExpensesNet": 11300000,
        "incomeBeforeTax": 154300000,
        "incomeBeforeTaxRatio": 0.2485903013,
        "incomeTaxExpense": 193500000,
        "netIncome": -37900000,
        "netIncomeRatio": -0.0610600934,
        "eps": -0.53,
        "epsdiluted": -0.53,
        "weightedAverageShsOut": 71000000,
        "weightedAverageShsOutDil": 71000000,
        "link": "https://www.sec.gov/Archives/edgar/data/314808/000031480825000076/0000314808-25-000076-index.htm",
        "finalLink": "https://www.sec.gov/Archives/edgar/data/314808/000031480825000076/val-20250331.htm"
    },
    {
        "date": "2024-12-31",
        "symbol": "VAL",
        "reportedCurrency": "USD",
        "cik": "0000314808",
        "fillingDate": "2025-02-20",
        "acceptedDate": "2025-02-20 11:39:42",
        "calendarYear": "2024",
        "period": "Q4",
        "revenue": 584400000,
        "costOfRevenue": 449200000,
        "grossProfit": 135200000,
        "grossProfitRatio": 0.2313483915,
        "researchAndDevelopmentExpenses": 0,
        "generalAndAdministrativeExpenses": 26700000,
        "sellingAndMarketingExpenses": 0,
        "sellingGeneralAndAdministrativeExpenses": 26700000,
        "otherExpenses": 0,
        "operatingExpenses": 26700000,
        "costAndExpenses": 465200000,
        "interestIncome": 16600000,
        "interestExpense": 22100000,
        "depreciationAndAmortization": 33900000,
        "ebitda": 179800000,
        "ebitdaratio": 0.3076659822,
        "operatingIncome": 119200000,
        "operatingIncomeRatio": 0.2039698836,
        "totalOtherIncomeExpensesNet": 4600000,
        "incomeBeforeTax": 123800000,
        "incomeBeforeTaxRatio": 0.2118412047,
        "incomeTaxExpense": -6800000,
        "netIncome": 133700000,
        "netIncomeRatio": 0.2287816564,
        "eps": 1.88,
        "epsdiluted": 1.88,
        "weightedAverageShsOut": 71100000,
        "weightedAverageShsOutDil": 71200000,
        "link": "https://www.sec.gov/Archives/edgar/data/314808/000031480825000028/0000314808-25-000028-index.htm",
        "finalLink": "https://www.sec.gov/Archives/edgar/data/314808/000031480825000028/val-20241231.htm"
    },
    {
        "date": "2024-09-30",
        "symbol": "VAL",
        "reportedCurrency": "USD",
        "cik": "0000314808",
        "fillingDate": "2024-10-31",
        "acceptedDate": "2024-10-31 11:10:22",
        "calendarYear": "2024",
        "period": "Q3",
        "revenue": 643100000,
        "costOfRevenue": 493800000,
        "grossProfit": 149300000,
        "grossProfitRatio": 0.2321567408,
        "researchAndDevelopmentExpenses": 0,
        "generalAndAdministrativeExpenses": 30600000,
        "sellingAndMarketingExpenses": 0,
        "sellingGeneralAndAdministrativeExpenses": 30600000,
        "otherExpenses": 0,
        "operatingExpenses": 30600000,
        "costAndExpenses": 524400000,
        "interestIncome": 17500000,
        "interestExpense": 22400000,
        "depreciationAndAmortization": 31700000,
        "ebitda": 141300000,
        "ebitdaratio": 0.2197169958,
        "operatingIncome": 94900000,
        "operatingIncomeRatio": 0.1475664749,
        "totalOtherIncomeExpensesNet": -7700000,
        "incomeBeforeTax": 87200000,
        "incomeBeforeTaxRatio": 0.1355932203,
        "incomeTaxExpense": 24300000,
        "netIncome": 64600000,
        "netIncomeRatio": 0.1004509408,
        "eps": 0.89,
        "epsdiluted": 0.88,
        "weightedAverageShsOut": 72400000,
        "weightedAverageShsOutDil": 73200000,
        "link": "https://www.sec.gov/Archives/edgar/data/314808/000031480824000167/0000314808-24-000167-index.htm",
        "finalLink": "https://www.sec.gov/Archives/edgar/data/314808/000031480824000167/val-20240930.htm"
    },
    {
        "date": "2024-06-30",
        "symbol": "VAL",
        "reportedCurrency": "USD",
        "cik": "0000314808",
        "fillingDate": "2024-08-01",
        "acceptedDate": "2024-08-01 10:58:01",
        "calendarYear": "2024",
        "period": "Q2",
        "revenue": 610100000,
        "costOfRevenue": 468400000,
        "grossProfit": 141700000,
        "grossProfitRatio": 0.232257007,
        "researchAndDevelopmentExpenses": 0,
        "generalAndAdministrativeExpenses": 32500000,
        "sellingAndMarketingExpenses": -700000,
        "sellingGeneralAndAdministrativeExpenses": 31800000,
        "otherExpenses": 300000,
        "operatingExpenses": 32500000,
        "costAndExpenses": 500900000,
        "interestIncome": 31000000,
        "interestExpense": 22600000,
        "depreciationAndAmortization": 29700000,
        "ebitda": 173100000,
        "ebitdaratio": 0.2837239797,
        "operatingIncome": 109200000,
        "operatingIncomeRatio": 0.1789870513,
        "totalOtherIncomeExpensesNet": 11600000,
        "incomeBeforeTax": 120800000,
        "incomeBeforeTaxRatio": 0.1980003278,
        "incomeTaxExpense": -30000000,
        "netIncome": 149600000,
        "netIncomeRatio": 0.245205704,
        "eps": 2.07,
        "epsdiluted": 2.03,
        "weightedAverageShsOut": 72400000,
        "weightedAverageShsOutDil": 73700000,
        "link": "https://www.sec.gov/Archives/edgar/data/314808/000031480824000123/0000314808-24-000123-index.htm",
        "finalLink": "https://www.sec.gov/Archives/edgar/data/314808/000031480824000123/val-20240630.htm"
    },
    {
        "date": "2024-03-31",
        "symbol": "VAL",
        "reportedCurrency": "USD",
        "cik": "0000314808",
        "fillingDate": "2024-05-02",
        "acceptedDate": "2024-05-02 12:39:23",
        "calendarYear": "2024",
        "period": "Q1",
        "revenue": 525000000,
        "costOfRevenue": 471600000,
        "grossProfit": 53400000,
        "grossProfitRatio": 0.1017142857,
        "researchAndDevelopmentExpenses": 0,
        "generalAndAdministrativeExpenses": 25800000,
        "sellingAndMarketingExpenses": 700000,
        "sellingGeneralAndAdministrativeExpenses": 26500000,
        "otherExpenses": 0,
        "operatingExpenses": 26500000,
        "costAndExpenses": 498100000,
        "interestIncome": 21000000,
        "interestExpense": 17700000,
        "depreciationAndAmortization": 26800000,
        "ebitda": 82900000,
        "ebitdaratio": 0.1579047619,
        "operatingIncome": 26900000,
        "operatingIncomeRatio": 0.0512380952,
        "totalOtherIncomeExpensesNet": 11500000,
        "incomeBeforeTax": 38400000,
        "incomeBeforeTaxRatio": 0.0731428571,
        "incomeTaxExpense": 12900000,
        "netIncome": 25500000,
        "netIncomeRatio": 0.0485714286,
        "eps": 0.35,
        "epsdiluted": 0.35,
        "weightedAverageShsOut": 72400000,
        "weightedAverageShsOutDil": 73600000,
        "link": "https://www.sec.gov/Archives/edgar/data/314808/000031480824000062/0000314808-24-000062-index.htm",
        "finalLink": "https://www.sec.gov/Archives/edgar/data/314808/000031480824000062/val-20240331.htm"
    },
    {
        "date": "2023-12-31",
        "symbol": "VAL",
        "reportedCurrency": "USD",
        "cik": "0000314808",
        "fillingDate": "2024-02-22",
        "acceptedDate": "2024-02-22 16:51:58",
        "calendarYear": "2023",
        "period": "Q4",
        "revenue": 483800000,
        "costOfRevenue": 429500000,
        "grossProfit": 54300000,
        "grossProfitRatio": 0.1122364613,
        "researchAndDevelopmentExpenses": 0,
        "generalAndAdministrativeExpenses": 24300000,
        "sellingAndMarketingExpenses": 0,
        "sellingGeneralAndAdministrativeExpenses": 24300000,
        "otherExpenses": 0,
        "operatingExpenses": 24300000,
        "costAndExpenses": 453800000,
        "interestIncome": 27200000,
        "interestExpense": 21700000,
        "depreciationAndAmortization": 27500000,
        "ebitda": 87500000,
        "ebitdaratio": 0.1808598594,
        "operatingIncome": 38300000,
        "operatingIncomeRatio": 0.0791649442,
        "totalOtherIncomeExpensesNet": 0,
        "incomeBeforeTax": 38300000,
        "incomeBeforeTaxRatio": 0.0791649442,
        "incomeTaxExpense": -790200000,
        "netIncome": 835200000,
        "netIncomeRatio": 1.7263331955,
        "eps": 11.47,
        "epsdiluted": 11.3,
        "weightedAverageShsOut": 72800000,
        "weightedAverageShsOutDil": 73900000,
        "link": "https://www.sec.gov/Archives/edgar/data/314808/000031480824000014/0000314808-24-000014-index.htm",
        "finalLink": "https://www.sec.gov/Archives/edgar/data/314808/000031480824000014/val-20231231.htm"
    },
    {
        "date": "2023-09-30",
        "symbol": "VAL",
        "reportedCurrency": "USD",
        "cik": "0000314808",
        "fillingDate": "2023-11-07",
        "acceptedDate": "2023-11-07 16:25:28",
        "calendarYear": "2023",
        "period": "Q3",
        "revenue": 455100000,
        "costOfRevenue": 416700000,
        "grossProfit": 38400000,
        "grossProfitRatio": 0.08437706,
        "researchAndDevelopmentExpenses": 0,
        "generalAndAdministrativeExpenses": 24200000,
        "sellingAndMarketingExpenses": 0,
        "sellingGeneralAndAdministrativeExpenses": 24200000,
        "otherExpenses": 0,
        "operatingExpenses": 24200000,
        "costAndExpenses": 440900000,
        "interestIncome": 26600000,
        "interestExpense": 19400000,
        "depreciationAndAmortization": 25800000,
        "ebitda": 72900000,
        "ebitdaratio": 0.1601845748,
        "operatingIncome": 16600000,
        "operatingIncomeRatio": 0.0364754999,
        "totalOtherIncomeExpensesNet": 11100000,
        "incomeBeforeTax": 27700000,
        "incomeBeforeTaxRatio": 0.0608657438,
        "incomeTaxExpense": 10700000,
        "netIncome": 12900000,
        "netIncomeRatio": 0.0283454186,
        "eps": 0.18,
        "epsdiluted": 0.17,
        "weightedAverageShsOut": 73700000,
        "weightedAverageShsOutDil": 74800000,
        "link": "https://www.sec.gov/Archives/edgar/data/314808/000031480823000130/0000314808-23-000130-index.htm",
        "finalLink": "https://www.sec.gov/Archives/edgar/data/314808/000031480823000130/val-20230930.htm"
    },
    {
        "date": "2023-06-30",
        "symbol": "VAL",
        "reportedCurrency": "USD",
        "cik": "0000314808",
        "fillingDate": "2023-08-02",
        "acceptedDate": "2023-08-02 16:06:39",
        "calendarYear": "2023",
        "period": "Q2",
        "revenue": 415200000,
        "costOfRevenue": 398000000,
        "grossProfit": 17200000,
        "grossProfitRatio": 0.0414258189,
        "researchAndDevelopmentExpenses": 0,
        "generalAndAdministrativeExpenses": 26400000,
        "sellingAndMarketingExpenses": 0,
        "sellingGeneralAndAdministrativeExpenses": 26400000,
        "otherExpenses": 0,
        "operatingExpenses": 26400000,
        "costAndExpenses": 424400000,
        "interestIncome": 24600000,
        "interestExpense": 16700000,
        "depreciationAndAmortization": 24500000,
        "ebitda": 38400000,
        "ebitdaratio": 0.0924855491,
        "operatingIncome": -9900000,
        "operatingIncomeRatio": -0.0238439306,
        "totalOtherIncomeExpensesNet": 7100000,
        "incomeBeforeTax": -2800000,
        "incomeBeforeTaxRatio": -0.006743738,
        "incomeTaxExpense": 24500000,
        "netIncome": -29400000,
        "netIncomeRatio": -0.0708092486,
        "eps": -0.39,
        "epsdiluted": -0.39,
        "weightedAverageShsOut": 74800000,
        "weightedAverageShsOutDil": 74800000,
        "link": "https://www.sec.gov/Archives/edgar/data/314808/000031480823000116/0000314808-23-000116-index.htm",
        "finalLink": "https://www.sec.gov/Archives/edgar/data/314808/000031480823000116/val-20230630.htm"
    },
    {
        "date": "2023-03-31",
        "symbol": "VAL",
        "reportedCurrency": "USD",
        "cik": "0000314808",
        "fillingDate": "2023-05-02",
        "acceptedDate": "2023-05-02 17:28:03",
        "calendarYear": "2023",
        "period": "Q1",
        "revenue": 430100000,
        "costOfRevenue": 400500000,
        "grossProfit": 29600000,
        "grossProfitRatio": 0.0688212044,
        "researchAndDevelopmentExpenses": 0,
        "generalAndAdministrativeExpenses": 24300000,
        "sellingAndMarketingExpenses": 0,
        "sellingGeneralAndAdministrativeExpenses": 24300000,
        "otherExpenses": -3200000,
        "operatingExpenses": 21100000,
        "costAndExpenses": 421600000,
        "interestIncome": 23000000,
        "interestExpense": 11100000,
        "depreciationAndAmortization": 23300000,
        "ebitda": 28600000,
        "ebitdaratio": 0.0664961637,
        "operatingIncome": 8500000,
        "operatingIncomeRatio": 0.0197628458,
        "totalOtherIncomeExpensesNet": 12500000,
        "incomeBeforeTax": 21000000,
        "incomeBeforeTaxRatio": 0.0488258545,
        "incomeTaxExpense": -27600000,
        "netIncome": 46700000,
        "netIncomeRatio": 0.1085794001,
        "eps": 0.62,
        "epsdiluted": 0.61,
        "weightedAverageShsOut": 75200000,
        "weightedAverageShsOutDil": 76400000,
        "link": "https://www.sec.gov/Archives/edgar/data/314808/000031480823000046/0000314808-23-000046-index.htm",
        "finalLink": "https://www.sec.gov/Archives/edgar/data/314808/000031480823000046/val-20230331.htm"
    },
    {
        "date": "2022-12-31",
        "symbol": "VAL",
        "reportedCurrency": "USD",
        "cik": "0000314808",
        "fillingDate": "2023-02-21",
        "acceptedDate": "2023-02-21 17:13:53",
        "calendarYear": "2022",
        "period": "Q4",
        "revenue": 433600000,
        "costOfRevenue": 377200000,
        "grossProfit": 56400000,
        "grossProfitRatio": 0.1300738007,
        "researchAndDevelopmentExpenses": 0,
        "generalAndAdministrativeExpenses": 23900000,
        "sellingAndMarketingExpenses": 0,
        "sellingGeneralAndAdministrativeExpenses": 23900000,
        "otherExpenses": 0,
        "operatingExpenses": 23900000,
        "costAndExpenses": 401100000,
        "interestIncome": 15500000,
        "interestExpense": 10500000,
        "depreciationAndAmortization": 23800000,
        "ebitda": 75200000,
        "ebitdaratio": 0.1734317343,
        "operatingIncome": 41100000,
        "operatingIncomeRatio": 0.0947878229,
        "totalOtherIncomeExpensesNet": -200000,
        "incomeBeforeTax": 40900000,
        "incomeBeforeTaxRatio": 0.0943265683,
        "incomeTaxExpense": 9800000,
        "netIncome": 29200000,
        "netIncomeRatio": 0.0673431734,
        "eps": 0.39,
        "epsdiluted": 0.38,
        "weightedAverageShsOut": 75200000,
        "weightedAverageShsOutDil": 76000000,
        "link": "https://www.sec.gov/Archives/edgar/data/314808/000031480823000018/0000314808-23-000018-index.htm",
        "finalLink": "https://www.sec.gov/Archives/edgar/data/314808/000031480823000018/val-20221231.htm"
    },
    {
        "date": "2022-09-30",
        "symbol": "VAL",
        "reportedCurrency": "USD",
        "cik": "0000314808",
        "fillingDate": "2022-11-01",
        "acceptedDate": "2022-11-01 07:23:14",
        "calendarYear": "2022",
        "period": "Q3",
        "revenue": 437200000,
        "costOfRevenue": 359300000,
        "grossProfit": 77900000,
        "grossProfitRatio": 0.178179323,
        "researchAndDevelopmentExpenses": 0,
        "generalAndAdministrativeExpenses": 19200000,
        "sellingAndMarketingExpenses": 0,
        "sellingGeneralAndAdministrativeExpenses": 19200000,
        "otherExpenses": 0,
        "operatingExpenses": 19200000,
        "costAndExpenses": 378500000,
        "interestIncome": 27900000,
        "interestExpense": 11700000,
        "depreciationAndAmortization": 22600000,
        "ebitda": 125800000,
        "ebitdaratio": 0.2877401647,
        "operatingIncome": 93700000,
        "operatingIncomeRatio": 0.2143183898,
        "totalOtherIncomeExpensesNet": -2200000,
        "incomeBeforeTax": 91500000,
        "incomeBeforeTaxRatio": 0.2092863678,
        "incomeTaxExpense": 13800000,
        "netIncome": 74300000,
        "netIncomeRatio": 0.1699451052,
        "eps": 0.99,
        "epsdiluted": 0.98,
        "weightedAverageShsOut": 75100000,
        "weightedAverageShsOutDil": 75600000,
        "link": "https://www.sec.gov/Archives/edgar/data/314808/000031480822000128/0000314808-22-000128-index.htm",
        "finalLink": "https://www.sec.gov/Archives/edgar/data/314808/000031480822000128/val-20220930.htm"
    },
    {
        "date": "2022-06-30",
        "symbol": "VAL",
        "reportedCurrency": "USD",
        "cik": "0000314808",
        "fillingDate": "2022-08-02",
        "acceptedDate": "2022-08-02 08:27:28",
        "calendarYear": "2022",
        "period": "Q2",
        "revenue": 413300000,
        "costOfRevenue": 384100000,
        "grossProfit": 29200000,
        "grossProfitRatio": 0.0706508589,
        "researchAndDevelopmentExpenses": 0,
        "generalAndAdministrativeExpenses": 19000000,
        "sellingAndMarketingExpenses": 0,
        "sellingGeneralAndAdministrativeExpenses": 19000000,
        "otherExpenses": 0,
        "operatingExpenses": 19000000,
        "costAndExpenses": 403100000,
        "interestIncome": 11200000,
        "interestExpense": 11600000,
        "depreciationAndAmortization": 22300000,
        "ebitda": 166900000,
        "ebitdaratio": 0.4038228889,
        "operatingIncome": 179800000,
        "operatingIncomeRatio": 0.4350350835,
        "totalOtherIncomeExpensesNet": -46800000,
        "incomeBeforeTax": 133000000,
        "incomeBeforeTaxRatio": 0.3218001452,
        "incomeTaxExpense": 20200000,
        "netIncome": 111600000,
        "netIncomeRatio": 0.2700217759,
        "eps": 1.49,
        "epsdiluted": 1.48,
        "weightedAverageShsOut": 75000000,
        "weightedAverageShsOutDil": 75600000,
        "link": "https://www.sec.gov/Archives/edgar/data/314808/000031480822000103/0000314808-22-000103-index.htm",
        "finalLink": "https://www.sec.gov/Archives/edgar/data/314808/000031480822000103/val-20220630.htm"
    },
    {
        "date": "2022-03-31",
        "symbol": "VAL",
        "reportedCurrency": "USD",
        "cik": "0000314808",
        "fillingDate": "2022-05-03",
        "acceptedDate": "2022-05-03 07:34:56",
        "calendarYear": "2022",
        "period": "Q1",
        "revenue": 318400000,
        "costOfRevenue": 353800000,
        "grossProfit": -35400000,
        "grossProfitRatio": -0.1111809045,
        "researchAndDevelopmentExpenses": 0,
        "generalAndAdministrativeExpenses": 18800000,
        "sellingAndMarketingExpenses": 0,
        "sellingGeneralAndAdministrativeExpenses": 18800000,
        "otherExpenses": 0,
        "operatingExpenses": 18800000,
        "costAndExpenses": 372600000,
        "interestIncome": 10900000,
        "interestExpense": 11500000,
        "depreciationAndAmortization": 22500000,
        "ebitda": -6500000,
        "ebitdaratio": -0.0204145729,
        "operatingIncome": -49900000,
        "operatingIncomeRatio": -0.1567211055,
        "totalOtherIncomeExpensesNet": 9400000,
        "incomeBeforeTax": -40500000,
        "incomeBeforeTaxRatio": -0.1271984925,
        "incomeTaxExpense": -700000,
        "netIncome": -39800000,
        "netIncomeRatio": -0.125,
        "eps": -0.53,
        "epsdiluted": -0.53,
        "weightedAverageShsOut": 75000000,
        "weightedAverageShsOutDil": 75000000,
        "link": "https://www.sec.gov/Archives/edgar/data/314808/000031480822000043/0000314808-22-000043-index.htm",
        "finalLink": "https://www.sec.gov/Archives/edgar/data/314808/000031480822000043/val-20220331.htm"
    },
    {
        "date": "2021-12-31",
        "symbol": "VAL",
        "reportedCurrency": "USD",
        "cik": "0000314808",
        "fillingDate": "2022-02-22",
        "acceptedDate": "2022-02-22 09:49:37",
        "calendarYear": "2021",
        "period": "Q4",
        "revenue": 305500000,
        "costOfRevenue": 310600000,
        "grossProfit": -5100000,
        "grossProfitRatio": -0.0166939444,
        "researchAndDevelopmentExpenses": 0,
        "generalAndAdministrativeExpenses": 18300000,
        "sellingAndMarketingExpenses": 0,
        "sellingGeneralAndAdministrativeExpenses": 18300000,
        "otherExpenses": 0,
        "operatingExpenses": 18300000,
        "costAndExpenses": 328900000,
        "interestIncome": 11000000,
        "interestExpense": 11700000,
        "depreciationAndAmortization": 25100000,
        "ebitda": 33500000,
        "ebitdaratio": 0.1096563011,
        "operatingIncome": -24700000,
        "operatingIncomeRatio": -0.0808510638,
        "totalOtherIncomeExpensesNet": 20100000,
        "incomeBeforeTax": -3300000,
        "incomeBeforeTaxRatio": -0.010801964,
        "incomeTaxExpense": -31000000,
        "netIncome": 27700000,
        "netIncomeRatio": 0.0906710311,
        "eps": 0.37,
        "epsdiluted": 0.37,
        "weightedAverageShsOut": 74999997,
        "weightedAverageShsOutDil": 75000000,
        "link": "https://www.sec.gov/Archives/edgar/data/314808/000031480822000011/0000314808-22-000011-index.htm",
        "finalLink": "https://www.sec.gov/Archives/edgar/data/314808/000031480822000011/val-20211231.htm"
    },
    {
        "date": "2021-09-30",
        "symbol": "VAL",
        "reportedCurrency": "USD",
        "cik": "0000314808",
        "fillingDate": "2021-11-02",
        "acceptedDate": "2021-11-02 08:05:46",
        "calendarYear": "2021",
        "period": "Q3",
        "revenue": 326700000,
        "costOfRevenue": 298700000,
        "grossProfit": 28000000,
        "grossProfitRatio": 0.0857055403,
        "researchAndDevelopmentExpenses": 0,
        "generalAndAdministrativeExpenses": 27200000,
        "sellingAndMarketingExpenses": 0,
        "sellingGeneralAndAdministrativeExpenses": 27200000,
        "otherExpenses": 0,
        "operatingExpenses": 27200000,
        "costAndExpenses": 325900000,
        "interestIncome": 9700000,
        "interestExpense": 11300000,
        "depreciationAndAmortization": 24400000,
        "ebitda": 36200000,
        "ebitdaratio": 0.1108050199,
        "operatingIncome": 3400000,
        "operatingIncomeRatio": 0.0104071013,
        "totalOtherIncomeExpensesNet": -2600000,
        "incomeBeforeTax": 500000,
        "incomeBeforeTaxRatio": 0.0015304561,
        "incomeTaxExpense": 53300000,
        "netIncome": -54500000,
        "netIncomeRatio": -0.1668197123,
        "eps": -0.73,
        "epsdiluted": -0.73,
        "weightedAverageShsOut": 74657534,
        "weightedAverageShsOutDil": 75000000,
        "link": "https://www.sec.gov/Archives/edgar/data/314808/000031480821000102/0000314808-21-000102-index.htm",
        "finalLink": "https://www.sec.gov/Archives/edgar/data/314808/000031480821000102/val-20210930.htm"
    },
    {
        "date": "2021-06-30",
        "symbol": "VAL",
        "reportedCurrency": "USD",
        "cik": "0000314808",
        "fillingDate": "2021-08-03",
        "acceptedDate": "2021-08-03 08:34:42",
        "calendarYear": "2021",
        "period": "Q2",
        "revenue": 293100000,
        "costOfRevenue": 308400000,
        "grossProfit": -15300000,
        "grossProfitRatio": -0.0522006141,
        "researchAndDevelopmentExpenses": 0,
        "generalAndAdministrativeExpenses": 19100000,
        "sellingAndMarketingExpenses": 0,
        "sellingGeneralAndAdministrativeExpenses": 19100000,
        "otherExpenses": 0,
        "operatingExpenses": 19100000,
        "costAndExpenses": 327500000,
        "interestIncome": 5700000,
        "interestExpense": 9000000,
        "depreciationAndAmortization": 54100000,
        "ebitda": -3503500000,
        "ebitdaratio": -11.9532582736,
        "operatingIncome": -34400000,
        "operatingIncomeRatio": -0.1173660867,
        "totalOtherIncomeExpensesNet": -3532300000,
        "incomeBeforeTax": -3566700000,
        "incomeBeforeTaxRatio": -12.1688843398,
        "incomeTaxExpense": -400000,
        "netIncome": -3563200000,
        "netIncomeRatio": -12.1569430229,
        "eps": -47.51,
        "epsdiluted": -47.51,
        "weightedAverageShsOut": 75000000,
        "weightedAverageShsOutDil": 75000000,
        "link": "https://www.sec.gov/Archives/edgar/data/314808/000031480821000078/0000314808-21-000078-index.htm",
        "finalLink": "https://www.sec.gov/Archives/edgar/data/314808/000031480821000078/val-20210630.htm"
    },
    {
        "date": "2021-03-31",
        "symbol": "VAL",
        "reportedCurrency": "USD",
        "cik": "0000314808",
        "fillingDate": "2021-04-28",
        "acceptedDate": "2021-04-28 10:48:14",
        "calendarYear": "2021",
        "period": "Q1",
        "revenue": 307100000,
        "costOfRevenue": 375700000,
        "grossProfit": -68600000,
        "grossProfitRatio": -0.2233800065,
        "researchAndDevelopmentExpenses": 0,
        "generalAndAdministrativeExpenses": 24300000,
        "sellingAndMarketingExpenses": 0,
        "sellingGeneralAndAdministrativeExpenses": 24300000,
        "otherExpenses": 0,
        "operatingExpenses": 24300000,
        "costAndExpenses": 400000000,
        "interestIncome": 2600000,
        "interestExpense": 1300000,
        "depreciationAndAmortization": 122100000,
        "ebitda": -754400000,
        "ebitdaratio": -2.456528818,
        "operatingIncome": -847500000,
        "operatingIncomeRatio": -2.7596873982,
        "totalOtherIncomeExpensesNet": -28400000,
        "incomeBeforeTax": -875900000,
        "incomeBeforeTaxRatio": -2.8521654184,
        "incomeTaxExpense": 31700000,
        "netIncome": -910000000,
        "netIncomeRatio": -2.963204168,
        "eps": -12.13,
        "epsdiluted": -12.13,
        "weightedAverageShsOut": 75000001,
        "weightedAverageShsOutDil": 75000001,
        "link": "https://www.sec.gov/Archives/edgar/data/314808/000031480821000029/0000314808-21-000029-index.htm",
        "finalLink": "https://www.sec.gov/Archives/edgar/data/314808/000031480821000029/val-20210331.htm"
    },
    {
        "date": "2020-12-31",
        "symbol": "VAL",
        "reportedCurrency": "USD",
        "cik": "0000314808",
        "fillingDate": "2021-03-02",
        "acceptedDate": "2021-03-02 07:25:55",
        "calendarYear": "2020",
        "period": "Q4",
        "revenue": 296500000,
        "costOfRevenue": 438900000,
        "grossProfit": -142400000,
        "grossProfitRatio": -0.4802698145,
        "researchAndDevelopmentExpenses": 0,
        "generalAndAdministrativeExpenses": 26500000,
        "sellingAndMarketingExpenses": 0,
        "sellingGeneralAndAdministrativeExpenses": 26500000,
        "otherExpenses": 0,
        "operatingExpenses": 26500000,
        "costAndExpenses": 465400000,
        "interestIncome": 4500000,
        "interestExpense": 1400000,
        "depreciationAndAmortization": 114200000,
        "ebitda": -58500000,
        "ebitdaratio": -0.197301855,
        "operatingIncome": -169100000,
        "operatingIncomeRatio": -0.5703204047,
        "totalOtherIncomeExpensesNet": -19200000,
        "incomeBeforeTax": -182600000,
        "incomeBeforeTaxRatio": -0.615851602,
        "incomeTaxExpense": -113500000,
        "netIncome": -70900000,
        "netIncomeRatio": -0.2391231029,
        "eps": -0.95,
        "epsdiluted": -0.95,
        "weightedAverageShsOut": 75000001,
        "weightedAverageShsOutDil": 75000001,
        "link": "https://www.sec.gov/Archives/edgar/data/314808/000031480821000007/0000314808-21-000007-index.htm",
        "finalLink": "https://www.sec.gov/Archives/edgar/data/314808/000031480821000007/val-20201231.htm"
    },
    {
        "date": "2020-09-30",
        "symbol": "VAL",
        "reportedCurrency": "USD",
        "cik": "0000314808",
        "fillingDate": "2020-10-29",
        "acceptedDate": "2020-10-29 08:41:53",
        "calendarYear": "2020",
        "period": "Q3",
        "revenue": 285300000,
        "costOfRevenue": 429600000,
        "grossProfit": -144300000,
        "grossProfitRatio": -0.5057833859,
        "researchAndDevelopmentExpenses": 0,
        "generalAndAdministrativeExpenses": 72100000,
        "sellingAndMarketingExpenses": 0,
        "sellingGeneralAndAdministrativeExpenses": 72100000,
        "otherExpenses": -3100000,
        "operatingExpenses": -46000000,
        "costAndExpenses": 383600000,
        "interestIncome": 4700000,
        "interestExpense": 59800000,
        "depreciationAndAmortization": 124600000,
        "ebitda": -471800000,
        "ebitdaratio": -1.6536978619,
        "operatingIncome": -94400000,
        "operatingIncomeRatio": -0.3308797757,
        "totalOtherIncomeExpensesNet": -555700000,
        "incomeBeforeTax": -650100000,
        "incomeBeforeTaxRatio": -2.2786540484,
        "incomeTaxExpense": 21900000,
        "netIncome": -670900000,
        "netIncomeRatio": -2.3515597617,
        "eps": -8.95,
        "epsdiluted": -8.95,
        "weightedAverageShsOut": 75000001,
        "weightedAverageShsOutDil": 75000001,
        "link": "https://www.sec.gov/Archives/edgar/data/314808/000031480820000158/0000314808-20-000158-index.htm",
        "finalLink": "https://www.sec.gov/Archives/edgar/data/314808/000031480820000158/val-20200930.htm"
    },
    {
        "date": "2020-06-30",
        "symbol": "VAL",
        "reportedCurrency": "USD",
        "cik": "0000314808",
        "fillingDate": "2020-07-30",
        "acceptedDate": "2020-07-30 07:06:42",
        "calendarYear": "2020",
        "period": "Q2",
        "revenue": 388800000,
        "costOfRevenue": 502200000,
        "grossProfit": -113400000,
        "grossProfitRatio": -0.2916666667,
        "researchAndDevelopmentExpenses": 0,
        "generalAndAdministrativeExpenses": 62600000,
        "sellingAndMarketingExpenses": 0,
        "sellingGeneralAndAdministrativeExpenses": 62600000,
        "otherExpenses": 0,
        "operatingExpenses": 62600000,
        "costAndExpenses": 564800000,
        "interestIncome": 5700000,
        "interestExpense": 116200000,
        "depreciationAndAmortization": 131500000,
        "ebitda": -859200000,
        "ebitdaratio": -2.2098765432,
        "operatingIncome": -1019200000,
        "operatingIncomeRatio": -2.621399177,
        "totalOtherIncomeExpensesNet": -951700000,
        "incomeBeforeTax": -1124600000,
        "incomeBeforeTaxRatio": -2.8924897119,
        "incomeTaxExpense": -15800000,
        "netIncome": -1107400000,
        "netIncomeRatio": -2.8482510288,
        "eps": -14.77,
        "epsdiluted": -14.77,
        "weightedAverageShsOut": 75000001,
        "weightedAverageShsOutDil": 75000001,
        "link": "https://www.sec.gov/Archives/edgar/data/314808/000031480820000138/0000314808-20-000138-index.htm",
        "finalLink": "https://www.sec.gov/Archives/edgar/data/314808/000031480820000138/val-6302020x10q.htm"
    },
    {
        "date": "2020-03-31",
        "symbol": "VAL",
        "reportedCurrency": "USD",
        "cik": "0000314808",
        "fillingDate": "2020-04-30",
        "acceptedDate": "2020-04-30 09:48:40",
        "calendarYear": "2020",
        "period": "Q1",
        "revenue": 456600000,
        "costOfRevenue": 476000000,
        "grossProfit": -19400000,
        "grossProfitRatio": -0.0424879544,
        "researchAndDevelopmentExpenses": 0,
        "generalAndAdministrativeExpenses": 53400000,
        "sellingAndMarketingExpenses": -3000000,
        "sellingGeneralAndAdministrativeExpenses": 50400000,
        "otherExpenses": 3448700000,
        "operatingExpenses": 3031900000,
        "costAndExpenses": 3507900000,
        "interestIncome": 108400000,
        "interestExpense": 0,
        "depreciationAndAmortization": 167300000,
        "ebitda": -2874700000,
        "ebitdaratio": -6.2958826106,
        "operatingIncome": -234300000,
        "operatingIncomeRatio": -0.5131406045,
        "totalOtherIncomeExpensesNet": -2925400000,
        "incomeBeforeTax": -3159700000,
        "incomeBeforeTaxRatio": -6.9200613228,
        "incomeTaxExpense": 152000000,
        "netIncome": -3006300000,
        "netIncomeRatio": -6.5840998686,
        "eps": -32.64,
        "epsdiluted": -32.64,
        "weightedAverageShsOut": 92100007,
        "weightedAverageShsOutDil": 92100001,
        "link": "https://www.sec.gov/Archives/edgar/data/314808/000031480820000066/0000314808-20-000066-index.htm",
        "finalLink": "https://www.sec.gov/Archives/edgar/data/314808/000031480820000066/val-3312020x10q.htm"
    },
    {
        "date": "2019-12-31",
        "symbol": "VAL",
        "reportedCurrency": "USD",
        "cik": "0000314808",
        "fillingDate": "2020-02-21",
        "acceptedDate": "2020-02-21 09:10:10",
        "calendarYear": "2019",
        "period": "Q4",
        "revenue": 512100000,
        "costOfRevenue": 476600000,
        "grossProfit": 35500000,
        "grossProfitRatio": 0.069322398,
        "researchAndDevelopmentExpenses": 0,
        "generalAndAdministrativeExpenses": 42000000,
        "sellingAndMarketingExpenses": -2100000,
        "sellingGeneralAndAdministrativeExpenses": 39900000,
        "otherExpenses": 0,
        "operatingExpenses": 77600000,
        "costAndExpenses": 554200000,
        "interestIncome": 0,
        "interestExpense": 428300000,
        "depreciationAndAmortization": 165100000,
        "ebitda": 137600000,
        "ebitdaratio": 0.26869752,
        "operatingIncome": -168200000,
        "operatingIncomeRatio": -0.3284514743,
        "totalOtherIncomeExpensesNet": 26500000,
        "incomeBeforeTax": -151200000,
        "incomeBeforeTaxRatio": -0.295254833,
        "incomeTaxExpense": 62800000,
        "netIncome": -215500000,
        "netIncomeRatio": -0.4208162468,
        "eps": -2.34,
        "epsdiluted": -2.34,
        "weightedAverageShsOut": 92100007,
        "weightedAverageShsOutDil": 92100001,
        "link": "https://www.sec.gov/Archives/edgar/data/314808/000031480820000015/0000314808-20-000015-index.htm",
        "finalLink": "https://www.sec.gov/Archives/edgar/data/314808/000031480820000015/val-20191231x10k.htm"
    },
    {
        "date": "2019-09-30",
        "symbol": "VAL",
        "reportedCurrency": "USD",
        "cik": "0000314808",
        "fillingDate": "2019-10-31",
        "acceptedDate": "2019-10-31 09:26:36",
        "calendarYear": "2019",
        "period": "Q3",
        "revenue": 551300000,
        "costOfRevenue": 496500000,
        "grossProfit": 54800000,
        "grossProfitRatio": 0.0994014148,
        "researchAndDevelopmentExpenses": 0,
        "generalAndAdministrativeExpenses": 35900000,
        "sellingAndMarketingExpenses": -1700000,
        "sellingGeneralAndAdministrativeExpenses": 34200000,
        "otherExpenses": 747700000,
        "operatingExpenses": 143600000,
        "costAndExpenses": 640100000,
        "interestIncome": 107200000,
        "interestExpense": 0,
        "depreciationAndAmortization": 162200000,
        "ebitda": 83100000,
        "ebitdaratio": 0.1507346272,
        "operatingIncome": -142400000,
        "operatingIncomeRatio": -0.258298567,
        "totalOtherIncomeExpensesNet": -53600000,
        "incomeBeforeTax": -196000000,
        "incomeBeforeTaxRatio": -0.3555233085,
        "incomeTaxExpense": 1500000,
        "netIncome": -197100000,
        "netIncomeRatio": -0.3575185924,
        "eps": -2.14,
        "epsdiluted": -2.14,
        "weightedAverageShsOut": 92100007,
        "weightedAverageShsOutDil": 92100001,
        "link": "https://www.sec.gov/Archives/edgar/data/314808/000031480819000171/0000314808-19-000171-index.htm",
        "finalLink": "https://www.sec.gov/Archives/edgar/data/314808/000031480819000171/val-20190930.htm"
    },
    {
        "date": "2019-06-30",
        "symbol": "VAL",
        "reportedCurrency": "USD",
        "cik": "0000314808",
        "fillingDate": "2019-08-01",
        "acceptedDate": "2019-08-01 09:20:02",
        "calendarYear": "2019",
        "period": "Q2",
        "revenue": 583900000,
        "costOfRevenue": 500300000,
        "grossProfit": 83600000,
        "grossProfitRatio": 0.1431752012,
        "researchAndDevelopmentExpenses": 0,
        "generalAndAdministrativeExpenses": 66200000,
        "sellingAndMarketingExpenses": -29600000,
        "sellingGeneralAndAdministrativeExpenses": 64200000,
        "otherExpenses": 660700000,
        "operatingExpenses": 462700000,
        "costAndExpenses": 963000000,
        "interestIncome": 106400000,
        "interestExpense": 0,
        "depreciationAndAmortization": 155100000,
        "ebitda": 715700000,
        "ebitdaratio": 1.2257235828,
        "operatingIncome": -138500000,
        "operatingIncomeRatio": -0.2371981504,
        "totalOtherIncomeExpensesNet": 578400000,
        "incomeBeforeTax": 439900000,
        "incomeBeforeTaxRatio": 0.7533824285,
        "incomeTaxExpense": 32600000,
        "netIncome": 399100000,
        "netIncomeRatio": 0.6835074499,
        "eps": 4.33,
        "epsdiluted": 4.33,
        "weightedAverageShsOut": 92100007,
        "weightedAverageShsOutDil": 92100001,
        "link": "https://www.sec.gov/Archives/edgar/data/314808/000031480819000141/0000314808-19-000141-index.htm",
        "finalLink": "https://www.sec.gov/Archives/edgar/data/314808/000031480819000141/val-6302019x10q.htm"
    },
    {
        "date": "2019-03-31",
        "symbol": "VAL",
        "reportedCurrency": "USD",
        "cik": "0000314808",
        "fillingDate": "2019-05-02",
        "acceptedDate": "2019-05-02 09:27:04",
        "calendarYear": "2019",
        "period": "Q1",
        "revenue": 405900000,
        "costOfRevenue": 332600000,
        "grossProfit": 73300000,
        "grossProfitRatio": 0.1805863513,
        "researchAndDevelopmentExpenses": 0,
        "generalAndAdministrativeExpenses": 26800000,
        "sellingAndMarketingExpenses": 0,
        "sellingGeneralAndAdministrativeExpenses": 26800000,
        "otherExpenses": 0,
        "operatingExpenses": 152300000,
        "costAndExpenses": 484900000,
        "interestIncome": 77500000,
        "interestExpense": 0,
        "depreciationAndAmortization": 110500000,
        "ebitda": 49600000,
        "ebitdaratio": 0.1221975856,
        "operatingIncome": -78500000,
        "operatingIncomeRatio": -0.1933973885,
        "totalOtherIncomeExpensesNet": -78000000,
        "incomeBeforeTax": -156500000,
        "incomeBeforeTaxRatio": -0.3855629465,
        "incomeTaxExpense": 31500000,
        "netIncome": -184600000,
        "netIncomeRatio": -0.4547918206,
        "eps": -1.69,
        "epsdiluted": -1.69,
        "weightedAverageShsOut": 109200012,
        "weightedAverageShsOutDil": 109200000,
        "link": "https://www.sec.gov/Archives/edgar/data/314808/000031480819000085/0000314808-19-000085-index.htm",
        "finalLink": "https://www.sec.gov/Archives/edgar/data/314808/000031480819000085/esv-3312019x10q.htm"
    },
    {
        "date": "2018-12-31",
        "symbol": "VAL",
        "reportedCurrency": "USD",
        "cik": "0000314808",
        "fillingDate": "2019-02-28",
        "acceptedDate": "2019-02-28 09:17:01",
        "calendarYear": "2018",
        "period": "Q4",
        "revenue": 399000000,
        "costOfRevenue": 322800000,
        "grossProfit": 76200000,
        "grossProfitRatio": 0.1909774436,
        "researchAndDevelopmentExpenses": 0,
        "generalAndAdministrativeExpenses": 16100000,
        "sellingAndMarketingExpenses": 0,
        "sellingGeneralAndAdministrativeExpenses": 16100000,
        "otherExpenses": 0,
        "operatingExpenses": 190900000,
        "costAndExpenses": 513700000,
        "interestIncome": 0,
        "interestExpense": 282700000,
        "depreciationAndAmortization": 112900000,
        "ebitda": 11700000,
        "ebitdaratio": 0.0293233083,
        "operatingIncome": -62300000,
        "operatingIncomeRatio": -0.1561403509,
        "totalOtherIncomeExpensesNet": -117600000,
        "incomeBeforeTax": -179900000,
        "incomeBeforeTaxRatio": -0.450877193,
        "incomeTaxExpense": 23200000,
        "netIncome": -203700000,
        "netIncomeRatio": -0.5105263158,
        "eps": -1.88,
        "epsdiluted": -1.88,
        "weightedAverageShsOut": 108600035,
        "weightedAverageShsOutDil": 108600000,
        "link": "https://www.sec.gov/Archives/edgar/data/314808/000031480819000021/0000314808-19-000021-index.htm",
        "finalLink": "https://www.sec.gov/Archives/edgar/data/314808/000031480819000021/esv-20181231x10k.htm"
    },
    {
        "date": "2018-09-30",
        "symbol": "VAL",
        "reportedCurrency": "USD",
        "cik": "0000314808",
        "fillingDate": "2018-10-30",
        "acceptedDate": "2018-10-30 09:03:20",
        "calendarYear": "2018",
        "period": "Q3",
        "revenue": 430900000,
        "costOfRevenue": 327100000,
        "grossProfit": 103800000,
        "grossProfitRatio": 0.240891158,
        "researchAndDevelopmentExpenses": 0,
        "generalAndAdministrativeExpenses": 25100000,
        "sellingAndMarketingExpenses": 0,
        "sellingGeneralAndAdministrativeExpenses": 25100000,
        "otherExpenses": 0,
        "operatingExpenses": 154800000,
        "costAndExpenses": 481900000,
        "interestIncome": 68600000,
        "interestExpense": 0,
        "depreciationAndAmortization": 114300000,
        "ebitda": 72400000,
        "ebitdaratio": 0.1680204224,
        "operatingIncome": -41900000,
        "operatingIncomeRatio": -0.0972383384,
        "totalOtherIncomeExpensesNet": -77700000,
        "incomeBeforeTax": -119600000,
        "incomeBeforeTaxRatio": -0.2775585983,
        "incomeTaxExpense": 23300000,
        "netIncome": -145200000,
        "netIncomeRatio": -0.3369691344,
        "eps": -1.34,
        "epsdiluted": -1.34,
        "weightedAverageShsOut": 108600046,
        "weightedAverageShsOutDil": 108600000,
        "link": "https://www.sec.gov/Archives/edgar/data/314808/000031480818000140/0000314808-18-000140-index.htm",
        "finalLink": "https://www.sec.gov/Archives/edgar/data/314808/000031480818000140/esv-9302018x10q.htm"
    },
    {
        "date": "2018-06-30",
        "symbol": "VAL",
        "reportedCurrency": "USD",
        "cik": "0000314808",
        "fillingDate": "2018-07-26",
        "acceptedDate": "2018-07-26 09:04:21",
        "calendarYear": "2018",
        "period": "Q2",
        "revenue": 458500000,
        "costOfRevenue": 344300000,
        "grossProfit": 114200000,
        "grossProfitRatio": 0.2490730643,
        "researchAndDevelopmentExpenses": 0,
        "generalAndAdministrativeExpenses": 26100000,
        "sellingAndMarketingExpenses": 0,
        "sellingGeneralAndAdministrativeExpenses": 26100000,
        "otherExpenses": 0,
        "operatingExpenses": 159800000,
        "costAndExpenses": 504100000,
        "interestIncome": 71800000,
        "interestExpense": 0,
        "depreciationAndAmortization": 113100000,
        "ebitda": 79200000,
        "ebitdaratio": 0.1727371865,
        "operatingIncome": -32600000,
        "operatingIncomeRatio": -0.0711014177,
        "totalOtherIncomeExpensesNet": -84800000,
        "incomeBeforeTax": -117400000,
        "incomeBeforeTaxRatio": -0.2560523446,
        "incomeTaxExpense": 24700000,
        "netIncome": -143100000,
        "netIncomeRatio": -0.3121046892,
        "eps": -1.32,
        "epsdiluted": -1.32,
        "weightedAverageShsOut": 108500000,
        "weightedAverageShsOutDil": 108500000,
        "link": "https://www.sec.gov/Archives/edgar/data/314808/000031480818000119/0000314808-18-000119-index.htm",
        "finalLink": "https://www.sec.gov/Archives/edgar/data/314808/000031480818000119/esv-6302018x10q.htm"
    },
    {
        "date": "2018-03-31",
        "symbol": "VAL",
        "reportedCurrency": "USD",
        "cik": "0000314808",
        "fillingDate": "2018-04-26",
        "acceptedDate": "2018-04-26 10:08:14",
        "calendarYear": "2018",
        "period": "Q1",
        "revenue": 417000000,
        "costOfRevenue": 325200000,
        "grossProfit": 91800000,
        "grossProfitRatio": 0.2201438849,
        "researchAndDevelopmentExpenses": 0,
        "generalAndAdministrativeExpenses": 27900000,
        "sellingAndMarketingExpenses": 0,
        "sellingGeneralAndAdministrativeExpenses": 27900000,
        "otherExpenses": 0,
        "operatingExpenses": 151200000,
        "costAndExpenses": 476400000,
        "interestIncome": 62600000,
        "interestExpense": 0,
        "depreciationAndAmortization": 98400000,
        "ebitda": 47100000,
        "ebitdaratio": 0.1129496403,
        "operatingIncome": -51300000,
        "operatingIncomeRatio": -0.1230215827,
        "totalOtherIncomeExpensesNet": -70700000,
        "incomeBeforeTax": -122000000,
        "incomeBeforeTaxRatio": -0.2925659472,
        "incomeTaxExpense": 18400000,
        "netIncome": -140100000,
        "netIncomeRatio": -0.335971223,
        "eps": -1.29,
        "epsdiluted": -1.29,
        "weightedAverageShsOut": 108400035,
        "weightedAverageShsOutDil": 108400000,
        "link": "https://www.sec.gov/Archives/edgar/data/314808/000031480818000074/0000314808-18-000074-index.htm",
        "finalLink": "https://www.sec.gov/Archives/edgar/data/314808/000031480818000074/esv-3312018x10q.htm"
    },
    {
        "date": "2017-12-31",
        "symbol": "VAL",
        "reportedCurrency": "USD",
        "cik": "0000314808",
        "fillingDate": "2018-02-27",
        "acceptedDate": "2018-02-27 10:15:15",
        "calendarYear": "2017",
        "period": "Q4",
        "revenue": 454200000,
        "costOfRevenue": 334300000,
        "grossProfit": 119900000,
        "grossProfitRatio": 0.2639806253,
        "researchAndDevelopmentExpenses": 0,
        "generalAndAdministrativeExpenses": 19300000,
        "sellingAndMarketingExpenses": 0,
        "sellingGeneralAndAdministrativeExpenses": 19300000,
        "otherExpenses": 0,
        "operatingExpenses": 232300000,
        "costAndExpenses": 566600000,
        "interestIncome": 0,
        "interestExpense": 224200000,
        "depreciationAndAmortization": 114100000,
        "ebitda": 10900000,
        "ebitdaratio": 0.0239982387,
        "operatingIncome": -18900000,
        "operatingIncomeRatio": -0.0416116248,
        "totalOtherIncomeExpensesNet": -147200000,
        "incomeBeforeTax": -166100000,
        "incomeBeforeTaxRatio": -0.3656979304,
        "incomeTaxExpense": 42400000,
        "netIncome": -208600000,
        "netIncomeRatio": -0.4592690445,
        "eps": -1.96,
        "epsdiluted": -1.96,
        "weightedAverageShsOut": 106575003,
        "weightedAverageShsOutDil": 106575000,
        "link": "https://www.sec.gov/Archives/edgar/data/314808/000031480818000019/0000314808-18-000019-index.htm",
        "finalLink": "https://www.sec.gov/Archives/edgar/data/314808/000031480818000019/esv-20171231x10k.htm"
    },
    {
        "date": "2017-09-30",
        "symbol": "VAL",
        "reportedCurrency": "USD",
        "cik": "0000314808",
        "fillingDate": "2017-10-26",
        "acceptedDate": "2017-10-26 10:04:11",
        "calendarYear": "2017",
        "period": "Q3",
        "revenue": 460200000,
        "costOfRevenue": 285800000,
        "grossProfit": 174400000,
        "grossProfitRatio": 0.3789656671,
        "researchAndDevelopmentExpenses": 0,
        "generalAndAdministrativeExpenses": 30400000,
        "sellingAndMarketingExpenses": 0,
        "sellingGeneralAndAdministrativeExpenses": 30400000,
        "otherExpenses": 0,
        "operatingExpenses": 138400000,
        "costAndExpenses": 424200000,
        "interestIncome": 40600000,
        "interestExpense": 0,
        "depreciationAndAmortization": 89000000,
        "ebitda": 124800000,
        "ebitdaratio": 0.2711864407,
        "operatingIncome": 35800000,
        "operatingIncomeRatio": 0.0777922642,
        "totalOtherIncomeExpensesNet": -40400000,
        "incomeBeforeTax": -4600000,
        "incomeBeforeTaxRatio": -0.0099956541,
        "incomeTaxExpense": 23400000,
        "netIncome": -25300000,
        "netIncomeRatio": -0.0549760973,
        "eps": -0.34,
        "epsdiluted": -0.34,
        "weightedAverageShsOut": 75300084,
        "weightedAverageShsOutDil": 75300000,
        "link": "https://www.sec.gov/Archives/edgar/data/314808/000031480817000144/0000314808-17-000144-index.htm",
        "finalLink": "https://www.sec.gov/Archives/edgar/data/314808/000031480817000144/esv-9302017x10q.htm"
    },
    {
        "date": "2017-06-30",
        "symbol": "VAL",
        "reportedCurrency": "USD",
        "cik": "0000314808",
        "fillingDate": "2017-07-27",
        "acceptedDate": "2017-07-27 10:03:51",
        "calendarYear": "2017",
        "period": "Q2",
        "revenue": 457500000,
        "costOfRevenue": 291300000,
        "grossProfit": 166200000,
        "grossProfitRatio": 0.3632786885,
        "researchAndDevelopmentExpenses": 0,
        "generalAndAdministrativeExpenses": 30500000,
        "sellingAndMarketingExpenses": 0,
        "sellingGeneralAndAdministrativeExpenses": 30500000,
        "otherExpenses": 0,
        "operatingExpenses": 138900000,
        "costAndExpenses": 430200000,
        "interestIncome": 52700000,
        "interestExpense": 0,
        "depreciationAndAmortization": 89900000,
        "ebitda": 117700000,
        "ebitdaratio": 0.2572677596,
        "operatingIncome": 27800000,
        "operatingIncomeRatio": 0.0607650273,
        "totalOtherIncomeExpensesNet": -53200000,
        "incomeBeforeTax": -25400000,
        "incomeBeforeTaxRatio": -0.0555191257,
        "incomeTaxExpense": 19300000,
        "netIncome": -46000000,
        "netIncomeRatio": -0.1005464481,
        "eps": -0.61,
        "epsdiluted": -0.61,
        "weightedAverageShsOut": 75225102,
        "weightedAverageShsOutDil": 75225000,
        "link": "https://www.sec.gov/Archives/edgar/data/314808/000031480817000115/0000314808-17-000115-index.htm",
        "finalLink": "https://www.sec.gov/Archives/edgar/data/314808/000031480817000115/esv-6302017x10q.htm"
    },
    {
        "date": "2017-03-31",
        "symbol": "VAL",
        "reportedCurrency": "USD",
        "cik": "0000314808",
        "fillingDate": "2017-04-27",
        "acceptedDate": "2017-04-27 10:02:21",
        "calendarYear": "2017",
        "period": "Q1",
        "revenue": 471100000,
        "costOfRevenue": 278100000,
        "grossProfit": 193000000,
        "grossProfitRatio": 0.4096794736,
        "researchAndDevelopmentExpenses": 0,
        "generalAndAdministrativeExpenses": 26000000,
        "sellingAndMarketingExpenses": 0,
        "sellingGeneralAndAdministrativeExpenses": 26000000,
        "otherExpenses": 0,
        "operatingExpenses": 141500000,
        "costAndExpenses": 419600000,
        "interestIncome": 51400000,
        "interestExpense": 0,
        "depreciationAndAmortization": 90200000,
        "ebitda": 148000000,
        "ebitdaratio": 0.3141583528,
        "operatingIncome": 57800000,
        "operatingIncomeRatio": 0.1226915729,
        "totalOtherIncomeExpensesNet": -57700000,
        "incomeBeforeTax": 100000,
        "incomeBeforeTaxRatio": 0.0002122692,
        "incomeTaxExpense": 24100000,
        "netIncome": -25200000,
        "netIncomeRatio": -0.0534918276,
        "eps": -0.34,
        "epsdiluted": -0.34,
        "weightedAverageShsOut": 75150076,
        "weightedAverageShsOutDil": 75150000,
        "link": "https://www.sec.gov/Archives/edgar/data/314808/000031480817000066/0000314808-17-000066-index.htm",
        "finalLink": "https://www.sec.gov/Archives/edgar/data/314808/000031480817000066/esv-3312017x10q.htm"
    },
    {
        "date": "2016-12-31",
        "symbol": "VAL",
        "reportedCurrency": "USD",
        "cik": "0000314808",
        "fillingDate": "2017-02-28",
        "acceptedDate": "2017-02-28 10:47:18",
        "calendarYear": "2016",
        "period": "Q4",
        "revenue": 504600000,
        "costOfRevenue": 289000000,
        "grossProfit": 215600000,
        "grossProfitRatio": 0.4272691241,
        "researchAndDevelopmentExpenses": 0,
        "generalAndAdministrativeExpenses": 24700000,
        "sellingAndMarketingExpenses": 0,
        "sellingGeneralAndAdministrativeExpenses": 24700000,
        "otherExpenses": 0,
        "operatingExpenses": 130000000,
        "costAndExpenses": 419000000,
        "interestIncome": 13800000,
        "interestExpense": 228800000,
        "depreciationAndAmortization": 105900000,
        "ebitda": 215700000,
        "ebitdaratio": 0.4274673008,
        "operatingIncome": 80700000,
        "operatingIncomeRatio": 0.1599286564,
        "totalOtherIncomeExpensesNet": -46200000,
        "incomeBeforeTax": 34500000,
        "incomeBeforeTaxRatio": 0.0683709869,
        "incomeTaxExpense": 3900000,
        "netIncome": 27600000,
        "netIncomeRatio": 0.0546967895,
        "eps": 0.36,
        "epsdiluted": 0.37,
        "weightedAverageShsOut": 75948113,
        "weightedAverageShsOutDil": 75150000,
        "link": "https://www.sec.gov/Archives/edgar/data/314808/000031480817000012/0000314808-17-000012-index.htm",
        "finalLink": "https://www.sec.gov/Archives/edgar/data/314808/000031480817000012/esv-20161231x10k.htm"
    },
    {
        "date": "2016-09-30",
        "symbol": "VAL",
        "reportedCurrency": "USD",
        "cik": "0000314808",
        "fillingDate": "2016-10-27",
        "acceptedDate": "2016-10-27 10:03:30",
        "calendarYear": "2016",
        "period": "Q3",
        "revenue": 548200000,
        "costOfRevenue": 298100000,
        "grossProfit": 250100000,
        "grossProfitRatio": 0.4562203575,
        "researchAndDevelopmentExpenses": 0,
        "generalAndAdministrativeExpenses": 25300000,
        "sellingAndMarketingExpenses": 0,
        "sellingGeneralAndAdministrativeExpenses": 25300000,
        "otherExpenses": 0,
        "operatingExpenses": 116000000,
        "costAndExpenses": 414100000,
        "interestIncome": 49600000,
        "interestExpense": 0,
        "depreciationAndAmortization": 104400000,
        "ebitda": 263000000,
        "ebitdaratio": 0.4797519154,
        "operatingIncome": 115400000,
        "operatingIncomeRatio": 0.2105071142,
        "totalOtherIncomeExpensesNet": -30900000,
        "incomeBeforeTax": 84500000,
        "incomeBeforeTaxRatio": 0.1541408245,
        "incomeTaxExpense": 3500000,
        "netIncome": 84200000,
        "netIncomeRatio": 0.153593579,
        "eps": 1.13,
        "epsdiluted": 1.13,
        "weightedAverageShsOut": 74650022,
        "weightedAverageShsOutDil": 74650000,
        "link": "https://www.sec.gov/Archives/edgar/data/314808/000031480816000408/0000314808-16-000408-index.htm",
        "finalLink": "https://www.sec.gov/Archives/edgar/data/314808/000031480816000408/esv-9302016x10q.htm"
    },
    {
        "date": "2016-07-29",
        "symbol": "VAL",
        "reportedCurrency": "USD",
        "cik": "0000314808",
        "fillingDate": "2016-09-07",
        "acceptedDate": "2016-09-07 11:14:32",
        "calendarYear": "2016",
        "period": "Q2",
        "revenue": 909600000,
        "costOfRevenue": 350200000,
        "grossProfit": 559400000,
        "grossProfitRatio": 0.6149956025,
        "researchAndDevelopmentExpenses": 0,
        "generalAndAdministrativeExpenses": 27400000,
        "sellingAndMarketingExpenses": 0,
        "sellingGeneralAndAdministrativeExpenses": 27400000,
        "otherExpenses": 0,
        "operatingExpenses": 121600000,
        "costAndExpenses": 471800000,
        "interestIncome": 51500000,
        "interestExpense": 0,
        "depreciationAndAmortization": 106200000,
        "ebitda": 525800000,
        "ebitdaratio": 0.5780562885,
        "operatingIncome": 419600000,
        "operatingIncomeRatio": 0.4613016711,
        "totalOtherIncomeExpensesNet": 209900000,
        "incomeBeforeTax": 629500000,
        "incomeBeforeTaxRatio": 0.692062445,
        "incomeTaxExpense": 36700000,
        "netIncome": 580000000,
        "netIncomeRatio": 0.63764292,
        "eps": 8.15,
        "epsdiluted": 8.15,
        "weightedAverageShsOut": 71150008,
        "weightedAverageShsOutDil": 71150000,
        "link": "https://www.sec.gov/Archives/edgar/data/102741/000010274116000020/0000102741-16-000020-index.html",
        "finalLink": "https://www.sec.gov/Archives/edgar/data/102741/000010274116000020/val-20160729x10q.htm"
    },
    {
        "date": "2016-03-31",
        "symbol": "VAL",
        "reportedCurrency": "USD",
        "cik": "0000314808",
        "fillingDate": "2016-04-28",
        "acceptedDate": "2016-04-28 10:06:17",
        "calendarYear": "2016",
        "period": "Q1",
        "revenue": 814000000,
        "costOfRevenue": 363700000,
        "grossProfit": 450300000,
        "grossProfitRatio": 0.5531941032,
        "researchAndDevelopmentExpenses": 0,
        "generalAndAdministrativeExpenses": 23400000,
        "sellingAndMarketingExpenses": 0,
        "sellingGeneralAndAdministrativeExpenses": 23400000,
        "otherExpenses": 0,
        "operatingExpenses": 138500000,
        "costAndExpenses": 502200000,
        "interestIncome": 62800000,
        "interestExpense": 0,
        "depreciationAndAmortization": 108300000,
        "ebitda": 313600000,
        "ebitdaratio": 0.3852579853,
        "operatingIncome": 313600000,
        "operatingIncomeRatio": 0.3852579853,
        "totalOtherIncomeExpensesNet": -64600000,
        "incomeBeforeTax": 249000000,
        "incomeBeforeTaxRatio": 0.3058968059,
        "incomeTaxExpense": 71400000,
        "netIncome": 173700000,
        "netIncomeRatio": 0.2133906634,
        "eps": 2.99,
        "epsdiluted": 2.99,
        "weightedAverageShsOut": 58125001,
        "weightedAverageShsOutDil": 58125000,
        "link": "https://www.sec.gov/Archives/edgar/data/314808/000031480816000312/0000314808-16-000312-index.htm",
        "finalLink": "https://www.sec.gov/Archives/edgar/data/314808/000031480816000312/esv-3312016x10q.htm"
    },
    {
        "date": "2015-12-31",
        "symbol": "VAL",
        "reportedCurrency": "USD",
        "cik": "0000314808",
        "fillingDate": "2016-02-25",
        "acceptedDate": "2016-02-24 21:06:15",
        "calendarYear": "2015",
        "period": "Q4",
        "revenue": 828300000,
        "costOfRevenue": 415200000,
        "grossProfit": 413100000,
        "grossProfitRatio": 0.4987323434,
        "researchAndDevelopmentExpenses": 0,
        "generalAndAdministrativeExpenses": 30200000,
        "sellingAndMarketingExpenses": 0,
        "sellingGeneralAndAdministrativeExpenses": 30200000,
        "otherExpenses": 0,
        "operatingExpenses": 2916900000,
        "costAndExpenses": 3332100000,
        "interestIncome": 0,
        "interestExpense": 216300000,
        "depreciationAndAmortization": 145600000,
        "ebitda": -3004000000,
        "ebitdaratio": -3.6267053,
        "operatingIncome": 233200000,
        "operatingIncomeRatio": 0.2815405046,
        "totalOtherIncomeExpensesNet": -2791300000,
        "incomeBeforeTax": -2558100000,
        "incomeBeforeTaxRatio": -3.0883737776,
        "incomeTaxExpense": 182800000,
        "netIncome": -2367000000,
        "netIncomeRatio": -2.857660268,
        "eps": -40.75,
        "epsdiluted": -40.72,
        "weightedAverageShsOut": 58089661,
        "weightedAverageShsOutDil": 58125000,
        "link": "https://www.sec.gov/Archives/edgar/data/314808/000031480816000258/0000314808-16-000258-index.htm",
        "finalLink": "https://www.sec.gov/Archives/edgar/data/314808/000031480816000258/esv-20151231x10k.htm"
    },
    {
        "date": "2015-09-30",
        "symbol": "VAL",
        "reportedCurrency": "USD",
        "cik": "0000314808",
        "fillingDate": "2015-10-29",
        "acceptedDate": "2015-10-29 10:33:41",
        "calendarYear": "2015",
        "period": "Q3",
        "revenue": 1012200000,
        "costOfRevenue": 433500000,
        "grossProfit": 578700000,
        "grossProfitRatio": 0.5717249555,
        "researchAndDevelopmentExpenses": 0,
        "generalAndAdministrativeExpenses": 28400000,
        "sellingAndMarketingExpenses": 0,
        "sellingGeneralAndAdministrativeExpenses": 28400000,
        "otherExpenses": 0,
        "operatingExpenses": 174100000,
        "costAndExpenses": 607600000,
        "interestIncome": 54300000,
        "interestExpense": 0,
        "depreciationAndAmortization": 160900000,
        "ebitda": 402700000,
        "ebitdaratio": 0.3978462754,
        "operatingIncome": 405100000,
        "operatingIncomeRatio": 0.4002173484,
        "totalOtherIncomeExpensesNet": -54800000,
        "incomeBeforeTax": 350300000,
        "incomeBeforeTaxRatio": 0.3460778502,
        "incomeTaxExpense": 33200000,
        "netIncome": 310800000,
        "netIncomeRatio": 0.3070539419,
        "eps": 5.35,
        "epsdiluted": 5.35,
        "weightedAverageShsOut": 58100006,
        "weightedAverageShsOutDil": 58125000,
        "link": "https://www.sec.gov/Archives/edgar/data/314808/000031480815000204/0000314808-15-000204-index.htm",
        "finalLink": "https://www.sec.gov/Archives/edgar/data/314808/000031480815000204/esv-9302015x10q.htm"
    },
    {
        "date": "2015-06-30",
        "symbol": "VAL",
        "reportedCurrency": "USD",
        "cik": "0000314808",
        "fillingDate": "2015-07-30",
        "acceptedDate": "2015-07-30 09:32:16",
        "calendarYear": "2015",
        "period": "Q2",
        "revenue": 1059000000,
        "costOfRevenue": 502600000,
        "grossProfit": 556400000,
        "grossProfitRatio": 0.525401322,
        "researchAndDevelopmentExpenses": 0,
        "generalAndAdministrativeExpenses": 29700000,
        "sellingAndMarketingExpenses": 0,
        "sellingGeneralAndAdministrativeExpenses": 29700000,
        "otherExpenses": 0,
        "operatingExpenses": 177800000,
        "costAndExpenses": 680400000,
        "interestIncome": 47800000,
        "interestExpense": 0,
        "depreciationAndAmortization": 131500000,
        "ebitda": 386200000,
        "ebitdaratio": 0.3646836638,
        "operatingIncome": 386200000,
        "operatingIncomeRatio": 0.3646836638,
        "totalOtherIncomeExpensesNet": -55400000,
        "incomeBeforeTax": 330800000,
        "incomeBeforeTaxRatio": 0.3123701605,
        "incomeTaxExpense": 58000000,
        "netIncome": 266800000,
        "netIncomeRatio": 0.2519357885,
        "eps": 4.6,
        "epsdiluted": 4.6,
        "weightedAverageShsOut": 58025001,
        "weightedAverageShsOutDil": 58050000,
        "link": "https://www.sec.gov/Archives/edgar/data/314808/000031480815000186/0000314808-15-000186-index.htm",
        "finalLink": "https://www.sec.gov/Archives/edgar/data/314808/000031480815000186/esv-6302015x10q.htm"
    },
    {
        "date": "2015-03-31",
        "symbol": "VAL",
        "reportedCurrency": "USD",
        "cik": "0000314808",
        "fillingDate": "2015-04-30",
        "acceptedDate": "2015-04-30 12:00:25",
        "calendarYear": "2015",
        "period": "Q1",
        "revenue": 1163900000,
        "costOfRevenue": 518300000,
        "grossProfit": 645600000,
        "grossProfitRatio": 0.5546868288,
        "researchAndDevelopmentExpenses": 0,
        "generalAndAdministrativeExpenses": 30100000,
        "sellingAndMarketingExpenses": 0,
        "sellingGeneralAndAdministrativeExpenses": 30100000,
        "otherExpenses": 0,
        "operatingExpenses": 189800000,
        "costAndExpenses": 708100000,
        "interestIncome": 50000000,
        "interestExpense": 0,
        "depreciationAndAmortization": 133100000,
        "ebitda": 478400000,
        "ebitdaratio": 0.4110318756,
        "operatingIncome": 478400000,
        "operatingIncomeRatio": 0.4110318756,
        "totalOtherIncomeExpensesNet": -72600000,
        "incomeBeforeTax": 405800000,
        "incomeBeforeTaxRatio": 0.3486553828,
        "incomeTaxExpense": 77700000,
        "netIncome": 321200000,
        "netIncomeRatio": 0.2759687258,
        "eps": 5.52,
        "epsdiluted": 5.54,
        "weightedAverageShsOut": 58188405,
        "weightedAverageShsOutDil": 57975000,
        "link": "https://www.sec.gov/Archives/edgar/data/314808/000031480815000093/0000314808-15-000093-index.htm",
        "finalLink": "https://www.sec.gov/Archives/edgar/data/314808/000031480815000093/esv-3312015x10q.htm"
    },
    {
        "date": "2014-12-31",
        "symbol": "VAL",
        "reportedCurrency": "USD",
        "cik": "0000314808",
        "fillingDate": "2015-03-02",
        "acceptedDate": "2015-03-02 13:05:02",
        "calendarYear": "2014",
        "period": "Q4",
        "revenue": 1159800000,
        "costOfRevenue": 514000000,
        "grossProfit": 645800000,
        "grossProfitRatio": 0.5568201414,
        "researchAndDevelopmentExpenses": 0,
        "generalAndAdministrativeExpenses": 28300000,
        "sellingAndMarketingExpenses": 0,
        "sellingGeneralAndAdministrativeExpenses": 28300000,
        "otherExpenses": 0,
        "operatingExpenses": 3682900000,
        "costAndExpenses": 4196900000,
        "interestIncome": 0,
        "interestExpense": 161400000,
        "depreciationAndAmortization": 137600000,
        "ebitda": -3547800000,
        "ebitdaratio": -3.0589756855,
        "operatingIncome": 478100000,
        "operatingIncomeRatio": 0.4122262459,
        "totalOtherIncomeExpensesNet": -3564800000,
        "incomeBeforeTax": -3086700000,
        "incomeBeforeTaxRatio": -2.6614071392,
        "incomeTaxExpense": 26200000,
        "netIncome": -3065800000,
        "netIncomeRatio": -2.6433867908,
        "eps": -52.88,
        "epsdiluted": -52.88,
        "weightedAverageShsOut": 57975000,
        "weightedAverageShsOutDil": 57975000,
        "link": "https://www.sec.gov/Archives/edgar/data/314808/000031480815000018/0000314808-15-000018-index.htm",
        "finalLink": "https://www.sec.gov/Archives/edgar/data/314808/000031480815000018/esv-20141231x10k.htm"
    },
    {
        "date": "2014-09-30",
        "symbol": "VAL",
        "reportedCurrency": "USD",
        "cik": "0000314808",
        "fillingDate": "2014-10-30",
        "acceptedDate": "2014-10-30 16:53:21",
        "calendarYear": "2014",
        "period": "Q3",
        "revenue": 1201400000,
        "costOfRevenue": 500200000,
        "grossProfit": 701200000,
        "grossProfitRatio": 0.5836524055,
        "researchAndDevelopmentExpenses": 0,
        "generalAndAdministrativeExpenses": 29300000,
        "sellingAndMarketingExpenses": 0,
        "sellingGeneralAndAdministrativeExpenses": 29300000,
        "otherExpenses": 0,
        "operatingExpenses": 168000000,
        "costAndExpenses": 668200000,
        "interestIncome": 34900000,
        "interestExpense": 0,
        "depreciationAndAmortization": 133300000,
        "ebitda": 559600000,
        "ebitdaratio": 0.4657899118,
        "operatingIncome": 536700000,
        "operatingIncomeRatio": 0.4467288164,
        "totalOtherIncomeExpensesNet": -38400000,
        "incomeBeforeTax": 498300000,
        "incomeBeforeTaxRatio": 0.4147661062,
        "incomeTaxExpense": 74600000,
        "netIncome": 415300000,
        "netIncomeRatio": 0.34568004,
        "eps": 7.16,
        "epsdiluted": 7.16,
        "weightedAverageShsOut": 58002793,
        "weightedAverageShsOutDil": 58000000,
        "link": "https://www.sec.gov/Archives/edgar/data/314808/000031480814000207/0000314808-14-000207-index.htm",
        "finalLink": "https://www.sec.gov/Archives/edgar/data/314808/000031480814000207/esv-9302014x10q.htm"
    },
    {
        "date": "2014-06-30",
        "symbol": "VAL",
        "reportedCurrency": "USD",
        "cik": "0000314808",
        "fillingDate": "2014-08-01",
        "acceptedDate": "2014-08-01 17:30:41",
        "calendarYear": "2014",
        "period": "Q2",
        "revenue": 1136600000,
        "costOfRevenue": 542500000,
        "grossProfit": 594100000,
        "grossProfitRatio": 0.5226992786,
        "researchAndDevelopmentExpenses": 0,
        "generalAndAdministrativeExpenses": 36200000,
        "sellingAndMarketingExpenses": 0,
        "sellingGeneralAndAdministrativeExpenses": 36200000,
        "otherExpenses": 0,
        "operatingExpenses": 869800000,
        "costAndExpenses": 1412300000,
        "interestIncome": 32900000,
        "interestExpense": 0,
        "depreciationAndAmortization": 130800000,
        "ebitda": -540100000,
        "ebitdaratio": -0.4751891607,
        "operatingIncome": 425700000,
        "operatingIncomeRatio": 0.3745380961,
        "totalOtherIncomeExpensesNet": -734300000,
        "incomeBeforeTax": -308600000,
        "incomeBeforeTaxRatio": -0.2715115256,
        "incomeTaxExpense": 42600000,
        "netIncome": -353500000,
        "netIncomeRatio": -0.3110153088,
        "eps": -6.11,
        "epsdiluted": -6.11,
        "weightedAverageShsOut": 57875003,
        "weightedAverageShsOutDil": 57875000,
        "link": "https://www.sec.gov/Archives/edgar/data/314808/000031480814000170/0000314808-14-000170-index.htm",
        "finalLink": "https://www.sec.gov/Archives/edgar/data/314808/000031480814000170/esv-6302014x10q.htm"
    },
    {
        "date": "2014-03-31",
        "symbol": "VAL",
        "reportedCurrency": "USD",
        "cik": "0000314808",
        "fillingDate": "2014-04-29",
        "acceptedDate": "2014-04-29 15:08:24",
        "calendarYear": "2014",
        "period": "Q1",
        "revenue": 1066700000,
        "costOfRevenue": 520200000,
        "grossProfit": 546500000,
        "grossProfitRatio": 0.5123277398,
        "researchAndDevelopmentExpenses": 0,
        "generalAndAdministrativeExpenses": 38100000,
        "sellingAndMarketingExpenses": 0,
        "sellingGeneralAndAdministrativeExpenses": 38100000,
        "otherExpenses": 0,
        "operatingExpenses": 167300000,
        "costAndExpenses": 687500000,
        "interestIncome": 31000000,
        "interestExpense": 0,
        "depreciationAndAmortization": 128300000,
        "ebitda": 505600000,
        "ebitdaratio": 0.473985188,
        "operatingIncome": 377300000,
        "operatingIncomeRatio": 0.3537076966,
        "totalOtherIncomeExpensesNet": -29100000,
        "incomeBeforeTax": 348200000,
        "incomeBeforeTaxRatio": 0.3264272991,
        "incomeTaxExpense": 49500000,
        "netIncome": 292700000,
        "netIncomeRatio": 0.2743976751,
        "eps": 5.04,
        "epsdiluted": 5.06,
        "weightedAverageShsOut": 58019863,
        "weightedAverageShsOutDil": 57825000,
        "link": "https://www.sec.gov/Archives/edgar/data/314808/000031480814000100/0000314808-14-000100-index.htm",
        "finalLink": "https://www.sec.gov/Archives/edgar/data/314808/000031480814000100/esv-3312014x10q.htm"
    },
    {
        "date": "2013-12-31",
        "symbol": "VAL",
        "reportedCurrency": "USD",
        "cik": "0000314808",
        "fillingDate": "2014-02-26",
        "acceptedDate": "2014-02-26 17:27:54",
        "calendarYear": "2013",
        "period": "Q4",
        "revenue": 990600000,
        "costOfRevenue": 405800000,
        "grossProfit": 584800000,
        "grossProfitRatio": 0.5903492833,
        "researchAndDevelopmentExpenses": 0,
        "generalAndAdministrativeExpenses": 35200000,
        "sellingAndMarketingExpenses": 0,
        "sellingGeneralAndAdministrativeExpenses": 35200000,
        "otherExpenses": 0,
        "operatingExpenses": 136900000,
        "costAndExpenses": 542700000,
        "interestIncome": 16600000,
        "interestExpense": 158800000,
        "depreciationAndAmortization": 93600000,
        "ebitda": 539500000,
        "ebitdaratio": 0.5446194226,
        "operatingIncome": 445900000,
        "operatingIncomeRatio": 0.4501312336,
        "totalOtherIncomeExpensesNet": -28900000,
        "incomeBeforeTax": 417000000,
        "incomeBeforeTaxRatio": 0.4209569958,
        "incomeTaxExpense": 38400000,
        "netIncome": 372100000,
        "netIncomeRatio": 0.3756309307,
        "eps": 6.4,
        "epsdiluted": 6.43,
        "weightedAverageShsOut": 58145658,
        "weightedAverageShsOutDil": 57850000,
        "link": "https://www.sec.gov/Archives/edgar/data/314808/000031480814000026/0000314808-14-000026-index.htm",
        "finalLink": "https://www.sec.gov/Archives/edgar/data/314808/000031480814000026/esv-20131231x10k.htm"
    },
    {
        "date": "2013-09-30",
        "symbol": "VAL",
        "reportedCurrency": "USD",
        "cik": "0000314808",
        "fillingDate": "2013-10-24",
        "acceptedDate": "2013-10-24 15:59:10",
        "calendarYear": "2013",
        "period": "Q3",
        "revenue": 1162200000,
        "costOfRevenue": 534300000,
        "grossProfit": 627900000,
        "grossProfitRatio": 0.5402684564,
        "researchAndDevelopmentExpenses": 0,
        "generalAndAdministrativeExpenses": 37400000,
        "sellingAndMarketingExpenses": 0,
        "sellingGeneralAndAdministrativeExpenses": 37400000,
        "otherExpenses": 0,
        "operatingExpenses": 135700000,
        "costAndExpenses": 670000000,
        "interestIncome": 35900000,
        "interestExpense": 0,
        "depreciationAndAmortization": 129500000,
        "ebitda": 587400000,
        "ebitdaratio": 0.5054207537,
        "operatingIncome": 457900000,
        "operatingIncomeRatio": 0.393994149,
        "totalOtherIncomeExpensesNet": -3200000,
        "incomeBeforeTax": 456300000,
        "incomeBeforeTaxRatio": 0.3926174497,
        "incomeTaxExpense": 65400000,
        "netIncome": 384300000,
        "netIncomeRatio": 0.3306659783,
        "eps": 6.64,
        "epsdiluted": 6.65,
        "weightedAverageShsOut": 57876506,
        "weightedAverageShsOutDil": 57825000,
        "link": "https://www.sec.gov/Archives/edgar/data/314808/000031480813000179/0000314808-13-000179-index.htm",
        "finalLink": "https://www.sec.gov/Archives/edgar/data/314808/000031480813000179/esv-9302013x10q.htm"
    },
    {
        "date": "2013-06-30",
        "symbol": "VAL",
        "reportedCurrency": "USD",
        "cik": "0000314808",
        "fillingDate": "2013-07-30",
        "acceptedDate": "2013-07-30 15:38:55",
        "calendarYear": "2013",
        "period": "Q2",
        "revenue": 1130300000,
        "costOfRevenue": 527200000,
        "grossProfit": 603100000,
        "grossProfitRatio": 0.533575157,
        "researchAndDevelopmentExpenses": 0,
        "generalAndAdministrativeExpenses": 36400000,
        "sellingAndMarketingExpenses": 0,
        "sellingGeneralAndAdministrativeExpenses": 36400000,
        "otherExpenses": 0,
        "operatingExpenses": 168700000,
        "costAndExpenses": 695900000,
        "interestIncome": 39500000,
        "interestExpense": 0,
        "depreciationAndAmortization": 105000000,
        "ebitda": 452000000,
        "ebitdaratio": 0.3998938335,
        "operatingIncome": 434700000,
        "operatingIncomeRatio": 0.3845881624,
        "totalOtherIncomeExpensesNet": -39800000,
        "incomeBeforeTax": 394900000,
        "incomeBeforeTaxRatio": 0.3493762718,
        "incomeTaxExpense": 48500000,
        "netIncome": 340800000,
        "netIncomeRatio": 0.3015128727,
        "eps": 5.91,
        "epsdiluted": 5.9,
        "weightedAverageShsOut": 57700004,
        "weightedAverageShsOutDil": 57750000,
        "link": "https://www.sec.gov/Archives/edgar/data/314808/000031480813000155/0000314808-13-000155-index.htm",
        "finalLink": "https://www.sec.gov/Archives/edgar/data/314808/000031480813000155/esv-6302013x10q.htm"
    },
    {
        "date": "2013-03-31",
        "symbol": "VAL",
        "reportedCurrency": "USD",
        "cik": "0000314808",
        "fillingDate": "2013-04-30",
        "acceptedDate": "2013-04-30 16:41:06",
        "calendarYear": "2013",
        "period": "Q1",
        "revenue": 1040300000,
        "costOfRevenue": 479800000,
        "grossProfit": 560500000,
        "grossProfitRatio": 0.5387868884,
        "researchAndDevelopmentExpenses": 0,
        "generalAndAdministrativeExpenses": 37800000,
        "sellingAndMarketingExpenses": 0,
        "sellingGeneralAndAdministrativeExpenses": 37800000,
        "otherExpenses": 0,
        "operatingExpenses": 159600000,
        "costAndExpenses": 639400000,
        "interestIncome": 3300000,
        "interestExpense": 39200000,
        "depreciationAndAmortization": 139700000,
        "ebitda": 534500000,
        "ebitdaratio": 0.5137940979,
        "operatingIncome": 394800000,
        "operatingIncomeRatio": 0.3795059118,
        "totalOtherIncomeExpensesNet": -29800000,
        "incomeBeforeTax": 365000000,
        "incomeBeforeTaxRatio": 0.3508603288,
        "incomeTaxExpense": 50800000,
        "netIncome": 308100000,
        "netIncomeRatio": 0.2961645679,
        "eps": 5.35,
        "epsdiluted": 5.34,
        "weightedAverageShsOut": 57600003,
        "weightedAverageShsOutDil": 57650000,
        "link": "https://www.sec.gov/Archives/edgar/data/314808/000031480813000069/0000314808-13-000069-index.htm",
        "finalLink": "https://www.sec.gov/Archives/edgar/data/314808/000031480813000069/esv-3312013x10q.htm"
    },
    {
        "date": "2012-12-31",
        "symbol": "VAL",
        "reportedCurrency": "USD",
        "cik": "0000314808",
        "fillingDate": "2013-02-22",
        "acceptedDate": "2013-02-21 18:32:46",
        "calendarYear": "2012",
        "period": "Q4",
        "revenue": 1085500000,
        "costOfRevenue": 524500000,
        "grossProfit": 561000000,
        "grossProfitRatio": 0.5168125288,
        "researchAndDevelopmentExpenses": 0,
        "generalAndAdministrativeExpenses": 35000000,
        "sellingAndMarketingExpenses": 0,
        "sellingGeneralAndAdministrativeExpenses": 35000000,
        "otherExpenses": 0,
        "operatingExpenses": 178000000,
        "costAndExpenses": 702500000,
        "interestIncome": 22800000,
        "interestExpense": 123600000,
        "depreciationAndAmortization": 138500000,
        "ebitda": 520600000,
        "ebitdaratio": 0.4795946568,
        "operatingIncome": 382100000,
        "operatingIncomeRatio": 0.3520036849,
        "totalOtherIncomeExpensesNet": -21700000,
        "incomeBeforeTax": 360400000,
        "incomeBeforeTaxRatio": 0.3320128973,
        "incomeTaxExpense": 117100000,
        "netIncome": 239100000,
        "netIncomeRatio": 0.220267158,
        "eps": 4.12,
        "epsdiluted": 4.15,
        "weightedAverageShsOut": 57979730,
        "weightedAverageShsOutDil": 57575000,
        "link": "https://www.sec.gov/Archives/edgar/data/314808/000031480813000019/0000314808-13-000019-index.htm",
        "finalLink": "https://www.sec.gov/Archives/edgar/data/314808/000031480813000019/esv-20121231x10k.htm"
    },
    {
        "date": "2012-09-30",
        "symbol": "VAL",
        "reportedCurrency": "USD",
        "cik": "0000314808",
        "fillingDate": "2012-11-01",
        "acceptedDate": "2012-11-01 15:01:56",
        "calendarYear": "2012",
        "period": "Q3",
        "revenue": 1123500000,
        "costOfRevenue": 507300000,
        "grossProfit": 616200000,
        "grossProfitRatio": 0.5484646195,
        "researchAndDevelopmentExpenses": 0,
        "generalAndAdministrativeExpenses": 40200000,
        "sellingAndMarketingExpenses": 0,
        "sellingGeneralAndAdministrativeExpenses": 40200000,
        "otherExpenses": 0,
        "operatingExpenses": 182800000,
        "costAndExpenses": 324500000,
        "interestIncome": 5500000,
        "interestExpense": 25300000,
        "depreciationAndAmortization": 138200000,
        "ebitda": 571800000,
        "ebitdaratio": 0.5089452603,
        "operatingIncome": 433600000,
        "operatingIncomeRatio": 0.3859368046,
        "totalOtherIncomeExpensesNet": -25500000,
        "incomeBeforeTax": 408100000,
        "incomeBeforeTaxRatio": 0.3632398754,
        "incomeTaxExpense": 46900000,
        "netIncome": 355700000,
        "netIncomeRatio": 0.316599911,
        "eps": 6.2,
        "epsdiluted": 6.19,
        "weightedAverageShsOut": 57400001,
        "weightedAverageShsOutDil": 57475000,
        "link": "https://www.sec.gov/Archives/edgar/data/314808/000031480812000062/0000314808-12-000062-index.htm",
        "finalLink": "https://www.sec.gov/Archives/edgar/data/314808/000031480812000062/esv-9302012x10q.htm"
    },
    {
        "date": "2012-06-30",
        "symbol": "VAL",
        "reportedCurrency": "USD",
        "cik": "0000314808",
        "fillingDate": "2012-07-26",
        "acceptedDate": "2012-07-26 16:56:00",
        "calendarYear": "2012",
        "period": "Q2",
        "revenue": 1071100000,
        "costOfRevenue": 494000000,
        "grossProfit": 577100000,
        "grossProfitRatio": 0.5387918962,
        "researchAndDevelopmentExpenses": 0,
        "generalAndAdministrativeExpenses": 35500000,
        "sellingAndMarketingExpenses": 139500000,
        "sellingGeneralAndAdministrativeExpenses": 175000000,
        "otherExpenses": 0,
        "operatingExpenses": 175000000,
        "costAndExpenses": 665800000,
        "interestIncome": 5800000,
        "interestExpense": -24200000,
        "depreciationAndAmortization": 132900000,
        "ebitda": 407300000,
        "ebitdaratio": 0.3802632807,
        "operatingIncome": 405300000,
        "operatingIncomeRatio": 0.3783960415,
        "totalOtherIncomeExpensesNet": -24700000,
        "incomeBeforeTax": 380600000,
        "incomeBeforeTaxRatio": 0.3553356363,
        "incomeTaxExpense": 43400000,
        "netIncome": 341300000,
        "netIncomeRatio": 0.3186443843,
        "eps": 5.95,
        "epsdiluted": 5.95,
        "weightedAverageShsOut": 57400000,
        "weightedAverageShsOutDil": 57400000,
        "link": "https://www.sec.gov/Archives/edgar/data/314808/000031480812000057/0000314808-12-000057-index.htm",
        "finalLink": "https://www.sec.gov/Archives/edgar/data/314808/000031480812000057/esv-6302012x10q.htm"
    },
    {
        "date": "2012-03-31",
        "symbol": "VAL",
        "reportedCurrency": "USD",
        "cik": "0000314808",
        "fillingDate": "2012-05-03",
        "acceptedDate": "2012-05-03 17:26:41",
        "calendarYear": "2012",
        "period": "Q1",
        "revenue": 1020600000,
        "costOfRevenue": 502200000,
        "grossProfit": 518400000,
        "grossProfitRatio": 0.5079365079,
        "researchAndDevelopmentExpenses": 0,
        "generalAndAdministrativeExpenses": 38200000,
        "sellingAndMarketingExpenses": 139400000,
        "sellingGeneralAndAdministrativeExpenses": 177600000,
        "otherExpenses": 0,
        "operatingExpenses": 177600000,
        "costAndExpenses": 676400000,
        "interestIncome": 5900000,
        "interestExpense": -28700000,
        "depreciationAndAmortization": 139400000,
        "ebitda": 413100000,
        "ebitdaratio": 0.4047619048,
        "operatingIncome": 344200000,
        "operatingIncomeRatio": 0.3372525965,
        "totalOtherIncomeExpensesNet": -11100000,
        "incomeBeforeTax": 317500000,
        "incomeBeforeTaxRatio": 0.3110915148,
        "incomeTaxExpense": 37000000,
        "netIncome": 265400000,
        "netIncomeRatio": 0.2600431119,
        "eps": 4.63,
        "epsdiluted": 4.63,
        "weightedAverageShsOut": 57300000,
        "weightedAverageShsOutDil": 57300000,
        "link": "https://www.sec.gov/Archives/edgar/data/314808/000031480812000026/0000314808-12-000026-index.htm",
        "finalLink": "https://www.sec.gov/Archives/edgar/data/314808/000031480812000026/esv-3312012x10q.htm"
    },
    {
        "date": "2011-12-31",
        "symbol": "VAL",
        "reportedCurrency": "USD",
        "cik": "0000314808",
        "fillingDate": "2012-02-24",
        "acceptedDate": "2012-02-24 12:33:19",
        "calendarYear": "2011",
        "period": "Q4",
        "revenue": 956400000,
        "costOfRevenue": 493700000,
        "grossProfit": 462700000,
        "grossProfitRatio": 0.4837933919,
        "researchAndDevelopmentExpenses": 0,
        "generalAndAdministrativeExpenses": 71300000,
        "sellingAndMarketingExpenses": 109100000,
        "sellingGeneralAndAdministrativeExpenses": 180400000,
        "otherExpenses": 0,
        "operatingExpenses": 180400000,
        "costAndExpenses": 664100000,
        "interestIncome": 17200000,
        "interestExpense": 95900000,
        "depreciationAndAmortization": 130100000,
        "ebitda": 486600000,
        "ebitdaratio": 0.508782936,
        "operatingIncome": 292300000,
        "operatingIncomeRatio": 0.3056252614,
        "totalOtherIncomeExpensesNet": -41700000,
        "incomeBeforeTax": 263800000,
        "incomeBeforeTaxRatio": 0.2758260142,
        "incomeTaxExpense": 31200000,
        "netIncome": 229400000,
        "netIncomeRatio": 0.2398578001,
        "eps": 3.98,
        "epsdiluted": 3.98,
        "weightedAverageShsOut": 57600000,
        "weightedAverageShsOutDil": 57600000,
        "link": "https://www.sec.gov/Archives/edgar/data/314808/000031480812000020/0000314808-12-000020-index.htm",
        "finalLink": "https://www.sec.gov/Archives/edgar/data/314808/000031480812000020/form10k2011.htm"
    },
    {
        "date": "2011-09-30",
        "symbol": "VAL",
        "reportedCurrency": "USD",
        "cik": "0000314808",
        "fillingDate": "2011-11-03",
        "acceptedDate": "2011-11-03 13:26:47",
        "calendarYear": "2011",
        "period": "Q3",
        "revenue": 915600000,
        "costOfRevenue": 477500000,
        "grossProfit": 438100000,
        "grossProfitRatio": 0.4784840542,
        "researchAndDevelopmentExpenses": 0,
        "generalAndAdministrativeExpenses": 40800000,
        "sellingAndMarketingExpenses": 135800000,
        "sellingGeneralAndAdministrativeExpenses": 176600000,
        "otherExpenses": 0,
        "operatingExpenses": 176600000,
        "costAndExpenses": 654100000,
        "interestIncome": 6500000,
        "interestExpense": -24300000,
        "depreciationAndAmortization": 135800000,
        "ebitda": 261500000,
        "ebitdaratio": 0.2856050677,
        "operatingIncome": 261500000,
        "operatingIncomeRatio": 0.2856050677,
        "totalOtherIncomeExpensesNet": -13500000,
        "incomeBeforeTax": 248000000,
        "incomeBeforeTaxRatio": 0.2708606378,
        "incomeTaxExpense": 41900000,
        "netIncome": 204500000,
        "netIncomeRatio": 0.2233508082,
        "eps": 3.58,
        "epsdiluted": 3.58,
        "weightedAverageShsOut": 57200000,
        "weightedAverageShsOutDil": 57200000,
        "link": "https://www.sec.gov/Archives/edgar/data/314808/000031480811000087/0000314808-11-000087-index.htm",
        "finalLink": "https://www.sec.gov/Archives/edgar/data/314808/000031480811000087/form10q3rdqtr2011.htm"
    },
    {
        "date": "2011-06-30",
        "symbol": "VAL",
        "reportedCurrency": "USD",
        "cik": "0000314808",
        "fillingDate": "2011-08-09",
        "acceptedDate": "2011-08-09 13:05:29",
        "calendarYear": "2011",
        "period": "Q2",
        "revenue": 564200000,
        "costOfRevenue": 286300000,
        "grossProfit": 277900000,
        "grossProfitRatio": 0.4925558313,
        "researchAndDevelopmentExpenses": 0,
        "generalAndAdministrativeExpenses": 24400000,
        "sellingAndMarketingExpenses": 106500000,
        "sellingGeneralAndAdministrativeExpenses": 130900000,
        "otherExpenses": 0,
        "operatingExpenses": 130900000,
        "costAndExpenses": 417200000,
        "interestIncome": 0,
        "interestExpense": -17300000,
        "depreciationAndAmortization": 83500000,
        "ebitda": 193400000,
        "ebitdaratio": 0.342786246,
        "operatingIncome": 147000000,
        "operatingIncomeRatio": 0.2605459057,
        "totalOtherIncomeExpensesNet": -18100000,
        "incomeBeforeTax": 128900000,
        "incomeBeforeTaxRatio": 0.2284650833,
        "incomeTaxExpense": 25300000,
        "netIncome": 101900000,
        "netIncomeRatio": 0.1806097129,
        "eps": 2.39,
        "epsdiluted": 2.39,
        "weightedAverageShsOut": 42600000,
        "weightedAverageShsOutDil": 42600000,
        "link": "https://www.sec.gov/Archives/edgar/data/314808/000031480811000073/0000314808-11-000073-index.htm",
        "finalLink": "https://www.sec.gov/Archives/edgar/data/314808/000031480811000073/form10q2ndqtr2011.htm"
    },
    {
        "date": "2011-03-31",
        "symbol": "VAL",
        "reportedCurrency": "USD",
        "cik": "0000314808",
        "fillingDate": "2011-04-29",
        "acceptedDate": "2011-04-29 10:02:22",
        "calendarYear": "2011",
        "period": "Q1",
        "revenue": 361500000,
        "costOfRevenue": 191600000,
        "grossProfit": 169900000,
        "grossProfitRatio": 0.4699861687,
        "researchAndDevelopmentExpenses": 0,
        "generalAndAdministrativeExpenses": 22100000,
        "sellingAndMarketingExpenses": 67500000,
        "sellingGeneralAndAdministrativeExpenses": 89600000,
        "otherExpenses": 0,
        "operatingExpenses": 89600000,
        "costAndExpenses": 281200000,
        "interestIncome": 0,
        "interestExpense": -3900000,
        "depreciationAndAmortization": 59500000,
        "ebitda": 137200000,
        "ebitdaratio": 0.3795297372,
        "operatingIncome": 80300000,
        "operatingIncomeRatio": 0.2221300138,
        "totalOtherIncomeExpensesNet": 2200000,
        "incomeBeforeTax": 82500000,
        "incomeBeforeTaxRatio": 0.2282157676,
        "incomeTaxExpense": 17000000,
        "netIncome": 64600000,
        "netIncomeRatio": 0.1786998617,
        "eps": 1.82,
        "epsdiluted": 1.82,
        "weightedAverageShsOut": 35400000,
        "weightedAverageShsOutDil": 35400000,
        "link": "https://www.sec.gov/Archives/edgar/data/314808/000031480811000038/0000314808-11-000038-index.htm",
        "finalLink": "https://www.sec.gov/Archives/edgar/data/314808/000031480811000038/form10q1stqtr2011.htm"
    },
    {
        "date": "2010-12-31",
        "symbol": "VAL",
        "reportedCurrency": "USD",
        "cik": "0000314808",
        "fillingDate": "2011-02-24",
        "acceptedDate": "2011-02-24 13:33:43",
        "calendarYear": "2010",
        "period": "Q4",
        "revenue": 408500000,
        "costOfRevenue": 185600000,
        "grossProfit": 222900000,
        "grossProfitRatio": 0.5456548348,
        "researchAndDevelopmentExpenses": 0,
        "generalAndAdministrativeExpenses": 22900000,
        "sellingAndMarketingExpenses": 57100000,
        "sellingGeneralAndAdministrativeExpenses": 80000000,
        "otherExpenses": 0,
        "operatingExpenses": 80000000,
        "costAndExpenses": 265600000,
        "interestIncome": 0,
        "interestExpense": 200000,
        "depreciationAndAmortization": 51200000,
        "ebitda": 196200000,
        "ebitdaratio": 0.4802937576,
        "operatingIncome": 142900000,
        "operatingIncomeRatio": 0.3498164015,
        "totalOtherIncomeExpensesNet": -400000,
        "incomeBeforeTax": 142500000,
        "incomeBeforeTaxRatio": 0.3488372093,
        "incomeTaxExpense": 11900000,
        "netIncome": 132900000,
        "netIncomeRatio": 0.3253365973,
        "eps": 3.76,
        "epsdiluted": 3.76,
        "weightedAverageShsOut": 35300000,
        "weightedAverageShsOutDil": 35300000,
        "link": "https://www.sec.gov/Archives/edgar/data/314808/000031480811000016/0000314808-11-000016-index.htm",
        "finalLink": "https://www.sec.gov/Archives/edgar/data/314808/000031480811000016/form10k2010.htm"
    },
    {
        "date": "2010-09-30",
        "symbol": "VAL",
        "reportedCurrency": "USD",
        "cik": "0000314808",
        "fillingDate": "2010-10-21",
        "acceptedDate": "2010-10-21 12:39:49",
        "calendarYear": "2010",
        "period": "Q3",
        "revenue": 428300000,
        "costOfRevenue": 194100000,
        "grossProfit": 234200000,
        "grossProfitRatio": 0.5468129816,
        "researchAndDevelopmentExpenses": 0,
        "generalAndAdministrativeExpenses": 20600000,
        "sellingAndMarketingExpenses": 55600000,
        "sellingGeneralAndAdministrativeExpenses": 76200000,
        "otherExpenses": 0,
        "operatingExpenses": 76200000,
        "costAndExpenses": 270300000,
        "interestIncome": 0,
        "interestExpense": 200000,
        "depreciationAndAmortization": 55600000,
        "ebitda": 213000000,
        "ebitdaratio": 0.4973149661,
        "operatingIncome": 158000000,
        "operatingIncomeRatio": 0.3689003035,
        "totalOtherIncomeExpensesNet": 2700000,
        "incomeBeforeTax": 160700000,
        "incomeBeforeTaxRatio": 0.3752042961,
        "incomeTaxExpense": 26700000,
        "netIncome": 130500000,
        "netIncomeRatio": 0.3046929722,
        "eps": 3.7,
        "epsdiluted": 3.7,
        "weightedAverageShsOut": 35300000,
        "weightedAverageShsOutDil": 35300000,
        "link": "https://www.sec.gov/Archives/edgar/data/314808/000031480810000153/0000314808-10-000153-index.htm",
        "finalLink": "https://www.sec.gov/Archives/edgar/data/314808/000031480810000153/form10q3rdqtr2010.htm"
    },
    {
        "date": "2010-06-30",
        "symbol": "VAL",
        "reportedCurrency": "USD",
        "cik": "0000314808",
        "fillingDate": "2010-07-22",
        "acceptedDate": "2010-07-22 14:51:26",
        "calendarYear": "2010",
        "period": "Q2",
        "revenue": 411400000,
        "costOfRevenue": 206000000,
        "grossProfit": 205400000,
        "grossProfitRatio": 0.4992707827,
        "researchAndDevelopmentExpenses": 0,
        "generalAndAdministrativeExpenses": 22000000,
        "sellingAndMarketingExpenses": 52800000,
        "sellingGeneralAndAdministrativeExpenses": 74800000,
        "otherExpenses": 0,
        "operatingExpenses": 74800000,
        "costAndExpenses": 279900000,
        "interestIncome": 0,
        "interestExpense": 200000,
        "depreciationAndAmortization": 51900000,
        "ebitda": 200800000,
        "ebitdaratio": 0.4880894507,
        "operatingIncome": 131300000,
        "operatingIncomeRatio": 0.3191541079,
        "totalOtherIncomeExpensesNet": 13000000,
        "incomeBeforeTax": 144300000,
        "incomeBeforeTaxRatio": 0.3507535246,
        "incomeTaxExpense": 22400000,
        "netIncome": 126300000,
        "netIncomeRatio": 0.3070004861,
        "eps": 3.59,
        "epsdiluted": 3.59,
        "weightedAverageShsOut": 35200000,
        "weightedAverageShsOutDil": 35200000,
        "link": "https://www.sec.gov/Archives/edgar/data/314808/000031480810000114/0000314808-10-000114-index.htm",
        "finalLink": "https://www.sec.gov/Archives/edgar/data/314808/000031480810000114/form10q2ndqtr2010.htm"
    },
    {
        "date": "2010-03-31",
        "symbol": "VAL",
        "reportedCurrency": "USD",
        "cik": "0000314808",
        "fillingDate": "2010-04-22",
        "acceptedDate": "2010-04-22 14:51:30",
        "calendarYear": "2010",
        "period": "Q1",
        "revenue": 448600000,
        "costOfRevenue": 182400000,
        "grossProfit": 266200000,
        "grossProfitRatio": 0.5934016942,
        "researchAndDevelopmentExpenses": 0,
        "generalAndAdministrativeExpenses": 20600000,
        "sellingAndMarketingExpenses": 53900000,
        "sellingGeneralAndAdministrativeExpenses": 74500000,
        "otherExpenses": 0,
        "operatingExpenses": 74500000,
        "costAndExpenses": 254700000,
        "interestIncome": 0,
        "interestExpense": 100000,
        "depreciationAndAmortization": 51700000,
        "ebitda": 276600000,
        "ebitdaratio": 0.6165849309,
        "operatingIncome": 193800000,
        "operatingIncomeRatio": 0.4320107,
        "totalOtherIncomeExpensesNet": 3200000,
        "incomeBeforeTax": 197000000,
        "incomeBeforeTaxRatio": 0.4391440036,
        "incomeTaxExpense": 35000000,
        "netIncome": 189800000,
        "netIncomeRatio": 0.4230940704,
        "eps": 5.39,
        "epsdiluted": 5.39,
        "weightedAverageShsOut": 35200000,
        "weightedAverageShsOutDil": 35200000,
        "link": "https://www.sec.gov/Archives/edgar/data/314808/000031480810000055/0000314808-10-000055-index.htm",
        "finalLink": "https://www.sec.gov/Archives/edgar/data/314808/000031480810000055/form10q1stqtr2010.htm"
    },
    {
        "date": "2009-12-31",
        "symbol": "VAL",
        "reportedCurrency": "USD",
        "cik": "0000314808",
        "fillingDate": "2010-02-25",
        "acceptedDate": "2010-02-25 14:41:09",
        "calendarYear": "2009",
        "period": "Q4",
        "revenue": 497800000,
        "costOfRevenue": 175800000,
        "grossProfit": 322000000,
        "grossProfitRatio": 0.6468461229,
        "researchAndDevelopmentExpenses": 0,
        "generalAndAdministrativeExpenses": 22400000,
        "sellingAndMarketingExpenses": 56100000,
        "sellingGeneralAndAdministrativeExpenses": 78500000,
        "otherExpenses": 0,
        "operatingExpenses": 78500000,
        "costAndExpenses": 249800000,
        "interestIncome": 0,
        "interestExpense": 300000,
        "depreciationAndAmortization": 51600000,
        "ebitda": 310900000,
        "ebitdaratio": 0.6245480112,
        "operatingIncome": 248000000,
        "operatingIncomeRatio": 0.498192045,
        "totalOtherIncomeExpensesNet": 2600000,
        "incomeBeforeTax": 250600000,
        "incomeBeforeTaxRatio": 0.5034150261,
        "incomeTaxExpense": 50300000,
        "netIncome": 208700000,
        "netIncomeRatio": 0.4192446766,
        "eps": 5.93,
        "epsdiluted": 5.93,
        "weightedAverageShsOut": 35200000,
        "weightedAverageShsOutDil": 35200000,
        "link": "https://www.sec.gov/Archives/edgar/data/314808/000031480810000019/0000314808-10-000019-index.htm",
        "finalLink": "https://www.sec.gov/Archives/edgar/data/314808/000031480810000019/form10k2009.htm"
    },
    {
        "date": "2009-09-30",
        "symbol": "VAL",
        "reportedCurrency": "USD",
        "cik": "0000314808",
        "fillingDate": "2009-10-22",
        "acceptedDate": "2009-10-22 12:56:50",
        "calendarYear": "2009",
        "period": "Q3",
        "revenue": 408900000,
        "costOfRevenue": 175400000,
        "grossProfit": 233500000,
        "grossProfitRatio": 0.5710442651,
        "researchAndDevelopmentExpenses": 0,
        "generalAndAdministrativeExpenses": 13600000,
        "sellingAndMarketingExpenses": 53300000,
        "sellingGeneralAndAdministrativeExpenses": 66900000,
        "otherExpenses": 0,
        "operatingExpenses": 66900000,
        "costAndExpenses": 237900000,
        "interestIncome": 0,
        "interestExpense": 800000,
        "depreciationAndAmortization": 48300000,
        "ebitda": 228400000,
        "ebitdaratio": 0.5585717779,
        "operatingIncome": 171000000,
        "operatingIncomeRatio": 0.4181951577,
        "totalOtherIncomeExpensesNet": 3600000,
        "incomeBeforeTax": 174600000,
        "incomeBeforeTaxRatio": 0.4269992663,
        "incomeTaxExpense": 29600000,
        "netIncome": 149700000,
        "netIncomeRatio": 0.366104182,
        "eps": 4.25,
        "epsdiluted": 4.25,
        "weightedAverageShsOut": 35200000,
        "weightedAverageShsOutDil": 35200000,
        "link": "https://www.sec.gov/Archives/edgar/data/314808/000031480809000093/0000314808-09-000093-index.htm",
        "finalLink": "https://www.sec.gov/Archives/edgar/data/314808/000031480809000093/form10q3rdqtr2009.htm"
    },
    {
        "date": "2009-06-30",
        "symbol": "VAL",
        "reportedCurrency": "USD",
        "cik": "0000314808",
        "fillingDate": "2009-07-23",
        "acceptedDate": "2009-07-23 12:48:37",
        "calendarYear": "2009",
        "period": "Q2",
        "revenue": 498000000,
        "costOfRevenue": 203200000,
        "grossProfit": 294800000,
        "grossProfitRatio": 0.5919678715,
        "researchAndDevelopmentExpenses": 0,
        "generalAndAdministrativeExpenses": 16000000,
        "sellingAndMarketingExpenses": 49300000,
        "sellingGeneralAndAdministrativeExpenses": 65300000,
        "otherExpenses": 0,
        "operatingExpenses": 65300000,
        "costAndExpenses": 264400000,
        "interestIncome": 0,
        "interestExpense": 400000,
        "depreciationAndAmortization": 44500000,
        "ebitda": 291100000,
        "ebitdaratio": 0.5845381526,
        "operatingIncome": 233600000,
        "operatingIncomeRatio": 0.4690763052,
        "totalOtherIncomeExpensesNet": -28000000,
        "incomeBeforeTax": 240500000,
        "incomeBeforeTaxRatio": 0.4829317269,
        "incomeTaxExpense": 45900000,
        "netIncome": 200300000,
        "netIncomeRatio": 0.4022088353,
        "eps": 5.66,
        "epsdiluted": 5.66,
        "weightedAverageShsOut": 35400000,
        "weightedAverageShsOutDil": 35400000,
        "link": "https://www.sec.gov/Archives/edgar/data/314808/000031480809000067/0000314808-09-000067-index.htm",
        "finalLink": "https://www.sec.gov/Archives/edgar/data/314808/000031480809000067/form10q2ndqtr2009.htm"
    },
    {
        "date": "2009-03-31",
        "symbol": "VAL",
        "reportedCurrency": "USD",
        "cik": "0000314808",
        "fillingDate": "2009-04-23",
        "acceptedDate": "2009-04-23 15:43:21",
        "calendarYear": "2009",
        "period": "Q1",
        "revenue": 484200000,
        "costOfRevenue": 154600000,
        "grossProfit": 329600000,
        "grossProfitRatio": 0.6807104502,
        "researchAndDevelopmentExpenses": 0,
        "generalAndAdministrativeExpenses": 12000000,
        "sellingAndMarketingExpenses": 48000000,
        "sellingGeneralAndAdministrativeExpenses": 60000000,
        "otherExpenses": 0,
        "operatingExpenses": 60000000,
        "costAndExpenses": 210400000,
        "interestIncome": 0,
        "interestExpense": 700000,
        "depreciationAndAmortization": 45100000,
        "ebitda": 320700000,
        "ebitdaratio": 0.6623296159,
        "operatingIncome": 273800000,
        "operatingIncomeRatio": 0.5654688145,
        "totalOtherIncomeExpensesNet": -11400000,
        "incomeBeforeTax": 269500000,
        "incomeBeforeTaxRatio": 0.5565881867,
        "incomeTaxExpense": 54200000,
        "netIncome": 220700000,
        "netIncomeRatio": 0.455803387,
        "eps": 6.31,
        "epsdiluted": 6.31,
        "weightedAverageShsOut": 35000000,
        "weightedAverageShsOutDil": 35000000,
        "link": "https://www.sec.gov/Archives/edgar/data/314808/000031480809000029/0000314808-09-000029-index.htm",
        "finalLink": "https://www.sec.gov/Archives/edgar/data/314808/000031480809000029/form10q1stqtr2009.htm"
    },
    {
        "date": "2008-12-31",
        "symbol": "VAL",
        "reportedCurrency": "USD",
        "cik": "0000314808",
        "fillingDate": "2009-02-26",
        "acceptedDate": "2009-02-26 16:02:09",
        "calendarYear": "2008",
        "period": "Q4",
        "revenue": 604800000,
        "costOfRevenue": 185200000,
        "grossProfit": 419600000,
        "grossProfitRatio": 0.6937830688,
        "researchAndDevelopmentExpenses": 0,
        "generalAndAdministrativeExpenses": 12100000,
        "sellingAndMarketingExpenses": 47900000,
        "sellingGeneralAndAdministrativeExpenses": 60000000,
        "otherExpenses": 0,
        "operatingExpenses": 60000000,
        "costAndExpenses": 244400000,
        "interestIncome": 0,
        "interestExpense": 2100000,
        "depreciationAndAmortization": 33200000,
        "ebitda": 380400000,
        "ebitdaratio": 0.628968254,
        "operatingIncome": 360400000,
        "operatingIncomeRatio": 0.5958994709,
        "totalOtherIncomeExpensesNet": -14300000,
        "incomeBeforeTax": 351400000,
        "incomeBeforeTaxRatio": 0.5810185185,
        "incomeTaxExpense": 45300000,
        "netIncome": 299800000,
        "netIncomeRatio": 0.4957010582,
        "eps": 8.57,
        "epsdiluted": 8.57,
        "weightedAverageShsOut": 35000000,
        "weightedAverageShsOutDil": 35000000,
        "link": "https://www.sec.gov/Archives/edgar/data/314808/000031480809000015/0000314808-09-000015-index.htm",
        "finalLink": "https://www.sec.gov/Archives/edgar/data/314808/000031480809000015/form10k2008.htm"
    },
    {
        "date": "2008-09-30",
        "symbol": "VAL",
        "reportedCurrency": "USD",
        "cik": "0000314808",
        "fillingDate": "2008-10-23",
        "acceptedDate": "2008-10-23 14:28:28",
        "calendarYear": "2008",
        "period": "Q3",
        "revenue": 619500000,
        "costOfRevenue": 185200000,
        "grossProfit": 434300000,
        "grossProfitRatio": 0.7010492333,
        "researchAndDevelopmentExpenses": 0,
        "generalAndAdministrativeExpenses": 15200000,
        "sellingAndMarketingExpenses": 47700000,
        "sellingGeneralAndAdministrativeExpenses": 62900000,
        "otherExpenses": 0,
        "operatingExpenses": 62900000,
        "costAndExpenses": 247400000,
        "interestIncome": 0,
        "interestExpense": 3200000,
        "depreciationAndAmortization": 47000000,
        "ebitda": 379500000,
        "ebitdaratio": 0.612590799,
        "operatingIncome": 372100000,
        "operatingIncomeRatio": 0.600645682,
        "totalOtherIncomeExpensesNet": -6500000,
        "incomeBeforeTax": 365600000,
        "incomeBeforeTaxRatio": 0.5901533495,
        "incomeTaxExpense": 68800000,
        "netIncome": 282300000,
        "netIncomeRatio": 0.4556900726,
        "eps": 7.97,
        "epsdiluted": 7.97,
        "weightedAverageShsOut": 35400000,
        "weightedAverageShsOutDil": 35400000,
        "link": "https://www.sec.gov/Archives/edgar/data/314808/000031480808000084/0000314808-08-000084-index.htm",
        "finalLink": "https://www.sec.gov/Archives/edgar/data/314808/000031480808000084/form10q3rdqtr2008i.htm"
    },
    {
        "date": "2008-06-30",
        "symbol": "VAL",
        "reportedCurrency": "USD",
        "cik": "0000314808",
        "fillingDate": "2008-07-24",
        "acceptedDate": "2008-07-24 11:30:46",
        "calendarYear": "2008",
        "period": "Q2",
        "revenue": 609400000,
        "costOfRevenue": 203000000,
        "grossProfit": 406400000,
        "grossProfitRatio": 0.6668854611,
        "researchAndDevelopmentExpenses": 0,
        "generalAndAdministrativeExpenses": 13800000,
        "sellingAndMarketingExpenses": 48400000,
        "sellingGeneralAndAdministrativeExpenses": 62200000,
        "otherExpenses": 0,
        "operatingExpenses": 62200000,
        "costAndExpenses": 263500000,
        "interestIncome": 0,
        "interestExpense": 3700000,
        "depreciationAndAmortization": 46000000,
        "ebitda": 411000000,
        "ebitdaratio": 0.6744338694,
        "operatingIncome": 345900000,
        "operatingIncomeRatio": 0.5676074828,
        "totalOtherIncomeExpensesNet": 6800000,
        "incomeBeforeTax": 352700000,
        "incomeBeforeTaxRatio": 0.5787659993,
        "incomeTaxExpense": 64600000,
        "netIncome": 296700000,
        "netIncomeRatio": 0.4868723334,
        "eps": 8.29,
        "epsdiluted": 8.29,
        "weightedAverageShsOut": 35800000,
        "weightedAverageShsOutDil": 35800000,
        "link": "https://www.sec.gov/Archives/edgar/data/314808/000031480808000062/0000314808-08-000062-index.htm",
        "finalLink": "https://www.sec.gov/Archives/edgar/data/314808/000031480808000062/form10q2ndqtr2008.htm"
    },
    {
        "date": "2008-03-31",
        "symbol": "VAL",
        "reportedCurrency": "USD",
        "cik": "0000314808",
        "fillingDate": "2008-04-24",
        "acceptedDate": "2008-04-24 11:31:22",
        "calendarYear": "2008",
        "period": "Q1",
        "revenue": 559900000,
        "costOfRevenue": 178600000,
        "grossProfit": 381300000,
        "grossProfitRatio": 0.6810144669,
        "researchAndDevelopmentExpenses": 0,
        "generalAndAdministrativeExpenses": 12700000,
        "sellingAndMarketingExpenses": 47500000,
        "sellingGeneralAndAdministrativeExpenses": 60200000,
        "otherExpenses": 0,
        "operatingExpenses": 60200000,
        "costAndExpenses": 237000000,
        "interestIncome": 0,
        "interestExpense": 5000000,
        "depreciationAndAmortization": 46400000,
        "ebitda": 382000000,
        "ebitdaratio": 0.6822646901,
        "operatingIncome": 322900000,
        "operatingIncomeRatio": 0.5767101268,
        "totalOtherIncomeExpensesNet": -2000000,
        "incomeBeforeTax": 327400000,
        "incomeBeforeTaxRatio": 0.5847472763,
        "incomeTaxExpense": 58600000,
        "netIncome": 272000000,
        "netIncomeRatio": 0.4858010359,
        "eps": 7.6,
        "epsdiluted": 7.6,
        "weightedAverageShsOut": 35800000,
        "weightedAverageShsOutDil": 35800000,
        "link": "https://www.sec.gov/Archives/edgar/data/314808/000031480808000023/0000314808-08-000023-index.htm",
        "finalLink": "https://www.sec.gov/Archives/edgar/data/314808/000031480808000023/form10q1stqtr2008.htm"
    },
    {
        "date": "2007-12-31",
        "symbol": "VAL",
        "reportedCurrency": "USD",
        "cik": "0000314808",
        "fillingDate": "2008-02-26",
        "acceptedDate": "2008-02-26 11:31:22",
        "calendarYear": "2007",
        "period": "Q4",
        "revenue": 517700000,
        "costOfRevenue": 170600000,
        "grossProfit": 347100000,
        "grossProfitRatio": 0.6704655206,
        "researchAndDevelopmentExpenses": 0,
        "generalAndAdministrativeExpenses": 12900000,
        "sellingAndMarketingExpenses": 45300000,
        "sellingGeneralAndAdministrativeExpenses": 58200000,
        "otherExpenses": 0,
        "operatingExpenses": 58200000,
        "costAndExpenses": 227700000,
        "interestIncome": 0,
        "interestExpense": 6700000,
        "depreciationAndAmortization": 41500000,
        "ebitda": 353500000,
        "ebitdaratio": 0.6828278926,
        "operatingIncome": 290000000,
        "operatingIncomeRatio": 0.5601699826,
        "totalOtherIncomeExpensesNet": -27600000,
        "incomeBeforeTax": 300600000,
        "incomeBeforeTaxRatio": 0.5806451613,
        "incomeTaxExpense": 66700000,
        "netIncome": 238600000,
        "netIncomeRatio": 0.4608846822,
        "eps": 6.63,
        "epsdiluted": 6.63,
        "weightedAverageShsOut": 36000000,
        "weightedAverageShsOutDil": 36000000,
        "link": "https://www.sec.gov/Archives/edgar/data/314808/000031480808000012/0000314808-08-000012-index.htm",
        "finalLink": "https://www.sec.gov/Archives/edgar/data/314808/000031480808000012/form10k2007.htm"
    },
    {
        "date": "2007-09-30",
        "symbol": "VAL",
        "reportedCurrency": "USD",
        "cik": "0000314808",
        "fillingDate": "2007-10-25",
        "acceptedDate": "2007-10-25 11:31:49",
        "calendarYear": "2007",
        "period": "Q3",
        "revenue": 536400000,
        "costOfRevenue": 175500000,
        "grossProfit": 360900000,
        "grossProfitRatio": 0.6728187919,
        "researchAndDevelopmentExpenses": 0,
        "generalAndAdministrativeExpenses": 11500000,
        "sellingAndMarketingExpenses": 47100000,
        "sellingGeneralAndAdministrativeExpenses": 58600000,
        "otherExpenses": 0,
        "operatingExpenses": 58600000,
        "costAndExpenses": 233200000,
        "interestIncome": 0,
        "interestExpense": 7100000,
        "depreciationAndAmortization": 44100000,
        "ebitda": 371500000,
        "ebitdaratio": 0.6925801641,
        "operatingIncome": 303200000,
        "operatingIncomeRatio": 0.5652498136,
        "totalOtherIncomeExpensesNet": 9800000,
        "incomeBeforeTax": 313000000,
        "incomeBeforeTaxRatio": 0.5835197614,
        "incomeTaxExpense": 53600000,
        "netIncome": 266700000,
        "netIncomeRatio": 0.4972035794,
        "eps": 7.27,
        "epsdiluted": 7.27,
        "weightedAverageShsOut": 36700000,
        "weightedAverageShsOutDil": 36700000,
        "link": "https://www.sec.gov/Archives/edgar/data/314808/000031480807000074/0000314808-07-000074-index.htm",
        "finalLink": "https://www.sec.gov/Archives/edgar/data/314808/000031480807000074/form10q3rdqtr2007.htm"
    },
    {
        "date": "2007-06-30",
        "symbol": "VAL",
        "reportedCurrency": "USD",
        "cik": "0000314808",
        "fillingDate": "2007-07-24",
        "acceptedDate": "2007-07-24 11:34:19",
        "calendarYear": "2007",
        "period": "Q2",
        "revenue": 520400000,
        "costOfRevenue": 162300000,
        "grossProfit": 358100000,
        "grossProfitRatio": 0.6881245196,
        "researchAndDevelopmentExpenses": 0,
        "generalAndAdministrativeExpenses": 19100000,
        "sellingAndMarketingExpenses": 46800000,
        "sellingGeneralAndAdministrativeExpenses": 65900000,
        "otherExpenses": 0,
        "operatingExpenses": 65900000,
        "costAndExpenses": 226100000,
        "interestIncome": 0,
        "interestExpense": 5500000,
        "depreciationAndAmortization": 46800000,
        "ebitda": 367200000,
        "ebitdaratio": 0.7056110684,
        "operatingIncome": 294300000,
        "operatingIncomeRatio": 0.5655265181,
        "totalOtherIncomeExpensesNet": 7800000,
        "incomeBeforeTax": 302100000,
        "incomeBeforeTaxRatio": 0.5805149885,
        "incomeTaxExpense": 60500000,
        "netIncome": 254400000,
        "netIncomeRatio": 0.4888547271,
        "eps": 6.73,
        "epsdiluted": 6.73,
        "weightedAverageShsOut": 37800000,
        "weightedAverageShsOutDil": 37800000,
        "link": "https://www.sec.gov/Archives/edgar/data/314808/000031480807000052/0000314808-07-000052-index.htm",
        "finalLink": "https://www.sec.gov/Archives/edgar/data/314808/000031480807000052/form10q2ndqtr2007.htm"
    },
    {
        "date": "2007-03-31",
        "symbol": "VAL",
        "reportedCurrency": "USD",
        "cik": "0000314808",
        "fillingDate": "2007-04-24",
        "acceptedDate": "2007-04-24 13:23:03",
        "calendarYear": "2007",
        "period": "Q1",
        "revenue": 514100000,
        "costOfRevenue": 162800000,
        "grossProfit": 351300000,
        "grossProfitRatio": 0.6833300914,
        "researchAndDevelopmentExpenses": 0,
        "generalAndAdministrativeExpenses": 16000000,
        "sellingAndMarketingExpenses": 45100000,
        "sellingGeneralAndAdministrativeExpenses": 61100000,
        "otherExpenses": 0,
        "operatingExpenses": 61100000,
        "costAndExpenses": 223900000,
        "interestIncome": 0,
        "interestExpense": 1000000,
        "depreciationAndAmortization": 45100000,
        "ebitda": 345900000,
        "ebitdaratio": 0.6728262984,
        "operatingIncome": 290200000,
        "operatingIncomeRatio": 0.5644816184,
        "totalOtherIncomeExpensesNet": 9600000,
        "incomeBeforeTax": 299800000,
        "incomeBeforeTaxRatio": 0.5831550282,
        "incomeTaxExpense": 67500000,
        "netIncome": 232300000,
        "netIncomeRatio": 0.4518576152,
        "eps": 6.16,
        "epsdiluted": 6.16,
        "weightedAverageShsOut": 37700000,
        "weightedAverageShsOutDil": 37700000,
        "link": "https://www.sec.gov/Archives/edgar/data/314808/000031480807000032/0000314808-07-000032-index.htm",
        "finalLink": "https://www.sec.gov/Archives/edgar/data/314808/000031480807000032/form10q1stqtr2007.htm"
    },
    {
        "date": "2006-12-31",
        "symbol": "VAL",
        "reportedCurrency": "USD",
        "cik": "0000314808",
        "fillingDate": "2007-02-22",
        "acceptedDate": "2007-02-22 11:24:30",
        "calendarYear": "2006",
        "period": "Q4",
        "revenue": 470600000,
        "costOfRevenue": 151900000,
        "grossProfit": 318700000,
        "grossProfitRatio": 0.6772205695,
        "researchAndDevelopmentExpenses": 0,
        "generalAndAdministrativeExpenses": 12400000,
        "sellingAndMarketingExpenses": 43500000,
        "sellingGeneralAndAdministrativeExpenses": 55900000,
        "otherExpenses": 0,
        "operatingExpenses": 55900000,
        "costAndExpenses": 208900000,
        "interestIncome": 0,
        "interestExpense": 3000000,
        "depreciationAndAmortization": 40700000,
        "ebitda": -459500000,
        "ebitdaratio": -0.9764130897,
        "operatingIncome": 261700000,
        "operatingIncomeRatio": 0.5560985975,
        "totalOtherIncomeExpensesNet": 1700000,
        "incomeBeforeTax": 263400000,
        "incomeBeforeTaxRatio": 0.5597110072,
        "incomeTaxExpense": 57700000,
        "netIncome": 210400000,
        "netIncomeRatio": 0.4470888228,
        "eps": 5.54,
        "epsdiluted": 5.54,
        "weightedAverageShsOut": 38000000,
        "weightedAverageShsOutDil": 38000000,
        "link": "https://www.sec.gov/Archives/edgar/data/314808/000031480807000012/0000314808-07-000012-index.htm",
        "finalLink": "https://www.sec.gov/Archives/edgar/data/314808/000031480807000012/form10k2006.htm"
    },
    {
        "date": "2006-09-30",
        "symbol": "VAL",
        "reportedCurrency": "USD",
        "cik": "0000314808",
        "fillingDate": "2006-10-24",
        "acceptedDate": "2006-10-24 17:20:51",
        "calendarYear": "2006",
        "period": "Q3",
        "revenue": 486100000,
        "costOfRevenue": 150500000,
        "grossProfit": 335600000,
        "grossProfitRatio": 0.6903929233,
        "researchAndDevelopmentExpenses": 0,
        "generalAndAdministrativeExpenses": 11300000,
        "sellingAndMarketingExpenses": 44700000,
        "sellingGeneralAndAdministrativeExpenses": 56000000,
        "otherExpenses": 0,
        "operatingExpenses": 56000000,
        "costAndExpenses": 206100000,
        "interestIncome": 0,
        "interestExpense": 4000000,
        "depreciationAndAmortization": 44300000,
        "ebitda": 301900000,
        "ebitdaratio": 0.6210656244,
        "operatingIncome": 280000000,
        "operatingIncomeRatio": 0.576013166,
        "totalOtherIncomeExpensesNet": -600000,
        "incomeBeforeTax": 279400000,
        "incomeBeforeTaxRatio": 0.5747788521,
        "incomeTaxExpense": 64700000,
        "netIncome": 214800000,
        "netIncomeRatio": 0.4418843859,
        "eps": 5.61,
        "epsdiluted": 5.61,
        "weightedAverageShsOut": 38300000,
        "weightedAverageShsOutDil": 38300000,
        "link": "https://www.sec.gov/Archives/edgar/data/314808/000031480806000082/0000314808-06-000082-index.htm",
        "finalLink": "https://www.sec.gov/Archives/edgar/data/314808/000031480806000082/form10q3rdqtr2006.htm"
    },
    {
        "date": "2006-06-30",
        "symbol": "VAL",
        "reportedCurrency": "USD",
        "cik": "0000314808",
        "fillingDate": "2006-07-25",
        "acceptedDate": "2006-07-25 17:11:50",
        "calendarYear": "2006",
        "period": "Q2",
        "revenue": 475200000,
        "costOfRevenue": 146400000,
        "grossProfit": 328800000,
        "grossProfitRatio": 0.6919191919,
        "researchAndDevelopmentExpenses": 0,
        "generalAndAdministrativeExpenses": 10500000,
        "sellingAndMarketingExpenses": 44400000,
        "sellingGeneralAndAdministrativeExpenses": 54900000,
        "otherExpenses": 0,
        "operatingExpenses": 54900000,
        "costAndExpenses": 201000000,
        "interestIncome": 0,
        "interestExpense": 5000000,
        "depreciationAndAmortization": 44100000,
        "ebitda": 313600000,
        "ebitdaratio": 0.6599326599,
        "operatingIncome": 274200000,
        "operatingIncomeRatio": 0.577020202,
        "totalOtherIncomeExpensesNet": -2200000,
        "incomeBeforeTax": 270800000,
        "incomeBeforeTaxRatio": 0.5698653199,
        "incomeTaxExpense": 76800000,
        "netIncome": 194700000,
        "netIncomeRatio": 0.4097222222,
        "eps": 5.07,
        "epsdiluted": 5.07,
        "weightedAverageShsOut": 38400000,
        "weightedAverageShsOutDil": 38400000,
        "link": "https://www.sec.gov/Archives/edgar/data/314808/000031480806000059/0000314808-06-000059-index.htm",
        "finalLink": "https://www.sec.gov/Archives/edgar/data/314808/000031480806000059/form10q2ndqtr2006.htm"
    },
    {
        "date": "2006-03-31",
        "symbol": "VAL",
        "reportedCurrency": "USD",
        "cik": "0000314808",
        "fillingDate": "2006-04-25",
        "acceptedDate": "2006-04-25 17:23:25",
        "calendarYear": "2006",
        "period": "Q1",
        "revenue": 381600000,
        "costOfRevenue": 127900000,
        "grossProfit": 253700000,
        "grossProfitRatio": 0.6648322851,
        "researchAndDevelopmentExpenses": 0,
        "generalAndAdministrativeExpenses": 10400000,
        "sellingAndMarketingExpenses": 42400000,
        "sellingGeneralAndAdministrativeExpenses": 52800000,
        "otherExpenses": 0,
        "operatingExpenses": 52800000,
        "costAndExpenses": 180300000,
        "interestIncome": 0,
        "interestExpense": 4000000,
        "depreciationAndAmortization": 42000000,
        "ebitda": 236900000,
        "ebitdaratio": 0.6208071279,
        "operatingIncome": 201300000,
        "operatingIncomeRatio": 0.5275157233,
        "totalOtherIncomeExpensesNet": -3600000,
        "incomeBeforeTax": 197700000,
        "incomeBeforeTaxRatio": 0.518081761,
        "incomeTaxExpense": 53500000,
        "netIncome": 149800000,
        "netIncomeRatio": 0.392557652,
        "eps": 3.9,
        "epsdiluted": 3.9,
        "weightedAverageShsOut": 38400000,
        "weightedAverageShsOutDil": 38400000,
        "link": "https://www.sec.gov/Archives/edgar/data/314808/000031480806000040/0000314808-06-000040-index.htm",
        "finalLink": "https://www.sec.gov/Archives/edgar/data/314808/000031480806000040/form10q1stqtr2006.htm"
    },
    {
        "date": "2005-12-31",
        "symbol": "VAL",
        "reportedCurrency": "USD",
        "cik": "0000314808",
        "fillingDate": "2006-09-15",
        "acceptedDate": "2006-09-15 16:30:05",
        "calendarYear": "2005",
        "period": "Q4",
        "revenue": 311300000,
        "costOfRevenue": 123500000,
        "grossProfit": 187800000,
        "grossProfitRatio": 0.6032765821,
        "researchAndDevelopmentExpenses": 0,
        "generalAndAdministrativeExpenses": 8100000,
        "sellingAndMarketingExpenses": 37600000,
        "sellingGeneralAndAdministrativeExpenses": 45700000,
        "otherExpenses": 0,
        "operatingExpenses": 45700000,
        "costAndExpenses": 172300000,
        "interestIncome": 0,
        "interestExpense": 6000000,
        "depreciationAndAmortization": 39600000,
        "ebitda": 172700000,
        "ebitdaratio": 0.554770318,
        "operatingIncome": 139000000,
        "operatingIncomeRatio": 0.4465146161,
        "totalOtherIncomeExpensesNet": -4900000,
        "incomeBeforeTax": 134100000,
        "incomeBeforeTaxRatio": 0.4307741728,
        "incomeTaxExpense": 34000000,
        "netIncome": 103600000,
        "netIncomeRatio": 0.3327979441,
        "eps": 2.7,
        "epsdiluted": 2.7,
        "weightedAverageShsOut": 38400000,
        "weightedAverageShsOutDil": 38400000,
        "link": "https://www.sec.gov/Archives/edgar/data/314808/000031480806000069/0000314808-06-000069-index.htm",
        "finalLink": "https://www.sec.gov/Archives/edgar/data/314808/000031480806000069/form10ka2005.htm"
    },
    {
        "date": "2005-09-30",
        "symbol": "VAL",
        "reportedCurrency": "USD",
        "cik": "0000314808",
        "fillingDate": "2005-10-25",
        "acceptedDate": "2005-10-25 17:03:29",
        "calendarYear": "2005",
        "period": "Q3",
        "revenue": 271600000,
        "costOfRevenue": 114800000,
        "grossProfit": 156800000,
        "grossProfitRatio": 0.5773195876,
        "researchAndDevelopmentExpenses": 0,
        "generalAndAdministrativeExpenses": 8100000,
        "sellingAndMarketingExpenses": 38400000,
        "sellingGeneralAndAdministrativeExpenses": 46500000,
        "otherExpenses": 0,
        "operatingExpenses": 46500000,
        "costAndExpenses": 161700000,
        "interestIncome": 0,
        "interestExpense": 7000000,
        "depreciationAndAmortization": 39100000,
        "ebitda": 136700000,
        "ebitdaratio": 0.5033136966,
        "operatingIncome": 109900000,
        "operatingIncomeRatio": 0.4046391753,
        "totalOtherIncomeExpensesNet": -6500000,
        "incomeBeforeTax": 105000000,
        "incomeBeforeTaxRatio": 0.3865979381,
        "incomeTaxExpense": 28000000,
        "netIncome": 74300000,
        "netIncomeRatio": 0.2735640648,
        "eps": 1.96,
        "epsdiluted": 1.96,
        "weightedAverageShsOut": 37900000,
        "weightedAverageShsOutDil": 37900000,
        "link": "https://www.sec.gov/Archives/edgar/data/314808/000031480805000056/0000314808-05-000056-index.htm",
        "finalLink": "https://www.sec.gov/Archives/edgar/data/314808/000031480805000056/form10q3rdqtr2005.htm"
    },
    {
        "date": "2005-06-30",
        "symbol": "VAL",
        "reportedCurrency": "USD",
        "cik": "0000314808",
        "fillingDate": "2005-07-27",
        "acceptedDate": "2005-07-26 18:05:46",
        "calendarYear": "2005",
        "period": "Q2",
        "revenue": 243000000,
        "costOfRevenue": 108700000,
        "grossProfit": 134300000,
        "grossProfitRatio": 0.5526748971,
        "researchAndDevelopmentExpenses": 0,
        "generalAndAdministrativeExpenses": 7800000,
        "sellingAndMarketingExpenses": 37100000,
        "sellingGeneralAndAdministrativeExpenses": 44900000,
        "otherExpenses": 0,
        "operatingExpenses": 44900000,
        "costAndExpenses": 154300000,
        "interestIncome": 0,
        "interestExpense": 8000000,
        "depreciationAndAmortization": 38100000,
        "ebitda": 123500000,
        "ebitdaratio": 0.5082304527,
        "operatingIncome": 88700000,
        "operatingIncomeRatio": 0.3650205761,
        "totalOtherIncomeExpensesNet": -4200000,
        "incomeBeforeTax": 80600000,
        "incomeBeforeTaxRatio": 0.3316872428,
        "incomeTaxExpense": 24100000,
        "netIncome": 67700000,
        "netIncomeRatio": 0.278600823,
        "eps": 1.8,
        "epsdiluted": 1.8,
        "weightedAverageShsOut": 37600000,
        "weightedAverageShsOutDil": 37600000,
        "link": "https://www.sec.gov/Archives/edgar/data/314808/000031480805000040/0000314808-05-000040-index.htm",
        "finalLink": "https://www.sec.gov/Archives/edgar/data/314808/000031480805000040/form10q2ndqtr2005.htm"
    },
    {
        "date": "2005-03-31",
        "symbol": "VAL",
        "reportedCurrency": "USD",
        "cik": "0000314808",
        "fillingDate": "2005-04-26",
        "acceptedDate": "2005-04-26 17:27:34",
        "calendarYear": "2005",
        "period": "Q1",
        "revenue": 208400000,
        "costOfRevenue": 107400000,
        "grossProfit": 101000000,
        "grossProfitRatio": 0.4846449136,
        "researchAndDevelopmentExpenses": 0,
        "generalAndAdministrativeExpenses": 8000000,
        "sellingAndMarketingExpenses": 36500000,
        "sellingGeneralAndAdministrativeExpenses": 44500000,
        "otherExpenses": 0,
        "operatingExpenses": 44500000,
        "costAndExpenses": 151500000,
        "interestIncome": 0,
        "interestExpense": 7000000,
        "depreciationAndAmortization": 36600000,
        "ebitda": 97300000,
        "ebitdaratio": 0.466890595,
        "operatingIncome": 56900000,
        "operatingIncomeRatio": 0.2730326296,
        "totalOtherIncomeExpensesNet": -6100000,
        "incomeBeforeTax": 50800000,
        "incomeBeforeTaxRatio": 0.2437619962,
        "incomeTaxExpense": 14400000,
        "netIncome": 39300000,
        "netIncomeRatio": 0.1885796545,
        "eps": 1.04,
        "epsdiluted": 1.04,
        "weightedAverageShsOut": 37800000,
        "weightedAverageShsOutDil": 37800000,
        "link": "https://www.sec.gov/Archives/edgar/data/314808/000031480805000022/0000314808-05-000022-index.htm",
        "finalLink": "https://www.sec.gov/Archives/edgar/data/314808/000031480805000022/form10q1stqtr2005.htm"
    },
    {
        "date": "2004-12-31",
        "symbol": "VAL",
        "reportedCurrency": "USD",
        "cik": "0000314808",
        "fillingDate": "2005-02-23",
        "acceptedDate": "2005-02-23 17:14:52",
        "calendarYear": "2004",
        "period": "Q4",
        "revenue": 204600000,
        "costOfRevenue": 101800000,
        "grossProfit": 102800000,
        "grossProfitRatio": 0.5024437928,
        "researchAndDevelopmentExpenses": 0,
        "generalAndAdministrativeExpenses": 6400000,
        "sellingAndMarketingExpenses": 36500000,
        "sellingGeneralAndAdministrativeExpenses": 42900000,
        "otherExpenses": 0,
        "operatingExpenses": 42900000,
        "costAndExpenses": 143100000,
        "interestIncome": 0,
        "interestExpense": 8000000,
        "depreciationAndAmortization": 31000000,
        "ebitda": 92500000,
        "ebitdaratio": 0.4521016618,
        "operatingIncome": 61500000,
        "operatingIncomeRatio": 0.3005865103,
        "totalOtherIncomeExpensesNet": -7200000,
        "incomeBeforeTax": 54300000,
        "incomeBeforeTaxRatio": 0.2653958944,
        "incomeTaxExpense": 15000000,
        "netIncome": 38500000,
        "netIncomeRatio": 0.188172043,
        "eps": 1.02,
        "epsdiluted": 1.02,
        "weightedAverageShsOut": 37700000,
        "weightedAverageShsOutDil": 37700000,
        "link": "https://www.sec.gov/Archives/edgar/data/314808/000031480805000010/0000314808-05-000010-index.htm",
        "finalLink": "https://www.sec.gov/Archives/edgar/data/314808/000031480805000010/form10k2004.htm"
    },
    {
        "date": "2004-10-29",
        "symbol": "VAL",
        "reportedCurrency": "USD",
        "cik": "0000314808",
        "fillingDate": "2005-01-12",
        "acceptedDate": "2005-01-12 11:34:24",
        "calendarYear": "2004",
        "period": "Q3",
        "revenue": 187000000,
        "costOfRevenue": 99400000,
        "grossProfit": 87600000,
        "grossProfitRatio": 0.4684491979,
        "researchAndDevelopmentExpenses": 0,
        "generalAndAdministrativeExpenses": 6800000,
        "sellingAndMarketingExpenses": 36000000,
        "sellingGeneralAndAdministrativeExpenses": 42800000,
        "otherExpenses": 0,
        "operatingExpenses": 42800000,
        "costAndExpenses": 138300000,
        "interestIncome": 0,
        "interestExpense": 9000000,
        "depreciationAndAmortization": 34300000,
        "ebitda": 78000000,
        "ebitdaratio": 0.4171122995,
        "operatingIncome": 48700000,
        "operatingIncomeRatio": 0.2604278075,
        "totalOtherIncomeExpensesNet": -9200000,
        "incomeBeforeTax": 39500000,
        "incomeBeforeTaxRatio": 0.2112299465,
        "incomeTaxExpense": 8900000,
        "netIncome": 25800000,
        "netIncomeRatio": 0.1379679144,
        "eps": 0.68,
        "epsdiluted": 0.68,
        "weightedAverageShsOut": 37800000,
        "weightedAverageShsOutDil": 37800000,
        "link": "https://www.sec.gov/Archives/edgar/data/102741/000089710105000085/0000897101-05-000085-index.html",
        "finalLink": "https://www.sec.gov/Archives/edgar/data/102741/000089710105000085/valspar050098_10k.htm"
    },
    {
        "date": "2004-07-30",
        "symbol": "VAL",
        "reportedCurrency": "USD",
        "cik": "0000314808",
        "fillingDate": "2004-09-13",
        "acceptedDate": "2004-09-13 08:59:12",
        "calendarYear": "2004",
        "period": "Q2",
        "revenue": 170900000,
        "costOfRevenue": 102100000,
        "grossProfit": 68800000,
        "grossProfitRatio": 0.402574605,
        "researchAndDevelopmentExpenses": 0,
        "generalAndAdministrativeExpenses": 7400000,
        "sellingAndMarketingExpenses": 36000000,
        "sellingGeneralAndAdministrativeExpenses": 43400000,
        "otherExpenses": 0,
        "operatingExpenses": 43400000,
        "costAndExpenses": 143600000,
        "interestIncome": 0,
        "interestExpense": 9000000,
        "depreciationAndAmortization": 32100000,
        "ebitda": 63000000,
        "ebitdaratio": 0.3686366296,
        "operatingIncome": 27300000,
        "operatingIncomeRatio": 0.1597425395,
        "totalOtherIncomeExpensesNet": -11600000,
        "incomeBeforeTax": 19400000,
        "incomeBeforeTaxRatio": 0.1135166764,
        "incomeTaxExpense": 4400000,
        "netIncome": 17500000,
        "netIncomeRatio": 0.1023990638,
        "eps": 0.46,
        "epsdiluted": 0.46,
        "weightedAverageShsOut": 37700000,
        "weightedAverageShsOutDil": 37700000,
        "link": "https://www.sec.gov/Archives/edgar/data/102741/000089710104001876/0000897101-04-001876-index.html",
        "finalLink": "https://www.sec.gov/Archives/edgar/data/102741/000089710104001876/valspar044290_10q.htm"
    },
    {
        "date": "2004-04-30",
        "symbol": "VAL",
        "reportedCurrency": "USD",
        "cik": "0000314808",
        "fillingDate": "2004-06-14",
        "acceptedDate": "2004-06-14 12:24:45",
        "calendarYear": "2004",
        "period": "Q1",
        "revenue": 178100000,
        "costOfRevenue": 102800000,
        "grossProfit": 75300000,
        "grossProfitRatio": 0.4227961819,
        "researchAndDevelopmentExpenses": 0,
        "generalAndAdministrativeExpenses": 5700000,
        "sellingAndMarketingExpenses": 35600000,
        "sellingGeneralAndAdministrativeExpenses": 41300000,
        "otherExpenses": 0,
        "operatingExpenses": 41300000,
        "costAndExpenses": 142100000,
        "interestIncome": 0,
        "interestExpense": 10000000,
        "depreciationAndAmortization": 35600000,
        "ebitda": 73500000,
        "ebitdaratio": 0.4126895003,
        "operatingIncome": 36000000,
        "operatingIncomeRatio": 0.2021336328,
        "totalOtherIncomeExpensesNet": -9300000,
        "incomeBeforeTax": 26700000,
        "incomeBeforeTaxRatio": 0.1499157777,
        "incomeTaxExpense": 6900000,
        "netIncome": 21000000,
        "netIncomeRatio": 0.1179112858,
        "eps": 0.56,
        "epsdiluted": 0.56,
        "weightedAverageShsOut": 37700000,
        "weightedAverageShsOutDil": 37700000,
        "link": "https://www.sec.gov/Archives/edgar/data/102741/000089710104001137/0000897101-04-001137-index.html",
        "finalLink": "https://www.sec.gov/Archives/edgar/data/102741/000089710104001137/valspar042919_10q.htm"
    },
    {
        "date": "2003-12-31",
        "symbol": "VAL",
        "reportedCurrency": "USD",
        "cik": "0000314808",
        "fillingDate": "2004-03-05",
        "acceptedDate": "2004-03-04 18:06:53",
        "calendarYear": "2003",
        "period": "Q4",
        "revenue": 196700000,
        "costOfRevenue": 113900000,
        "grossProfit": 82800000,
        "grossProfitRatio": 0.4209456024,
        "researchAndDevelopmentExpenses": 0,
        "generalAndAdministrativeExpenses": 6100000,
        "sellingAndMarketingExpenses": 34400000,
        "sellingGeneralAndAdministrativeExpenses": 40500000,
        "otherExpenses": 0,
        "operatingExpenses": 40500000,
        "costAndExpenses": 153200000,
        "interestIncome": 0,
        "interestExpense": 9000000,
        "depreciationAndAmortization": 22500000,
        "ebitda": 68200000,
        "ebitdaratio": 0.3467208948,
        "operatingIncome": 43500000,
        "operatingIncomeRatio": 0.2211489578,
        "totalOtherIncomeExpensesNet": -6500000,
        "incomeBeforeTax": 37000000,
        "incomeBeforeTaxRatio": 0.1881037112,
        "incomeTaxExpense": 10200000,
        "netIncome": 26500000,
        "netIncomeRatio": 0.1347229283,
        "eps": 0.7,
        "epsdiluted": 0.7,
        "weightedAverageShsOut": 37600000,
        "weightedAverageShsOutDil": 37600000,
        "link": "https://www.sec.gov/Archives/edgar/data/314808/000031480804000017/0000314808-04-000017-index.htm",
        "finalLink": "https://www.sec.gov/Archives/edgar/data/314808/000031480804000017/form10k2003.htm"
    },
    {
        "date": "2003-10-31",
        "symbol": "VAL",
        "reportedCurrency": "USD",
        "cik": "0000314808",
        "fillingDate": "2004-01-23",
        "acceptedDate": "2004-01-23 15:21:06",
        "calendarYear": "2003",
        "period": "Q3",
        "revenue": 197300000,
        "costOfRevenue": 112800000,
        "grossProfit": 84500000,
        "grossProfitRatio": 0.4282818044,
        "researchAndDevelopmentExpenses": 0,
        "generalAndAdministrativeExpenses": 5200000,
        "sellingAndMarketingExpenses": 33700000,
        "sellingGeneralAndAdministrativeExpenses": 38900000,
        "otherExpenses": 0,
        "operatingExpenses": 38900000,
        "costAndExpenses": 150600000,
        "interestIncome": 0,
        "interestExpense": 9000000,
        "depreciationAndAmortization": 32600000,
        "ebitda": 80700000,
        "ebitdaratio": 0.4090217942,
        "operatingIncome": 46700000,
        "operatingIncomeRatio": 0.2366953877,
        "totalOtherIncomeExpensesNet": -7200000,
        "incomeBeforeTax": 39500000,
        "incomeBeforeTaxRatio": 0.2002027369,
        "incomeTaxExpense": 11300000,
        "netIncome": 27800000,
        "netIncomeRatio": 0.1409021794,
        "eps": 0.74,
        "epsdiluted": 0.74,
        "weightedAverageShsOut": 37600000,
        "weightedAverageShsOutDil": 37600000,
        "link": "https://www.sec.gov/Archives/edgar/data/102741/000089710104000138/0000897101-04-000138-index.html",
        "finalLink": "https://www.sec.gov/Archives/edgar/data/102741/000089710104000138/valspar040210_10k.htm"
    },
    {
        "date": "2003-07-25",
        "symbol": "VAL",
        "reportedCurrency": "USD",
        "cik": "0000314808",
        "fillingDate": "2003-09-08",
        "acceptedDate": "2003-09-08 12:31:42",
        "calendarYear": "2003",
        "period": "Q2",
        "revenue": 194300000,
        "costOfRevenue": 109000000,
        "grossProfit": 85300000,
        "grossProfitRatio": 0.4390118374,
        "researchAndDevelopmentExpenses": 0,
        "generalAndAdministrativeExpenses": 4800000,
        "sellingAndMarketingExpenses": 33900000,
        "sellingGeneralAndAdministrativeExpenses": 38700000,
        "otherExpenses": 0,
        "operatingExpenses": 38700000,
        "costAndExpenses": 146400000,
        "interestIncome": 0,
        "interestExpense": 9000000,
        "depreciationAndAmortization": 32600000,
        "ebitda": 1500000,
        "ebitdaratio": 0.0077200206,
        "operatingIncome": 47900000,
        "operatingIncomeRatio": 0.2465259907,
        "totalOtherIncomeExpensesNet": 38200000,
        "incomeBeforeTax": 38300000,
        "incomeBeforeTaxRatio": 0.197117859,
        "incomeTaxExpense": 10900000,
        "netIncome": 31100000,
        "netIncomeRatio": 0.1600617602,
        "eps": 0.83,
        "epsdiluted": 0.83,
        "weightedAverageShsOut": 37500000,
        "weightedAverageShsOutDil": 37500000,
        "link": "https://www.sec.gov/Archives/edgar/data/102741/000089710103001102/0000897101-03-001102-index.html",
        "finalLink": "https://www.sec.gov/Archives/edgar/data/102741/000089710103001102/valspar033819_10q.txt"
    },
    {
        "date": "2003-04-25",
        "symbol": "VAL",
        "reportedCurrency": "USD",
        "cik": "0000314808",
        "fillingDate": "2003-06-09",
        "acceptedDate": "2003-06-09 09:56:28",
        "calendarYear": "2003",
        "period": "Q1",
        "revenue": 192900000,
        "costOfRevenue": 109500000,
        "grossProfit": 83400000,
        "grossProfitRatio": 0.432348367,
        "researchAndDevelopmentExpenses": 0,
        "generalAndAdministrativeExpenses": 5900000,
        "sellingAndMarketingExpenses": 33000000,
        "sellingGeneralAndAdministrativeExpenses": 38900000,
        "otherExpenses": 0,
        "operatingExpenses": 38900000,
        "costAndExpenses": 147200000,
        "interestIncome": 0,
        "interestExpense": 9000000,
        "depreciationAndAmortization": 31800000,
        "ebitda": 74400000,
        "ebitdaratio": 0.3856920684,
        "operatingIncome": 45700000,
        "operatingIncomeRatio": 0.2369103162,
        "totalOtherIncomeExpensesNet": -8300000,
        "incomeBeforeTax": 37400000,
        "incomeBeforeTaxRatio": 0.1938828409,
        "incomeTaxExpense": 10700000,
        "netIncome": 22900000,
        "netIncomeRatio": 0.1187143598,
        "eps": 0.61,
        "epsdiluted": 0.61,
        "weightedAverageShsOut": 37500000,
        "weightedAverageShsOutDil": 37500000,
        "link": "https://www.sec.gov/Archives/edgar/data/102741/000089710103000544/0000897101-03-000544-index.html",
        "finalLink": "https://www.sec.gov/Archives/edgar/data/102741/000089710103000544/valspar032491_10q.txt"
    },
    {
        "date": "2002-12-31",
        "symbol": "VAL",
        "reportedCurrency": "USD",
        "cik": "0000314808",
        "fillingDate": "2003-03-03",
        "acceptedDate": "2003-03-03 16:32:40",
        "calendarYear": "2002",
        "period": "Q4",
        "revenue": 194200000,
        "costOfRevenue": 102500000,
        "grossProfit": 91700000,
        "grossProfitRatio": 0.4721936148,
        "researchAndDevelopmentExpenses": 0,
        "generalAndAdministrativeExpenses": 4800000,
        "sellingAndMarketingExpenses": 94100000,
        "sellingGeneralAndAdministrativeExpenses": 98900000,
        "otherExpenses": 0,
        "operatingExpenses": 98900000,
        "costAndExpenses": 199600000,
        "interestIncome": 0,
        "interestExpense": 8000000,
        "depreciationAndAmortization": 27400000,
        "ebitda": 20800000,
        "ebitdaratio": 0.1071060762,
        "operatingIncome": -5400000,
        "operatingIncomeRatio": -0.0278063852,
        "totalOtherIncomeExpensesNet": -6600000,
        "incomeBeforeTax": -12000000,
        "incomeBeforeTaxRatio": -0.061791967,
        "incomeTaxExpense": -3900000,
        "netIncome": -10700000,
        "netIncomeRatio": -0.0550978373,
        "eps": -0.29,
        "epsdiluted": -0.29,
        "weightedAverageShsOut": 37300000,
        "weightedAverageShsOutDil": 37300000,
        "link": "https://www.sec.gov/Archives/edgar/data/314808/000031480803000023/0000314808-03-000023-index.htm",
        "finalLink": "https://www.sec.gov/Archives/edgar/data/314808/000031480803000023/form10k2002.htm"
    },
    {
        "date": "2002-10-25",
        "symbol": "VAL",
        "reportedCurrency": "USD",
        "cik": "0000314808",
        "fillingDate": "2003-01-23",
        "acceptedDate": "2003-01-23 12:08:15",
        "calendarYear": "2002",
        "period": "Q3",
        "revenue": 179200000,
        "costOfRevenue": 93500000,
        "grossProfit": 85700000,
        "grossProfitRatio": 0.4782366071,
        "researchAndDevelopmentExpenses": 0,
        "generalAndAdministrativeExpenses": 4800000,
        "sellingAndMarketingExpenses": 31700000,
        "sellingGeneralAndAdministrativeExpenses": 36500000,
        "otherExpenses": 0,
        "operatingExpenses": 36500000,
        "costAndExpenses": 128200000,
        "interestIncome": 0,
        "interestExpense": 8000000,
        "depreciationAndAmortization": 29900000,
        "ebitda": 82000000,
        "ebitdaratio": 0.4575892857,
        "operatingIncome": 51000000,
        "operatingIncomeRatio": 0.2845982143,
        "totalOtherIncomeExpensesNet": -8400000,
        "incomeBeforeTax": 42600000,
        "incomeBeforeTaxRatio": 0.2377232143,
        "incomeTaxExpense": 13600000,
        "netIncome": 30500000,
        "netIncomeRatio": 0.1702008929,
        "eps": 0.84,
        "epsdiluted": 0.84,
        "weightedAverageShsOut": 36100000,
        "weightedAverageShsOutDil": 36100000,
        "link": "https://www.sec.gov/Archives/edgar/data/102741/000089710103000040/0000897101-03-000040-index.html",
        "finalLink": "https://www.sec.gov/Archives/edgar/data/102741/000089710103000040/valspar030264_10k.txt"
    },
    {
        "date": "2002-06-30",
        "symbol": "VAL",
        "reportedCurrency": "USD",
        "cik": "0000314808",
        "fillingDate": "2002-08-12",
        "acceptedDate": "2002-08-09 19:31:03",
        "calendarYear": "2002",
        "period": "Q2",
        "revenue": 146100000,
        "costOfRevenue": 74100000,
        "grossProfit": 72000000,
        "grossProfitRatio": 0.4928131417,
        "researchAndDevelopmentExpenses": 0,
        "generalAndAdministrativeExpenses": 4600000,
        "sellingAndMarketingExpenses": 29400000,
        "sellingGeneralAndAdministrativeExpenses": 34000000,
        "otherExpenses": 0,
        "operatingExpenses": 34000000,
        "costAndExpenses": 106500000,
        "interestIncome": 0,
        "interestExpense": 8000000,
        "depreciationAndAmortization": 27800000,
        "ebitda": 53000000,
        "ebitdaratio": 0.3627652293,
        "operatingIncome": 39600000,
        "operatingIncomeRatio": 0.2710472279,
        "totalOtherIncomeExpensesNet": -6500000,
        "incomeBeforeTax": 33100000,
        "incomeBeforeTaxRatio": 0.2265571526,
        "incomeTaxExpense": 10600000,
        "netIncome": 23300000,
        "netIncomeRatio": 0.1594798084,
        "eps": 0.68,
        "epsdiluted": 0.68,
        "weightedAverageShsOut": 34100000,
        "weightedAverageShsOutDil": 34100000,
        "link": "https://www.sec.gov/Archives/edgar/data/314808/000031480802000076/0000314808-02-000076-index.htm",
        "finalLink": "https://www.sec.gov/Archives/edgar/data/314808/000031480802000076/form10qjune2002.htm"
    },
    {
        "date": "2002-03-31",
        "symbol": "VAL",
        "reportedCurrency": "USD",
        "cik": "0000314808",
        "fillingDate": "2002-05-07",
        "acceptedDate": "2002-05-06 19:41:58",
        "calendarYear": "2002",
        "period": "Q1",
        "revenue": 130000000,
        "costOfRevenue": 78800000,
        "grossProfit": 51200000,
        "grossProfitRatio": 0.3938461538,
        "researchAndDevelopmentExpenses": 0,
        "generalAndAdministrativeExpenses": 4400000,
        "sellingAndMarketingExpenses": 28500000,
        "sellingGeneralAndAdministrativeExpenses": 32900000,
        "otherExpenses": 0,
        "operatingExpenses": 32900000,
        "costAndExpenses": 110100000,
        "interestIncome": 0,
        "interestExpense": 7000000,
        "depreciationAndAmortization": 26900000,
        "ebitda": 44000000,
        "ebitdaratio": 0.3384615385,
        "operatingIncome": 19900000,
        "operatingIncomeRatio": 0.1530769231,
        "totalOtherIncomeExpensesNet": 3100000,
        "incomeBeforeTax": 21800000,
        "incomeBeforeTaxRatio": 0.1676923077,
        "incomeTaxExpense": 6900000,
        "netIncome": 16200000,
        "netIncomeRatio": 0.1246153846,
        "eps": 0.48,
        "epsdiluted": 0.48,
        "weightedAverageShsOut": 33900000,
        "weightedAverageShsOutDil": 33900000,
        "link": "https://www.sec.gov/Archives/edgar/data/314808/000031480802000041/0000314808-02-000041-index.htm",
        "finalLink": "https://www.sec.gov/Archives/edgar/data/314808/000031480802000041/form10q1stqtr2002.htm"
    },
    {
        "date": "2001-12-31",
        "symbol": "VAL",
        "reportedCurrency": "USD",
        "cik": "0000314808",
        "fillingDate": "2002-03-01",
        "acceptedDate": "2002-03-01 00:00:00",
        "calendarYear": "2001",
        "period": "Q4",
        "revenue": 179100000,
        "costOfRevenue": 88700000,
        "grossProfit": 90400000,
        "grossProfitRatio": 0.504745952,
        "researchAndDevelopmentExpenses": 0,
        "generalAndAdministrativeExpenses": 4900000,
        "sellingAndMarketingExpenses": 37800000,
        "sellingGeneralAndAdministrativeExpenses": 42700000,
        "otherExpenses": 0,
        "operatingExpenses": 42700000,
        "costAndExpenses": 131400000,
        "interestIncome": 0,
        "interestExpense": 7000000,
        "depreciationAndAmortization": 22400000,
        "ebitda": 71100000,
        "ebitdaratio": 0.3969849246,
        "operatingIncome": 47700000,
        "operatingIncomeRatio": 0.2663316583,
        "totalOtherIncomeExpensesNet": -5700000,
        "incomeBeforeTax": 41700000,
        "incomeBeforeTaxRatio": 0.2328308208,
        "incomeTaxExpense": 11800000,
        "netIncome": 29900000,
        "netIncomeRatio": 0.1669458403,
        "eps": 0.89,
        "epsdiluted": 0.89,
        "weightedAverageShsOut": 33700000,
        "weightedAverageShsOutDil": 33700000,
        "link": "https://www.sec.gov/Archives/edgar/data/314808/000031480802000022/0000314808-02-000022-index.htm",
        "finalLink": "https://www.sec.gov/Archives/edgar/data/314808/000031480802000022/form10k2001.htm"
    },
    {
        "date": "2001-10-26",
        "symbol": "VAL",
        "reportedCurrency": "USD",
        "cik": "0000314808",
        "fillingDate": "2002-01-24",
        "acceptedDate": "2002-01-24 00:00:00",
        "calendarYear": "2001",
        "period": "Q3",
        "revenue": 227500000,
        "costOfRevenue": 90900000,
        "grossProfit": 136600000,
        "grossProfitRatio": 0.6004395604,
        "researchAndDevelopmentExpenses": 0,
        "generalAndAdministrativeExpenses": 4000000,
        "sellingAndMarketingExpenses": 28600000,
        "sellingGeneralAndAdministrativeExpenses": 32600000,
        "otherExpenses": 0,
        "operatingExpenses": 32600000,
        "costAndExpenses": 123500000,
        "interestIncome": 0,
        "interestExpense": 9000000,
        "depreciationAndAmortization": 28600000,
        "ebitda": 116000000,
        "ebitdaratio": 0.5098901099,
        "operatingIncome": 104000000,
        "operatingIncomeRatio": 0.4571428571,
        "totalOtherIncomeExpensesNet": -7400000,
        "incomeBeforeTax": 96600000,
        "incomeBeforeTaxRatio": 0.4246153846,
        "incomeTaxExpense": 27300000,
        "netIncome": 69300000,
        "netIncomeRatio": 0.3046153846,
        "eps": 2.02,
        "epsdiluted": 2.02,
        "weightedAverageShsOut": 34300000,
        "weightedAverageShsOutDil": 34300000,
        "link": "https://www.sec.gov/Archives/edgar/data/102741/000089710102000039/0000897101-02-000039-index.html",
        "finalLink": "https://www.sec.gov/Archives/edgar/data/102741/000089710102000039/valspar020271_10k.txt"
    },
    {
        "date": "2001-06-30",
        "symbol": "VAL",
        "reportedCurrency": "USD",
        "cik": "0000314808",
        "fillingDate": "2001-08-01",
        "acceptedDate": "2001-08-01 00:00:00",
        "calendarYear": "2001",
        "period": "Q2",
        "revenue": 215500000,
        "costOfRevenue": 89700000,
        "grossProfit": 125800000,
        "grossProfitRatio": 0.5837587007,
        "researchAndDevelopmentExpenses": 0,
        "generalAndAdministrativeExpenses": 4200000,
        "sellingAndMarketingExpenses": 29100000,
        "sellingGeneralAndAdministrativeExpenses": 33300000,
        "otherExpenses": 0,
        "operatingExpenses": 33300000,
        "costAndExpenses": 123000000,
        "interestIncome": 0,
        "interestExpense": -6200000,
        "depreciationAndAmortization": 29100000,
        "ebitda": 109200000,
        "ebitdaratio": 0.5067285383,
        "operatingIncome": 92500000,
        "operatingIncomeRatio": 0.4292343387,
        "totalOtherIncomeExpensesNet": -6500000,
        "incomeBeforeTax": 86300000,
        "incomeBeforeTaxRatio": 0.4004640371,
        "incomeTaxExpense": 25100000,
        "netIncome": 61200000,
        "netIncomeRatio": 0.2839907193,
        "eps": 1.75,
        "epsdiluted": 1.75,
        "weightedAverageShsOut": 34900000,
        "weightedAverageShsOutDil": 34900000,
        "link": "https://www.sec.gov/Archives/edgar/data/314808/000031480801500046/0000314808-01-500046-index.htm",
        "finalLink": "https://www.sec.gov/Archives/edgar/data/314808/000031480801500046/form10june2001.htm"
    },
    {
        "date": "2001-03-31",
        "symbol": "VAL",
        "reportedCurrency": "USD",
        "cik": "0000314808",
        "fillingDate": "2001-05-11",
        "acceptedDate": "2001-05-11 00:00:00",
        "calendarYear": "2001",
        "period": "Q1",
        "revenue": 195300000,
        "costOfRevenue": 89600000,
        "grossProfit": 105700000,
        "grossProfitRatio": 0.541218638,
        "researchAndDevelopmentExpenses": 0,
        "generalAndAdministrativeExpenses": 3700000,
        "sellingAndMarketingExpenses": 28900000,
        "sellingGeneralAndAdministrativeExpenses": 32600000,
        "otherExpenses": 0,
        "operatingExpenses": 32600000,
        "costAndExpenses": 122200000,
        "interestIncome": 0,
        "interestExpense": -6000000,
        "depreciationAndAmortization": 28900000,
        "ebitda": 90200000,
        "ebitdaratio": 0.4618535586,
        "operatingIncome": 73100000,
        "operatingIncomeRatio": 0.3742959549,
        "totalOtherIncomeExpensesNet": -5800000,
        "incomeBeforeTax": 67300000,
        "incomeBeforeTaxRatio": 0.3445980543,
        "incomeTaxExpense": 20400000,
        "netIncome": 46900000,
        "netIncomeRatio": 0.2401433692,
        "eps": 1.34,
        "epsdiluted": 1.34,
        "weightedAverageShsOut": 34900000,
        "weightedAverageShsOutDil": 34900000,
        "link": "https://www.sec.gov/Archives/edgar/data/314808/000031480801500018/0000314808-01-500018-index.htm",
        "finalLink": "https://www.sec.gov/Archives/edgar/data/314808/000031480801500018/form10qmarch2001.htm"
    },
    {
        "date": "2000-12-31",
        "symbol": "VAL",
        "reportedCurrency": "USD",
        "cik": "0000314808",
        "fillingDate": "2001-03-02",
        "acceptedDate": "2001-03-02 00:00:00",
        "calendarYear": "2000",
        "period": "Q4",
        "revenue": 171200000,
        "costOfRevenue": 78100000,
        "grossProfit": 93100000,
        "grossProfitRatio": 0.5438084112,
        "researchAndDevelopmentExpenses": 0,
        "generalAndAdministrativeExpenses": 3700000,
        "sellingAndMarketingExpenses": 28100000,
        "sellingGeneralAndAdministrativeExpenses": 31800000,
        "otherExpenses": 303000000,
        "operatingExpenses": 31800000,
        "costAndExpenses": 108000000,
        "interestIncome": 0,
        "interestExpense": -2400000,
        "depreciationAndAmortization": 26200000,
        "ebitda": 88800000,
        "ebitdaratio": 0.5186915888,
        "operatingIncome": 63200000,
        "operatingIncomeRatio": 0.3691588785,
        "totalOtherIncomeExpensesNet": -2600000,
        "incomeBeforeTax": 60600000,
        "incomeBeforeTaxRatio": 0.3539719626,
        "incomeTaxExpense": 17900000,
        "netIncome": 42700000,
        "netIncomeRatio": 0.2494158879,
        "eps": 1.22,
        "epsdiluted": 1.22,
        "weightedAverageShsOut": 34900000,
        "weightedAverageShsOutDil": 34900000,
        "link": "https://www.sec.gov/Archives/edgar/data/314808/000031480801000018/0000314808-01-000018-index.htm",
        "finalLink": "https://www.sec.gov/Archives/edgar/data/314808/000031480801000018/0000314808-01-000018-0001.htm"
    },
    {
        "date": "2000-10-27",
        "symbol": "VAL",
        "reportedCurrency": "USD",
        "cik": "0000314808",
        "fillingDate": "2001-01-25",
        "acceptedDate": "2001-01-25 00:00:00",
        "calendarYear": "2000",
        "period": "Q3",
        "revenue": 149800000,
        "costOfRevenue": 81000000,
        "grossProfit": 68800000,
        "grossProfitRatio": 0.4592790387,
        "researchAndDevelopmentExpenses": 0,
        "generalAndAdministrativeExpenses": 3300000,
        "sellingAndMarketingExpenses": 26800000,
        "sellingGeneralAndAdministrativeExpenses": 30100000,
        "otherExpenses": 84000000,
        "operatingExpenses": 30100000,
        "costAndExpenses": 109500000,
        "interestIncome": 0,
        "interestExpense": -2300000,
        "depreciationAndAmortization": 25200000,
        "ebitda": 65000000,
        "ebitdaratio": 0.4339118825,
        "operatingIncome": 40300000,
        "operatingIncomeRatio": 0.2690253672,
        "totalOtherIncomeExpensesNet": -2100000,
        "incomeBeforeTax": 38200000,
        "incomeBeforeTaxRatio": 0.2550066756,
        "incomeTaxExpense": 12900000,
        "netIncome": 25300000,
        "netIncomeRatio": 0.1688918558,
        "eps": 0.72,
        "epsdiluted": 0.72,
        "weightedAverageShsOut": 34900000,
        "weightedAverageShsOutDil": 34900000,
        "link": "https://www.sec.gov/Archives/edgar/data/102741/000089710101000064/0000897101-01-000064-index.html",
        "finalLink": "https://www.sec.gov/Archives/edgar/data/102741/000089710101000064/0000897101-01-000064-0001.txt"
    },
    {
        "date": "2000-06-30",
        "symbol": "VAL",
        "reportedCurrency": "USD",
        "cik": "0000314808",
        "fillingDate": "2001-02-01",
        "acceptedDate": "2001-02-01 00:00:00",
        "calendarYear": "2000",
        "period": "Q2",
        "revenue": 116600000,
        "costOfRevenue": 67700000,
        "grossProfit": 48900000,
        "grossProfitRatio": 0.4193825043,
        "researchAndDevelopmentExpenses": 0,
        "generalAndAdministrativeExpenses": 3200000,
        "sellingAndMarketingExpenses": 27300000,
        "sellingGeneralAndAdministrativeExpenses": 30500000,
        "otherExpenses": 0,
        "operatingExpenses": 30500000,
        "costAndExpenses": 94700000,
        "interestIncome": 0,
        "interestExpense": -600000,
        "depreciationAndAmortization": 23800000,
        "ebitda": 44700000,
        "ebitdaratio": 0.3833619211,
        "operatingIncome": 21900000,
        "operatingIncomeRatio": 0.1878216123,
        "totalOtherIncomeExpensesNet": 20600000,
        "incomeBeforeTax": 21500000,
        "incomeBeforeTaxRatio": 0.1843910806,
        "incomeTaxExpense": 7200000,
        "netIncome": 14300000,
        "netIncomeRatio": 0.1226415094,
        "eps": 0.41,
        "epsdiluted": 0.41,
        "weightedAverageShsOut": 34800000,
        "weightedAverageShsOutDil": 34800000,
        "link": "https://www.sec.gov/Archives/edgar/data/314808/000031480801000012/0000314808-01-000012-index.htm",
        "finalLink": "https://www.sec.gov/Archives/edgar/data/314808/000031480801000012/0000314808-01-000012-0001.htm"
    },
    {
        "date": "2000-03-31",
        "symbol": "VAL",
        "reportedCurrency": "USD",
        "cik": "0000314808",
        "fillingDate": "2001-02-02",
        "acceptedDate": "2001-02-02 00:00:00",
        "calendarYear": "2000",
        "period": "Q1",
        "revenue": 96200000,
        "costOfRevenue": 63800000,
        "grossProfit": 32400000,
        "grossProfitRatio": 0.3367983368,
        "researchAndDevelopmentExpenses": 0,
        "generalAndAdministrativeExpenses": 3100000,
        "sellingAndMarketingExpenses": 23500000,
        "sellingGeneralAndAdministrativeExpenses": 26600000,
        "otherExpenses": 0,
        "operatingExpenses": 26600000,
        "costAndExpenses": 90400000,
        "interestIncome": 0,
        "interestExpense": -1000000,
        "depreciationAndAmortization": 23500000,
        "ebitda": 27400000,
        "ebitdaratio": 0.2848232848,
        "operatingIncome": 5800000,
        "operatingIncomeRatio": 0.0602910603,
        "totalOtherIncomeExpensesNet": -900000,
        "incomeBeforeTax": 4900000,
        "incomeBeforeTaxRatio": 0.0509355509,
        "incomeTaxExpense": 1800000,
        "netIncome": 3100000,
        "netIncomeRatio": 0.0322245322,
        "eps": 0.0893,
        "epsdiluted": 0.0893,
        "weightedAverageShsOut": 34700000,
        "weightedAverageShsOutDil": 34700000,
        "link": "https://www.sec.gov/Archives/edgar/data/314808/000031480801000013/0000314808-01-000013-index.htm",
        "finalLink": "https://www.sec.gov/Archives/edgar/data/314808/000031480801000013/0000314808-01-000013-0001.htm"
    },
    {
        "date": "1999-12-31",
        "symbol": "VAL",
        "reportedCurrency": "USD",
        "cik": "0000314808",
        "fillingDate": "2000-03-01",
        "acceptedDate": "2000-03-01 00:00:00",
        "calendarYear": "1999",
        "period": "Q4",
        "revenue": 80200000,
        "costOfRevenue": 58900000,
        "grossProfit": 21300000,
        "grossProfitRatio": 0.2655860349,
        "researchAndDevelopmentExpenses": 0,
        "generalAndAdministrativeExpenses": 2600000,
        "sellingAndMarketingExpenses": 26500000,
        "sellingGeneralAndAdministrativeExpenses": 29100000,
        "otherExpenses": 344000000,
        "operatingExpenses": 29100000,
        "costAndExpenses": 86000000,
        "interestIncome": 700000,
        "interestExpense": 4400000,
        "depreciationAndAmortization": 24500000,
        "ebitda": 21900000,
        "ebitdaratio": 0.2730673317,
        "operatingIncome": -5800000,
        "operatingIncomeRatio": -0.072319202,
        "totalOtherIncomeExpensesNet": 8900000,
        "incomeBeforeTax": 100000,
        "incomeBeforeTaxRatio": 0.0012468828,
        "incomeTaxExpense": -2200000,
        "netIncome": 1100000,
        "netIncomeRatio": 0.0137157107,
        "eps": 0.0312,
        "epsdiluted": 0.0312,
        "weightedAverageShsOut": 35300000,
        "weightedAverageShsOutDil": 35300000,
        "link": "https://www.sec.gov/Archives/edgar/data/314808/000031480800000006/0000314808-00-000006-index.html",
        "finalLink": "https://www.sec.gov/Archives/edgar/data/314808/000031480800000006/0000314808-00-000006-d1.html"
    },
    {
        "date": "1999-09-30",
        "symbol": "VAL",
        "reportedCurrency": "USD",
        "cik": "0000314808",
        "fillingDate": "1999-11-12",
        "acceptedDate": "1999-11-12 00:00:00",
        "calendarYear": "1999",
        "period": "Q3",
        "revenue": 76400000,
        "costOfRevenue": 62100000,
        "grossProfit": 14300000,
        "grossProfitRatio": 0.1871727749,
        "researchAndDevelopmentExpenses": 0,
        "generalAndAdministrativeExpenses": 2800000,
        "sellingAndMarketingExpenses": 27700000,
        "sellingGeneralAndAdministrativeExpenses": 30500000,
        "otherExpenses": 0,
        "operatingExpenses": 30500000,
        "costAndExpenses": 90100000,
        "interestIncome": 100000,
        "interestExpense": 600000,
        "depreciationAndAmortization": 25200000,
        "ebitda": 8800000,
        "ebitdaratio": 0.1151832461,
        "operatingIncome": -13700000,
        "operatingIncomeRatio": -0.1793193717,
        "totalOtherIncomeExpensesNet": -1500000,
        "incomeBeforeTax": -15200000,
        "incomeBeforeTaxRatio": -0.1989528796,
        "incomeTaxExpense": -3900000,
        "netIncome": -11000000,
        "netIncomeRatio": -0.1439790576,
        "eps": -0.32,
        "epsdiluted": -0.32,
        "weightedAverageShsOut": 34200000,
        "weightedAverageShsOutDil": 34200000,
        "link": "https://www.sec.gov/Archives/edgar/data/314808/000031480899000023/0000314808-99-000023-index.html",
        "finalLink": "https://www.sec.gov/Archives/edgar/data/314808/000031480899000023/0000314808-99-000023-d1.html"
    },
    {
        "date": "1999-06-30",
        "symbol": "VAL",
        "reportedCurrency": "USD",
        "cik": "0000314808",
        "fillingDate": "1999-08-05",
        "acceptedDate": "1999-08-05 00:00:00",
        "calendarYear": "1999",
        "period": "Q2",
        "revenue": 79400000,
        "costOfRevenue": 62300000,
        "grossProfit": 17100000,
        "grossProfitRatio": 0.2153652393,
        "researchAndDevelopmentExpenses": 0,
        "generalAndAdministrativeExpenses": 2900000,
        "sellingAndMarketingExpenses": 27600000,
        "sellingGeneralAndAdministrativeExpenses": 30500000,
        "otherExpenses": 0,
        "operatingExpenses": 30500000,
        "costAndExpenses": 90100000,
        "interestIncome": 0,
        "interestExpense": -1300000,
        "depreciationAndAmortization": 24900000,
        "ebitda": 12100000,
        "ebitdaratio": 0.1523929471,
        "operatingIncome": -10700000,
        "operatingIncomeRatio": -0.1347607053,
        "totalOtherIncomeExpensesNet": -1300000,
        "incomeBeforeTax": -12000000,
        "incomeBeforeTaxRatio": -0.1511335013,
        "incomeTaxExpense": -1700000,
        "netIncome": -9800000,
        "netIncomeRatio": -0.1234256927,
        "eps": -0.29,
        "epsdiluted": -0.29,
        "weightedAverageShsOut": 34100000,
        "weightedAverageShsOutDil": 34100000,
        "link": "https://www.sec.gov/Archives/edgar/data/314808/000031480899000015/0000314808-99-000015-index.html",
        "finalLink": "https://www.sec.gov/Archives/edgar/data/314808/000031480899000015/"
    },
    {
        "date": "1999-03-31",
        "symbol": "VAL",
        "reportedCurrency": "USD",
        "cik": "0000314808",
        "fillingDate": "1999-05-11",
        "acceptedDate": "1999-05-11 00:00:00",
        "calendarYear": "1999",
        "period": "Q1",
        "revenue": 127700000,
        "costOfRevenue": 67500000,
        "grossProfit": 60200000,
        "grossProfitRatio": 0.4714173845,
        "researchAndDevelopmentExpenses": 0,
        "generalAndAdministrativeExpenses": 2900000,
        "sellingAndMarketingExpenses": 26400000,
        "sellingGeneralAndAdministrativeExpenses": 29300000,
        "otherExpenses": 0,
        "operatingExpenses": 29300000,
        "costAndExpenses": 94000000,
        "interestIncome": 0,
        "interestExpense": -1300000,
        "depreciationAndAmortization": 23600000,
        "ebitda": 53600000,
        "ebitdaratio": 0.419733751,
        "operatingIncome": 33700000,
        "operatingIncomeRatio": 0.2638997651,
        "totalOtherIncomeExpensesNet": -1400000,
        "incomeBeforeTax": 32300000,
        "incomeBeforeTaxRatio": 0.2529365701,
        "incomeTaxExpense": 11300000,
        "netIncome": 20000000,
        "netIncomeRatio": 0.1566170713,
        "eps": 0.58,
        "epsdiluted": 0.58,
        "weightedAverageShsOut": 34200000,
        "weightedAverageShsOutDil": 34200000,
        "link": "https://www.sec.gov/Archives/edgar/data/314808/000031480899000006/0000314808-99-000006-index.html",
        "finalLink": "https://www.sec.gov/Archives/edgar/data/314808/"
    },
    {
        "date": "1998-12-31",
        "symbol": "VAL",
        "reportedCurrency": "USD",
        "cik": "0000314808",
        "fillingDate": "1999-03-01",
        "acceptedDate": "1999-03-01 00:00:00",
        "calendarYear": "1998",
        "period": "Q4",
        "revenue": 153000000,
        "costOfRevenue": 81300000,
        "grossProfit": 71700000,
        "grossProfitRatio": 0.468627451,
        "researchAndDevelopmentExpenses": 0,
        "generalAndAdministrativeExpenses": 3900000,
        "sellingAndMarketingExpenses": 24600000,
        "sellingGeneralAndAdministrativeExpenses": 28500000,
        "otherExpenses": 0,
        "operatingExpenses": 28500000,
        "costAndExpenses": 107800000,
        "interestIncome": 0,
        "interestExpense": 9300000,
        "depreciationAndAmortization": 22600000,
        "ebitda": 72400000,
        "ebitdaratio": 0.4732026144,
        "operatingIncome": 45200000,
        "operatingIncomeRatio": 0.2954248366,
        "totalOtherIncomeExpensesNet": -2800000,
        "incomeBeforeTax": 42400000,
        "incomeBeforeTaxRatio": 0.277124183,
        "incomeTaxExpense": 13400000,
        "netIncome": 27100000,
        "netIncomeRatio": 0.177124183,
        "eps": 0.79,
        "epsdiluted": 0.79,
        "weightedAverageShsOut": 34400000,
        "weightedAverageShsOutDil": 34400000,
        "link": "https://www.sec.gov/Archives/edgar/data/314808/000031480899000003/0000314808-99-000003-index.html",
        "finalLink": "https://www.sec.gov/Archives/edgar/data/314808/"
    },
    {
        "date": "1998-10-30",
        "symbol": "VAL",
        "reportedCurrency": "USD",
        "cik": "0000314808",
        "fillingDate": "1999-01-22",
        "acceptedDate": "1999-01-22 00:00:00",
        "calendarYear": "1998",
        "period": "Q3",
        "revenue": 179800000,
        "costOfRevenue": 80500000,
        "grossProfit": 99300000,
        "grossProfitRatio": 0.5522803115,
        "researchAndDevelopmentExpenses": 0,
        "generalAndAdministrativeExpenses": 3800000,
        "sellingAndMarketingExpenses": 24000000,
        "sellingGeneralAndAdministrativeExpenses": 27800000,
        "otherExpenses": 0,
        "operatingExpenses": 27800000,
        "costAndExpenses": 105200000,
        "interestIncome": 0,
        "interestExpense": -6200000,
        "depreciationAndAmortization": 20900000,
        "ebitda": 96000000,
        "ebitdaratio": 0.5339265851,
        "operatingIncome": 74600000,
        "operatingIncomeRatio": 0.4149054505,
        "totalOtherIncomeExpensesNet": 7800000,
        "incomeBeforeTax": 82400000,
        "incomeBeforeTaxRatio": 0.4582869855,
        "incomeTaxExpense": 22300000,
        "netIncome": 59000000,
        "netIncomeRatio": 0.3281423804,
        "eps": 1.69,
        "epsdiluted": 1.69,
        "weightedAverageShsOut": 34900000,
        "weightedAverageShsOutDil": 34900000,
        "link": "https://www.sec.gov/Archives/edgar/data/102741/000089710199000039/0000897101-99-000039-index.html",
        "finalLink": "https://www.sec.gov/Archives/edgar/data/102741/0000897101-99-000039.txt"
    },
    {
        "date": "1998-06-30",
        "symbol": "VAL",
        "reportedCurrency": "USD",
        "cik": "0000314808",
        "fillingDate": "1998-08-10",
        "acceptedDate": "1998-08-10 00:00:00",
        "calendarYear": "1998",
        "period": "Q2",
        "revenue": 234000000,
        "costOfRevenue": 83600000,
        "grossProfit": 150400000,
        "grossProfitRatio": 0.6427350427,
        "researchAndDevelopmentExpenses": 0,
        "generalAndAdministrativeExpenses": 4100000,
        "sellingAndMarketingExpenses": 22800000,
        "sellingGeneralAndAdministrativeExpenses": 26900000,
        "otherExpenses": 0,
        "operatingExpenses": 26900000,
        "costAndExpenses": 107900000,
        "interestIncome": 0,
        "interestExpense": -6600000,
        "depreciationAndAmortization": 20200000,
        "ebitda": 136500000,
        "ebitdaratio": 0.5833333333,
        "operatingIncome": 126100000,
        "operatingIncomeRatio": 0.5388888889,
        "totalOtherIncomeExpensesNet": -2700000,
        "incomeBeforeTax": 123400000,
        "incomeBeforeTaxRatio": 0.5273504274,
        "incomeTaxExpense": 42300000,
        "netIncome": 80600000,
        "netIncomeRatio": 0.3444444444,
        "eps": 2.26,
        "epsdiluted": 2.26,
        "weightedAverageShsOut": 35700000,
        "weightedAverageShsOutDil": 35700000,
        "link": "https://www.sec.gov/Archives/edgar/data/314808/000031480898000017/0000314808-98-000017-index.html",
        "finalLink": "https://www.sec.gov/Archives/edgar/data/314808/"
    },
    {
        "date": "1998-03-31",
        "symbol": "VAL",
        "reportedCurrency": "USD",
        "cik": "0000314808",
        "fillingDate": "1998-05-08",
        "acceptedDate": "1998-05-08 00:00:00",
        "calendarYear": "1998",
        "period": "Q1",
        "revenue": 246400000,
        "costOfRevenue": 83700000,
        "grossProfit": 162700000,
        "grossProfitRatio": 0.6603084416,
        "researchAndDevelopmentExpenses": 0,
        "generalAndAdministrativeExpenses": 3600000,
        "sellingAndMarketingExpenses": 22200000,
        "sellingGeneralAndAdministrativeExpenses": 25800000,
        "otherExpenses": 0,
        "operatingExpenses": 25800000,
        "costAndExpenses": 107100000,
        "interestIncome": 0,
        "interestExpense": -4900000,
        "depreciationAndAmortization": 19800000,
        "ebitda": 147900000,
        "ebitdaratio": 0.6002435065,
        "operatingIncome": 139300000,
        "operatingIncomeRatio": 0.5653409091,
        "totalOtherIncomeExpensesNet": -5000000,
        "incomeBeforeTax": 134300000,
        "incomeBeforeTaxRatio": 0.5450487013,
        "incomeTaxExpense": 45800000,
        "netIncome": 87200000,
        "netIncomeRatio": 0.3538961039,
        "eps": 2.44,
        "epsdiluted": 2.44,
        "weightedAverageShsOut": 35700000,
        "weightedAverageShsOutDil": 35700000,
        "link": "https://www.sec.gov/Archives/edgar/data/314808/000031480898000004/0000314808-98-000004-index.html",
        "finalLink": "https://www.sec.gov/Archives/edgar/data/314808/"
    },
    {
        "date": "1997-12-31",
        "symbol": "VAL",
        "reportedCurrency": "USD",
        "cik": "0000314808",
        "fillingDate": "1998-07-01",
        "acceptedDate": "1998-07-01 00:00:00",
        "calendarYear": "1997",
        "period": "Q4",
        "revenue": 234800000,
        "costOfRevenue": 79000000,
        "grossProfit": 155800000,
        "grossProfitRatio": 0.6635434412,
        "researchAndDevelopmentExpenses": 0,
        "generalAndAdministrativeExpenses": 3900000,
        "sellingAndMarketingExpenses": 31700000,
        "sellingGeneralAndAdministrativeExpenses": 35600000,
        "otherExpenses": 0,
        "operatingExpenses": 35600000,
        "costAndExpenses": 110700000,
        "interestIncome": 0,
        "interestExpense": -5200000,
        "depreciationAndAmortization": 27800000,
        "ebitda": 142800000,
        "ebitdaratio": 0.6081771721,
        "operatingIncome": 124000000,
        "operatingIncomeRatio": 0.528109029,
        "totalOtherIncomeExpensesNet": -2000000,
        "incomeBeforeTax": 122000000,
        "incomeBeforeTaxRatio": 0.5195911414,
        "incomeTaxExpense": 42600000,
        "netIncome": 77600000,
        "netIncomeRatio": 0.3304940375,
        "eps": 2.18,
        "epsdiluted": 2.18,
        "weightedAverageShsOut": 35600000,
        "weightedAverageShsOutDil": 35600000,
        "link": "https://www.sec.gov/Archives/edgar/data/314808/000031480898000011/0000314808-98-000011-index.html",
        "finalLink": "https://www.sec.gov/Archives/edgar/data/314808/"
    },
    {
        "date": "1997-09-30",
        "symbol": "VAL",
        "reportedCurrency": "USD",
        "cik": "0000314808",
        "fillingDate": "1997-11-06",
        "acceptedDate": "1997-11-06 00:00:00",
        "calendarYear": "1997",
        "period": "Q3",
        "revenue": 223300000,
        "costOfRevenue": 80400000,
        "grossProfit": 142900000,
        "grossProfitRatio": 0.6399462606,
        "researchAndDevelopmentExpenses": 0,
        "generalAndAdministrativeExpenses": 3600000,
        "sellingAndMarketingExpenses": 27200000,
        "sellingGeneralAndAdministrativeExpenses": 30800000,
        "otherExpenses": 0,
        "operatingExpenses": 30800000,
        "costAndExpenses": 111000000,
        "interestIncome": 0,
        "interestExpense": -5000000,
        "depreciationAndAmortization": 27000000,
        "ebitda": 130200000,
        "ebitdaratio": 0.5830721003,
        "operatingIncome": 112400000,
        "operatingIncomeRatio": 0.5033587103,
        "totalOtherIncomeExpensesNet": -3700000,
        "incomeBeforeTax": 108700000,
        "incomeBeforeTaxRatio": 0.486789073,
        "incomeTaxExpense": 40400000,
        "netIncome": 67800000,
        "netIncomeRatio": 0.3036274071,
        "eps": 1.89,
        "epsdiluted": 1.89,
        "weightedAverageShsOut": 35800000,
        "weightedAverageShsOutDil": 35800000,
        "link": "https://www.sec.gov/Archives/edgar/data/314808/000095013497008014/0000950134-97-008014-index.html",
        "finalLink": "https://www.sec.gov/Archives/edgar/data/314808/"
    },
    {
        "date": "1997-06-30",
        "symbol": "VAL",
        "reportedCurrency": "USD",
        "cik": "0000314808",
        "fillingDate": "1997-07-31",
        "acceptedDate": "1997-07-31 00:00:00",
        "calendarYear": "1997",
        "period": "Q2",
        "revenue": 195400000,
        "costOfRevenue": 77200000,
        "grossProfit": 118200000,
        "grossProfitRatio": 0.604912999,
        "researchAndDevelopmentExpenses": 0,
        "generalAndAdministrativeExpenses": 3800000,
        "sellingAndMarketingExpenses": 27300000,
        "sellingGeneralAndAdministrativeExpenses": 31100000,
        "otherExpenses": 0,
        "operatingExpenses": 31100000,
        "costAndExpenses": 106700000,
        "interestIncome": 0,
        "interestExpense": -4800000,
        "depreciationAndAmortization": 25800000,
        "ebitda": 105400000,
        "ebitdaratio": 0.539406346,
        "operatingIncome": 88700000,
        "operatingIncomeRatio": 0.4539406346,
        "totalOtherIncomeExpensesNet": -3500000,
        "incomeBeforeTax": 85200000,
        "incomeBeforeTaxRatio": 0.4360286592,
        "incomeTaxExpense": 32200000,
        "netIncome": 52200000,
        "netIncomeRatio": 0.2671443193,
        "eps": 1.46,
        "epsdiluted": 1.46,
        "weightedAverageShsOut": 35700000,
        "weightedAverageShsOutDil": 35700000,
        "link": "https://www.sec.gov/Archives/edgar/data/314808/000031480897000018/0000314808-97-000018-index.html",
        "finalLink": "https://www.sec.gov/Archives/edgar/data/314808/"
    },
    {
        "date": "1997-03-31",
        "symbol": "VAL",
        "reportedCurrency": "USD",
        "cik": "0000314808",
        "fillingDate": "1997-05-01",
        "acceptedDate": "1997-05-01 00:00:00",
        "calendarYear": "1997",
        "period": "Q1",
        "revenue": 161600000,
        "costOfRevenue": 70100000,
        "grossProfit": 91500000,
        "grossProfitRatio": 0.5662128713,
        "researchAndDevelopmentExpenses": 0,
        "generalAndAdministrativeExpenses": 3100000,
        "sellingAndMarketingExpenses": 25600000,
        "sellingGeneralAndAdministrativeExpenses": 28700000,
        "otherExpenses": 0,
        "operatingExpenses": 28700000,
        "costAndExpenses": 97400000,
        "interestIncome": 0,
        "interestExpense": -5900000,
        "depreciationAndAmortization": 24200000,
        "ebitda": 77300000,
        "ebitdaratio": 0.4783415842,
        "operatingIncome": 64200000,
        "operatingIncomeRatio": 0.3972772277,
        "totalOtherIncomeExpensesNet": -4300000,
        "incomeBeforeTax": 59900000,
        "incomeBeforeTaxRatio": 0.3706683168,
        "incomeTaxExpense": 22700000,
        "netIncome": 36300000,
        "netIncomeRatio": 0.2246287129,
        "eps": 1.02,
        "epsdiluted": 1.02,
        "weightedAverageShsOut": 35700000,
        "weightedAverageShsOutDil": 35700000,
        "link": "https://www.sec.gov/Archives/edgar/data/314808/000031480897000009/0000314808-97-000009-index.html",
        "finalLink": "https://www.sec.gov/Archives/edgar/data/314808/"
    },
    {
        "date": "1996-12-31",
        "symbol": "VAL",
        "reportedCurrency": "USD",
        "cik": "0000314808",
        "fillingDate": "1997-02-21",
        "acceptedDate": "1997-02-21 00:00:00",
        "calendarYear": "1996",
        "period": "Q4",
        "revenue": 152500000,
        "costOfRevenue": 69800000,
        "grossProfit": 82700000,
        "grossProfitRatio": 0.542295082,
        "researchAndDevelopmentExpenses": 0,
        "generalAndAdministrativeExpenses": 3100000,
        "sellingAndMarketingExpenses": 25600000,
        "sellingGeneralAndAdministrativeExpenses": 28700000,
        "otherExpenses": 0,
        "operatingExpenses": 28700000,
        "costAndExpenses": 96700000,
        "interestIncome": 0,
        "interestExpense": -6100000,
        "depreciationAndAmortization": 23900000,
        "ebitda": 67100000,
        "ebitdaratio": 0.44,
        "operatingIncome": 55700000,
        "operatingIncomeRatio": 0.3652459016,
        "totalOtherIncomeExpensesNet": -5200000,
        "incomeBeforeTax": 50500000,
        "incomeBeforeTaxRatio": 0.331147541,
        "incomeTaxExpense": 17400000,
        "netIncome": 31900000,
        "netIncomeRatio": 0.2091803279,
        "eps": 0.9,
        "epsdiluted": 0.9,
        "weightedAverageShsOut": 35500000,
        "weightedAverageShsOutDil": 35500000,
        "link": "https://www.sec.gov/Archives/edgar/data/314808/000031480897000002/0000314808-97-000002-index.html",
        "finalLink": "https://www.sec.gov/Archives/edgar/data/314808/"
    },
    {
        "date": "1996-10-25",
        "symbol": "VAL",
        "reportedCurrency": "USD",
        "cik": "0000314808",
        "fillingDate": "1997-01-23",
        "acceptedDate": "1997-01-23 00:00:00",
        "calendarYear": "1996",
        "period": "Q3",
        "revenue": 134600000,
        "costOfRevenue": 64800000,
        "grossProfit": 69800000,
        "grossProfitRatio": 0.5185735513,
        "researchAndDevelopmentExpenses": 0,
        "generalAndAdministrativeExpenses": 2800000,
        "sellingAndMarketingExpenses": 24800000,
        "sellingGeneralAndAdministrativeExpenses": 27600000,
        "otherExpenses": 0,
        "operatingExpenses": 27600000,
        "costAndExpenses": 91200000,
        "interestIncome": 0,
        "interestExpense": -6300000,
        "depreciationAndAmortization": 23600000,
        "ebitda": 57500000,
        "ebitdaratio": 0.427191679,
        "operatingIncome": 43400000,
        "operatingIncomeRatio": 0.3224368499,
        "totalOtherIncomeExpensesNet": -2500000,
        "incomeBeforeTax": 40900000,
        "incomeBeforeTaxRatio": 0.3038632987,
        "incomeTaxExpense": 13000000,
        "netIncome": 27200000,
        "netIncomeRatio": 0.2020802377,
        "eps": 0.77,
        "epsdiluted": 0.77,
        "weightedAverageShsOut": 35400000,
        "weightedAverageShsOutDil": 35400000,
        "link": "https://www.sec.gov/Archives/edgar/data/102741/000089710197000039/0000897101-97-000039-index.html",
        "finalLink": "https://www.sec.gov/Archives/edgar/data/102741/0000897101-97-000039.txt"
    },
    {
        "date": "1996-06-30",
        "symbol": "VAL",
        "reportedCurrency": "USD",
        "cik": "0000314808",
        "fillingDate": "1996-08-02",
        "acceptedDate": "1996-08-02 00:00:00",
        "calendarYear": "1996",
        "period": "Q2",
        "revenue": 97200000,
        "costOfRevenue": 49200000,
        "grossProfit": 48000000,
        "grossProfitRatio": 0.4938271605,
        "researchAndDevelopmentExpenses": 0,
        "generalAndAdministrativeExpenses": 3000000,
        "sellingAndMarketingExpenses": 18700000,
        "sellingGeneralAndAdministrativeExpenses": 21700000,
        "otherExpenses": 0,
        "operatingExpenses": 21700000,
        "costAndExpenses": 70100000,
        "interestIncome": 0,
        "interestExpense": -4400000,
        "depreciationAndAmortization": 17900000,
        "ebitda": 43900000,
        "ebitdaratio": 0.4516460905,
        "operatingIncome": 27200000,
        "operatingIncomeRatio": 0.2798353909,
        "totalOtherIncomeExpensesNet": 4200000,
        "incomeBeforeTax": 31400000,
        "incomeBeforeTaxRatio": 0.3230452675,
        "incomeTaxExpense": 8800000,
        "netIncome": 21600000,
        "netIncomeRatio": 0.2222222222,
        "eps": 0.69,
        "epsdiluted": 0.69,
        "weightedAverageShsOut": 31400000,
        "weightedAverageShsOutDil": 31400000,
        "link": "https://www.sec.gov/Archives/edgar/data/314808/000031480896000033/0000314808-96-000033-index.html",
        "finalLink": "https://www.sec.gov/Archives/edgar/data/314808/"
    },
    {
        "date": "1996-03-31",
        "symbol": "VAL",
        "reportedCurrency": "USD",
        "cik": "0000314808",
        "fillingDate": "1996-04-26",
        "acceptedDate": "1996-04-26 00:00:00",
        "calendarYear": "1996",
        "period": "Q1",
        "revenue": 84500000,
        "costOfRevenue": 43500000,
        "grossProfit": 41000000,
        "grossProfitRatio": 0.4852071006,
        "researchAndDevelopmentExpenses": 0,
        "generalAndAdministrativeExpenses": 2200000,
        "sellingAndMarketingExpenses": 17100000,
        "sellingGeneralAndAdministrativeExpenses": 19300000,
        "otherExpenses": 0,
        "operatingExpenses": 19300000,
        "costAndExpenses": 62100000,
        "interestIncome": 0,
        "interestExpense": -4000000,
        "depreciationAndAmortization": 16400000,
        "ebitda": 31900000,
        "ebitdaratio": 0.3775147929,
        "operatingIncome": 22400000,
        "operatingIncomeRatio": 0.2650887574,
        "totalOtherIncomeExpensesNet": -2500000,
        "incomeBeforeTax": 19900000,
        "incomeBeforeTaxRatio": 0.2355029586,
        "incomeTaxExpense": 4800000,
        "netIncome": 14700000,
        "netIncomeRatio": 0.173964497,
        "eps": 0.49,
        "epsdiluted": 0.49,
        "weightedAverageShsOut": 30300000,
        "weightedAverageShsOutDil": 30300000,
        "link": "https://www.sec.gov/Archives/edgar/data/314808/000031480896000013/0000314808-96-000013-index.html",
        "finalLink": "https://www.sec.gov/Archives/edgar/data/314808/"
    },
    {
        "date": "1995-12-31",
        "symbol": "VAL",
        "reportedCurrency": "USD",
        "cik": "0000314808",
        "fillingDate": "1996-05-09",
        "acceptedDate": "1996-05-09 00:00:00",
        "calendarYear": "1995",
        "period": "Q4",
        "revenue": 83800000,
        "costOfRevenue": 43200000,
        "grossProfit": 40600000,
        "grossProfitRatio": 0.4844868735,
        "researchAndDevelopmentExpenses": 0,
        "generalAndAdministrativeExpenses": 2700000,
        "sellingAndMarketingExpenses": 16800000,
        "sellingGeneralAndAdministrativeExpenses": 19500000,
        "otherExpenses": 0,
        "operatingExpenses": 19500000,
        "costAndExpenses": 61800000,
        "interestIncome": 0,
        "interestExpense": -4200000,
        "depreciationAndAmortization": 15800000,
        "ebitda": 30700000,
        "ebitdaratio": 0.3663484487,
        "operatingIncome": 22000000,
        "operatingIncomeRatio": 0.2625298329,
        "totalOtherIncomeExpensesNet": -2500000,
        "incomeBeforeTax": 19500000,
        "incomeBeforeTaxRatio": 0.2326968974,
        "incomeTaxExpense": 2000000,
        "netIncome": 17100000,
        "netIncomeRatio": 0.2040572792,
        "eps": 0.56,
        "epsdiluted": 0.56,
        "weightedAverageShsOut": 30300000,
        "weightedAverageShsOutDil": 30300000,
        "link": "https://www.sec.gov/Archives/edgar/data/314808/000091205796008769/0000912057-96-008769-index.html",
        "finalLink": "https://www.sec.gov/Archives/edgar/data/314808/"
    },
    {
        "date": "1995-09-30",
        "symbol": "VAL",
        "reportedCurrency": "USD",
        "cik": "0000314808",
        "fillingDate": "1995-10-24",
        "acceptedDate": "1995-10-24 00:00:00",
        "calendarYear": "1995",
        "period": "Q3",
        "revenue": 71800000,
        "costOfRevenue": 40500000,
        "grossProfit": 31300000,
        "grossProfitRatio": 0.4359331476,
        "researchAndDevelopmentExpenses": 0,
        "generalAndAdministrativeExpenses": 2200000,
        "sellingAndMarketingExpenses": 17200000,
        "sellingGeneralAndAdministrativeExpenses": 19400000,
        "otherExpenses": 0,
        "operatingExpenses": 19400000,
        "costAndExpenses": 57400000,
        "interestIncome": 0,
        "interestExpense": -3900000,
        "depreciationAndAmortization": 14700000,
        "ebitda": 28300000,
        "ebitdaratio": 0.3941504178,
        "operatingIncome": 14400000,
        "operatingIncomeRatio": 0.2005571031,
        "totalOtherIncomeExpensesNet": -2000000,
        "incomeBeforeTax": 12400000,
        "incomeBeforeTaxRatio": 0.1727019499,
        "incomeTaxExpense": 1200000,
        "netIncome": 16300000,
        "netIncomeRatio": 0.2270194986,
        "eps": 0.54,
        "epsdiluted": 0.54,
        "weightedAverageShsOut": 30200000,
        "weightedAverageShsOutDil": 30200000,
        "link": "https://www.sec.gov/Archives/edgar/data/314808/000031480895000038/0000314808-95-000038-index.html",
        "finalLink": "https://www.sec.gov/Archives/edgar/data/314808/"
    },
    {
        "date": "1995-06-30",
        "symbol": "VAL",
        "reportedCurrency": "USD",
        "cik": "0000314808",
        "fillingDate": "1995-08-09",
        "acceptedDate": "1995-08-09 00:00:00",
        "calendarYear": "1995",
        "period": "Q2",
        "revenue": 62400000,
        "costOfRevenue": 36200000,
        "grossProfit": 26200000,
        "grossProfitRatio": 0.4198717949,
        "researchAndDevelopmentExpenses": 0,
        "generalAndAdministrativeExpenses": 2500000,
        "sellingAndMarketingExpenses": 16700000,
        "sellingGeneralAndAdministrativeExpenses": 19200000,
        "otherExpenses": 0,
        "operatingExpenses": 19200000,
        "costAndExpenses": 52900000,
        "interestIncome": 0,
        "interestExpense": -4100000,
        "depreciationAndAmortization": 14400000,
        "ebitda": 17500000,
        "ebitdaratio": 0.2804487179,
        "operatingIncome": 9500000,
        "operatingIncomeRatio": 0.1522435897,
        "totalOtherIncomeExpensesNet": -2100000,
        "incomeBeforeTax": 7400000,
        "incomeBeforeTaxRatio": 0.1185897436,
        "incomeTaxExpense": 100000,
        "netIncome": 7100000,
        "netIncomeRatio": 0.1137820513,
        "eps": 0.24,
        "epsdiluted": 0.24,
        "weightedAverageShsOut": 30200000,
        "weightedAverageShsOutDil": 30200000,
        "link": "https://www.sec.gov/Archives/edgar/data/314808/000031480895000033/0000314808-95-000033-index.html",
        "finalLink": "https://www.sec.gov/Archives/edgar/data/314808/"
    },
    {
        "date": "1995-03-31",
        "symbol": "VAL",
        "reportedCurrency": "USD",
        "cik": "0000314808",
        "fillingDate": "1995-05-02",
        "acceptedDate": "1995-05-02 00:00:00",
        "calendarYear": "1995",
        "period": "Q1",
        "revenue": 61100000,
        "costOfRevenue": 36100000,
        "grossProfit": 25000000,
        "grossProfitRatio": 0.4091653028,
        "researchAndDevelopmentExpenses": 0,
        "generalAndAdministrativeExpenses": 2100000,
        "sellingAndMarketingExpenses": 14100000,
        "sellingGeneralAndAdministrativeExpenses": 16200000,
        "otherExpenses": 0,
        "operatingExpenses": 16200000,
        "costAndExpenses": 51800000,
        "interestIncome": 0,
        "interestExpense": -4400000,
        "depreciationAndAmortization": 13500000,
        "ebitda": 16700000,
        "ebitdaratio": 0.2733224223,
        "operatingIncome": 9300000,
        "operatingIncomeRatio": 0.1522094926,
        "totalOtherIncomeExpensesNet": -1300000,
        "incomeBeforeTax": 8000000,
        "incomeBeforeTaxRatio": 0.1309328969,
        "incomeTaxExpense": -5700000,
        "netIncome": 7600000,
        "netIncomeRatio": 0.124386252,
        "eps": 0.25,
        "epsdiluted": 0.25,
        "weightedAverageShsOut": 30300000,
        "weightedAverageShsOutDil": 30300000,
        "link": "https://www.sec.gov/Archives/edgar/data/314808/000031480895000026/0000314808-95-000026-index.html",
        "finalLink": "https://www.sec.gov/Archives/edgar/data/314808/"
    },
    {
        "date": "1994-12-31",
        "symbol": "VAL",
        "reportedCurrency": "USD",
        "cik": "0000314808",
        "fillingDate": "1995-03-17",
        "acceptedDate": "1995-03-17 00:00:00",
        "calendarYear": "1994",
        "period": "Q4",
        "revenue": 62600000,
        "costOfRevenue": 34200000,
        "grossProfit": 28400000,
        "grossProfitRatio": 0.4536741214,
        "researchAndDevelopmentExpenses": 0,
        "generalAndAdministrativeExpenses": 2600000,
        "sellingAndMarketingExpenses": 15300000,
        "sellingGeneralAndAdministrativeExpenses": 17900000,
        "otherExpenses": 0,
        "operatingExpenses": 17900000,
        "costAndExpenses": 50500000,
        "interestIncome": 0,
        "interestExpense": 0,
        "depreciationAndAmortization": 13600000,
        "ebitda": 23000000,
        "ebitdaratio": 0.3674121406,
        "operatingIncome": 12200000,
        "operatingIncomeRatio": 0.1948881789,
        "totalOtherIncomeExpensesNet": -3000000,
        "incomeBeforeTax": 9200000,
        "incomeBeforeTaxRatio": 0.1469648562,
        "incomeTaxExpense": 900000,
        "netIncome": 8500000,
        "netIncomeRatio": 0.1357827476,
        "eps": 0.28,
        "epsdiluted": 0.28,
        "weightedAverageShsOut": 30600000,
        "weightedAverageShsOutDil": 30600000,
        "link": "https://www.sec.gov/Archives/edgar/data/314808/000031480895000018/0000314808-95-000018-index.html",
        "finalLink": "https://www.sec.gov/Archives/edgar/data/314808/"
    },
    {
        "date": "1994-10-28",
        "symbol": "VAL",
        "reportedCurrency": "USD",
        "cik": "0000314808",
        "fillingDate": "1995-01-26",
        "acceptedDate": "1995-01-26 00:00:00",
        "calendarYear": "1994",
        "period": "Q3",
        "revenue": 59100000,
        "costOfRevenue": 34000000,
        "grossProfit": 25100000,
        "grossProfitRatio": 0.4247038917,
        "researchAndDevelopmentExpenses": 0,
        "generalAndAdministrativeExpenses": 2200000,
        "sellingAndMarketingExpenses": 14500000,
        "sellingGeneralAndAdministrativeExpenses": 16700000,
        "otherExpenses": 0,
        "operatingExpenses": 16700000,
        "costAndExpenses": 49400000,
        "interestIncome": 0,
        "interestExpense": 0,
        "depreciationAndAmortization": 12000000,
        "ebitda": 19500000,
        "ebitdaratio": 0.3299492386,
        "operatingIncome": 9700000,
        "operatingIncomeRatio": 0.1641285956,
        "totalOtherIncomeExpensesNet": -2000000,
        "incomeBeforeTax": 7700000,
        "incomeBeforeTaxRatio": 0.1302876481,
        "incomeTaxExpense": 700000,
        "netIncome": 6800000,
        "netIncomeRatio": 0.1150592217,
        "eps": 0.23,
        "epsdiluted": 0.23,
        "weightedAverageShsOut": 29100000,
        "weightedAverageShsOutDil": 29100000,
        "link": "https://www.sec.gov/Archives/edgar/data/102741/000089710195000015/0000897101-95-000015-index.html",
        "finalLink": "https://www.sec.gov/Archives/edgar/data/102741/0000897101-95-000015.txt"
    },
    {
        "date": "1994-07-29",
        "symbol": "VAL",
        "reportedCurrency": "USD",
        "cik": "0000314808",
        "fillingDate": "1994-09-12",
        "acceptedDate": "1994-09-12 00:00:00",
        "calendarYear": "1994",
        "period": "Q2",
        "revenue": 63200000,
        "costOfRevenue": 34300000,
        "grossProfit": 28900000,
        "grossProfitRatio": 0.457278481,
        "researchAndDevelopmentExpenses": 0,
        "generalAndAdministrativeExpenses": 2300000,
        "sellingAndMarketingExpenses": 14200000,
        "sellingGeneralAndAdministrativeExpenses": 16500000,
        "otherExpenses": 0,
        "operatingExpenses": 16500000,
        "costAndExpenses": 49600000,
        "interestIncome": 0,
        "interestExpense": 0,
        "depreciationAndAmortization": 13500000,
        "ebitda": 25000000,
        "ebitdaratio": 0.3955696203,
        "operatingIncome": 13600000,
        "operatingIncomeRatio": 0.2151898734,
        "totalOtherIncomeExpensesNet": -2300000,
        "incomeBeforeTax": 11300000,
        "incomeBeforeTaxRatio": 0.1787974684,
        "incomeTaxExpense": 1000000,
        "netIncome": 10500000,
        "netIncomeRatio": 0.1661392405,
        "eps": 0.38,
        "epsdiluted": 0.38,
        "weightedAverageShsOut": 28000000,
        "weightedAverageShsOutDil": 28000000,
        "link": "https://www.sec.gov/Archives/edgar/data/102741/000089710194000140/0000897101-94-000140-index.html",
        "finalLink": "https://www.sec.gov/Archives/edgar/data/102741/0000897101-94-000140.txt"
    },
    {
        "date": "1994-04-29",
        "symbol": "VAL",
        "reportedCurrency": "USD",
        "cik": "0000314808",
        "fillingDate": "1994-06-13",
        "acceptedDate": "1994-06-13 00:00:00",
        "calendarYear": "1994",
        "period": "Q1",
        "revenue": 60500000,
        "costOfRevenue": 32700000,
        "grossProfit": 27800000,
        "grossProfitRatio": 0.4595041322,
        "researchAndDevelopmentExpenses": 0,
        "generalAndAdministrativeExpenses": 2200000,
        "sellingAndMarketingExpenses": 13400000,
        "sellingGeneralAndAdministrativeExpenses": 15600000,
        "otherExpenses": 0,
        "operatingExpenses": 15600000,
        "costAndExpenses": 46900000,
        "interestIncome": 0,
        "interestExpense": 0,
        "depreciationAndAmortization": 12700000,
        "ebitda": 25300000,
        "ebitdaratio": 0.4181818182,
        "operatingIncome": 13600000,
        "operatingIncomeRatio": 0.2247933884,
        "totalOtherIncomeExpensesNet": -1500000,
        "incomeBeforeTax": 12100000,
        "incomeBeforeTaxRatio": 0.2,
        "incomeTaxExpense": 1200000,
        "netIncome": 11400000,
        "netIncomeRatio": 0.1884297521,
        "eps": 0.41,
        "epsdiluted": 0.41,
        "weightedAverageShsOut": 28000000,
        "weightedAverageShsOutDil": 28000000,
        "link": "https://www.sec.gov/Archives/edgar/data/102741/000089710194000072/0000897101-94-000072-index.html",
        "finalLink": "https://www.sec.gov/Archives/edgar/data/102741/0000897101-94-000072.txt"
    },
    {
        "date": "1994-01-28",
        "symbol": "VAL",
        "reportedCurrency": "USD",
        "cik": "0000314808",
        "fillingDate": "1994-03-14",
        "acceptedDate": "1994-03-14 00:00:00",
        "calendarYear": "1993",
        "period": "Q4",
        "revenue": 70500000,
        "costOfRevenue": 40600000,
        "grossProfit": 29900000,
        "grossProfitRatio": 0.4241134752,
        "researchAndDevelopmentExpenses": 0,
        "generalAndAdministrativeExpenses": 2300000,
        "sellingAndMarketingExpenses": 3600000,
        "sellingGeneralAndAdministrativeExpenses": 5900000,
        "otherExpenses": 0,
        "operatingExpenses": 5900000,
        "costAndExpenses": 55100000,
        "interestIncome": 0,
        "interestExpense": 0,
        "depreciationAndAmortization": 9000000,
        "ebitda": 19100000,
        "ebitdaratio": 0.2709219858,
        "operatingIncome": 15300000,
        "operatingIncomeRatio": 0.2170212766,
        "totalOtherIncomeExpensesNet": -3100000,
        "incomeBeforeTax": 12200000,
        "incomeBeforeTaxRatio": 0.1730496454,
        "incomeTaxExpense": 200000,
        "netIncome": 9900000,
        "netIncomeRatio": 0.1404255319,
        "eps": 0.35,
        "epsdiluted": 0.35,
        "weightedAverageShsOut": 28100000,
        "weightedAverageShsOutDil": 28100000,
        "link": "https://www.sec.gov/Archives/edgar/data/102741/000089710194000021/0000897101-94-000021-index.html",
        "finalLink": "https://www.sec.gov/Archives/edgar/data/102741/0000897101-94-000021.txt"
    }
]