[
    {
        "date": "2021-01-01",
        "symbol": "VAR",
        "reportedCurrency": "USD",
        "cik": "0000203527",
        "fillingDate": "2021-02-09",
        "acceptedDate": "2021-02-09 16:35:21",
        "calendarYear": "2020",
        "period": "Q4",
        "revenue": 778000000,
        "costOfRevenue": 419000000,
        "grossProfit": 359000000,
        "grossProfitRatio": 0.4614395887,
        "researchAndDevelopmentExpenses": 72000000,
        "generalAndAdministrativeExpenses": 161000000,
        "sellingAndMarketingExpenses": 8000000,
        "sellingGeneralAndAdministrativeExpenses": 169000000,
        "otherExpenses": 0,
        "operatingExpenses": 241000000,
        "costAndExpenses": 660000000,
        "interestIncome": 0,
        "interestExpense": 1000000,
        "depreciationAndAmortization": 16000000,
        "ebitda": 16000000,
        "ebitdaratio": 0.0205655527,
        "operatingIncome": 0,
        "operatingIncomeRatio": 0,
        "totalOtherIncomeExpensesNet": 5000000,
        "incomeBeforeTax": 0,
        "incomeBeforeTaxRatio": 0,
        "incomeTaxExpense": 0,
        "netIncome": 0,
        "netIncomeRatio": 0,
        "eps": 0,
        "epsdiluted": 0,
        "weightedAverageShsOut": 91200000,
        "weightedAverageShsOutDil": 91200000,
        "link": "https://www.sec.gov/Archives/edgar/data/203527/000020352721000010/0000203527-21-000010-index.htm",
        "finalLink": "https://www.sec.gov/Archives/edgar/data/203527/000020352721000010/var-20210101.htm"
    },
    {
        "date": "2020-10-02",
        "symbol": "VAR",
        "reportedCurrency": "USD",
        "cik": "0000203527",
        "fillingDate": "2020-11-25",
        "acceptedDate": "2020-11-25 16:48:38",
        "calendarYear": "2020",
        "period": "Q3",
        "revenue": 2474000000,
        "costOfRevenue": 1396000000,
        "grossProfit": 1078000000,
        "grossProfitRatio": 0.4357316087,
        "researchAndDevelopmentExpenses": 215000000,
        "generalAndAdministrativeExpenses": 526000000,
        "sellingAndMarketingExpenses": 75000000,
        "sellingGeneralAndAdministrativeExpenses": 601000000,
        "otherExpenses": 0,
        "operatingExpenses": 816000000,
        "costAndExpenses": 2212000000,
        "interestIncome": 0,
        "interestExpense": 12000000,
        "depreciationAndAmortization": 16000000,
        "ebitda": -222000000,
        "ebitdaratio": -0.0897332255,
        "operatingIncome": -224800000,
        "operatingIncomeRatio": -0.090864996,
        "totalOtherIncomeExpensesNet": -25500000,
        "incomeBeforeTax": -250300000,
        "incomeBeforeTaxRatio": -0.1011721908,
        "incomeTaxExpense": -57400000,
        "netIncome": -192600000,
        "netIncomeRatio": -0.0778496362,
        "eps": -2.11,
        "epsdiluted": -2.11,
        "weightedAverageShsOut": 91200000,
        "weightedAverageShsOutDil": 91200000,
        "link": "https://www.sec.gov/Archives/edgar/data/203527/000020352720000027/0000203527-20-000027-index.htm",
        "finalLink": "https://www.sec.gov/Archives/edgar/data/203527/000020352720000027/var-20201002.htm"
    },
    {
        "date": "2020-07-03",
        "symbol": "VAR",
        "reportedCurrency": "USD",
        "cik": "0000203527",
        "fillingDate": "2020-08-11",
        "acceptedDate": "2020-08-11 16:38:20",
        "calendarYear": "2020",
        "period": "Q2",
        "revenue": 694300000,
        "costOfRevenue": 395800000,
        "grossProfit": 298500000,
        "grossProfitRatio": 0.4299294253,
        "researchAndDevelopmentExpenses": 65300000,
        "generalAndAdministrativeExpenses": 145000000,
        "sellingAndMarketingExpenses": 28300000,
        "sellingGeneralAndAdministrativeExpenses": 173300000,
        "otherExpenses": 0,
        "operatingExpenses": 238600000,
        "costAndExpenses": 634400000,
        "interestIncome": 0,
        "interestExpense": 2900000,
        "depreciationAndAmortization": 24000000,
        "ebitda": 112000000,
        "ebitdaratio": 0.1613135532,
        "operatingIncome": 59900000,
        "operatingIncomeRatio": 0.086273945,
        "totalOtherIncomeExpensesNet": 24900000,
        "incomeBeforeTax": 84800000,
        "incomeBeforeTaxRatio": 0.1221374046,
        "incomeTaxExpense": 23900000,
        "netIncome": 61200000,
        "netIncomeRatio": 0.0881463344,
        "eps": 0.67,
        "epsdiluted": 0.67,
        "weightedAverageShsOut": 91200000,
        "weightedAverageShsOutDil": 91200000,
        "link": "https://www.sec.gov/Archives/edgar/data/203527/000020352720000016/0000203527-20-000016-index.htm",
        "finalLink": "https://www.sec.gov/Archives/edgar/data/203527/000020352720000016/var-20200703.htm"
    },
    {
        "date": "2020-04-03",
        "symbol": "VAR",
        "reportedCurrency": "USD",
        "cik": "0000203527",
        "fillingDate": "2020-05-12",
        "acceptedDate": "2020-05-12 16:49:08",
        "calendarYear": "2020",
        "period": "Q1",
        "revenue": 794500000,
        "costOfRevenue": 457300000,
        "grossProfit": 337200000,
        "grossProfitRatio": 0.4244178729,
        "researchAndDevelopmentExpenses": 71000000,
        "generalAndAdministrativeExpenses": 175300000,
        "sellingAndMarketingExpenses": 36000000,
        "sellingGeneralAndAdministrativeExpenses": 211300000,
        "otherExpenses": 0,
        "operatingExpenses": 282300000,
        "costAndExpenses": 739600000,
        "interestIncome": 0,
        "interestExpense": 4300000,
        "depreciationAndAmortization": 24400000,
        "ebitda": 81600000,
        "ebitdaratio": 0.1027061045,
        "operatingIncome": 54900000,
        "operatingIncomeRatio": 0.0691000629,
        "totalOtherIncomeExpensesNet": -2100000,
        "incomeBeforeTax": 52800000,
        "incomeBeforeTaxRatio": 0.0664568911,
        "incomeTaxExpense": 9700000,
        "netIncome": 43200000,
        "netIncomeRatio": 0.05437382,
        "eps": 0.47,
        "epsdiluted": 0.47,
        "weightedAverageShsOut": 91400000,
        "weightedAverageShsOutDil": 91400000,
        "link": "https://www.sec.gov/Archives/edgar/data/203527/000020352720000015/0000203527-20-000015-index.htm",
        "finalLink": "https://www.sec.gov/Archives/edgar/data/203527/000020352720000015/var-20200403.htm"
    },
    {
        "date": "2020-01-03",
        "symbol": "VAR",
        "reportedCurrency": "USD",
        "cik": "0000203527",
        "fillingDate": "2020-02-11",
        "acceptedDate": "2020-02-11 16:58:54",
        "calendarYear": "2019",
        "period": "Q4",
        "revenue": 828900000,
        "costOfRevenue": 462100000,
        "grossProfit": 366800000,
        "grossProfitRatio": 0.4425141754,
        "researchAndDevelopmentExpenses": 67100000,
        "generalAndAdministrativeExpenses": 177000000,
        "sellingAndMarketingExpenses": 12700000,
        "sellingGeneralAndAdministrativeExpenses": 189700000,
        "otherExpenses": 0,
        "operatingExpenses": 256800000,
        "costAndExpenses": 718900000,
        "interestIncome": 0,
        "interestExpense": 4700000,
        "depreciationAndAmortization": 25200000,
        "ebitda": 141900000,
        "ebitdaratio": 0.1711907347,
        "operatingIncome": 110000000,
        "operatingIncomeRatio": 0.1327059959,
        "totalOtherIncomeExpensesNet": 2700000,
        "incomeBeforeTax": 112700000,
        "incomeBeforeTaxRatio": 0.1359633249,
        "incomeTaxExpense": 23800000,
        "netIncome": 88200000,
        "netIncomeRatio": 0.1064060803,
        "eps": 0.96,
        "epsdiluted": 0.96,
        "weightedAverageShsOut": 91700000,
        "weightedAverageShsOutDil": 91700000,
        "link": "https://www.sec.gov/Archives/edgar/data/203527/000020352720000008/0000203527-20-000008-index.htm",
        "finalLink": "https://www.sec.gov/Archives/edgar/data/203527/000020352719000025/varian10-k2019q4.htm"
    },
    {
        "date": "2019-09-27",
        "symbol": "VAR",
        "reportedCurrency": "USD",
        "cik": "0000203527",
        "fillingDate": "2019-11-25",
        "acceptedDate": "2019-11-25 17:16:58",
        "calendarYear": "2019",
        "period": "Q3",
        "revenue": 878900000,
        "costOfRevenue": 494300000,
        "grossProfit": 384600000,
        "grossProfitRatio": 0.4375924451,
        "researchAndDevelopmentExpenses": 65200000,
        "generalAndAdministrativeExpenses": 181600000,
        "sellingAndMarketingExpenses": 27000000,
        "sellingGeneralAndAdministrativeExpenses": 208600000,
        "otherExpenses": 0,
        "operatingExpenses": 273800000,
        "costAndExpenses": 768100000,
        "interestIncome": 0,
        "interestExpense": 4800000,
        "depreciationAndAmortization": 36900000,
        "ebitda": 154900000,
        "ebitdaratio": 0.1762430311,
        "operatingIncome": 110800000,
        "operatingIncomeRatio": 0.1260666743,
        "totalOtherIncomeExpensesNet": -400000,
        "incomeBeforeTax": 110400000,
        "incomeBeforeTaxRatio": 0.1256115599,
        "incomeTaxExpense": 42500000,
        "netIncome": 70700000,
        "netIncomeRatio": 0.0804414609,
        "eps": 0.77,
        "epsdiluted": 0.77,
        "weightedAverageShsOut": 91900000,
        "weightedAverageShsOutDil": 91900000,
        "link": "https://www.sec.gov/Archives/edgar/data/203527/000020352719000025/0000203527-19-000025-index.htm",
        "finalLink": "https://www.sec.gov/Archives/edgar/data/203527/000020352719000025/varian10-k2019q4.htm"
    },
    {
        "date": "2019-06-28",
        "symbol": "VAR",
        "reportedCurrency": "USD",
        "cik": "0000203527",
        "fillingDate": "2019-08-07",
        "acceptedDate": "2019-08-07 17:04:23",
        "calendarYear": "2019",
        "period": "Q2",
        "revenue": 825800000,
        "costOfRevenue": 474400000,
        "grossProfit": 351400000,
        "grossProfitRatio": 0.4255267619,
        "researchAndDevelopmentExpenses": 62100000,
        "generalAndAdministrativeExpenses": 153600000,
        "sellingAndMarketingExpenses": 81800000,
        "sellingGeneralAndAdministrativeExpenses": 235400000,
        "otherExpenses": 0,
        "operatingExpenses": 297500000,
        "costAndExpenses": 771900000,
        "interestIncome": 0,
        "interestExpense": 1800000,
        "depreciationAndAmortization": 18900000,
        "ebitda": 74200000,
        "ebitdaratio": 0.0898522645,
        "operatingIncome": 53900000,
        "operatingIncomeRatio": 0.0652700412,
        "totalOtherIncomeExpensesNet": 6100000,
        "incomeBeforeTax": 60000000,
        "incomeBeforeTaxRatio": 0.0726568176,
        "incomeTaxExpense": 24100000,
        "netIncome": 29400000,
        "netIncomeRatio": 0.0356018406,
        "eps": 0.32,
        "epsdiluted": 0.32,
        "weightedAverageShsOut": 91800000,
        "weightedAverageShsOutDil": 91800000,
        "link": "https://www.sec.gov/Archives/edgar/data/203527/000020352719000017/0000203527-19-000017-index.htm",
        "finalLink": "https://www.sec.gov/Archives/edgar/data/203527/000020352719000017/var10qq32019.htm"
    },
    {
        "date": "2019-03-29",
        "symbol": "VAR",
        "reportedCurrency": "USD",
        "cik": "0000203527",
        "fillingDate": "2019-05-08",
        "acceptedDate": "2019-05-08 16:25:23",
        "calendarYear": "2019",
        "period": "Q1",
        "revenue": 779400000,
        "costOfRevenue": 461200000,
        "grossProfit": 318200000,
        "grossProfitRatio": 0.4082627662,
        "researchAndDevelopmentExpenses": 59400000,
        "generalAndAdministrativeExpenses": 149000000,
        "sellingAndMarketingExpenses": 0,
        "sellingGeneralAndAdministrativeExpenses": 149000000,
        "otherExpenses": 0,
        "operatingExpenses": 208400000,
        "costAndExpenses": 669600000,
        "interestIncome": 0,
        "interestExpense": 1000000,
        "depreciationAndAmortization": 19700000,
        "ebitda": 133900000,
        "ebitdaratio": 0.1717988196,
        "operatingIncome": 109800000,
        "operatingIncomeRatio": 0.1408775982,
        "totalOtherIncomeExpensesNet": 3200000,
        "incomeBeforeTax": 113000000,
        "incomeBeforeTaxRatio": 0.1449833205,
        "incomeTaxExpense": 24600000,
        "netIncome": 88600000,
        "netIncomeRatio": 0.1136771876,
        "eps": 0.96,
        "epsdiluted": 0.96,
        "weightedAverageShsOut": 91900000,
        "weightedAverageShsOutDil": 91900000,
        "link": "https://www.sec.gov/Archives/edgar/data/203527/000020352719000008/0000203527-19-000008-index.htm",
        "finalLink": "https://www.sec.gov/Archives/edgar/data/203527/000020352719000008/var10qq22019.htm"
    },
    {
        "date": "2018-12-28",
        "symbol": "VAR",
        "reportedCurrency": "USD",
        "cik": "0000203527",
        "fillingDate": "2019-02-05",
        "acceptedDate": "2019-02-05 16:46:36",
        "calendarYear": "2018",
        "period": "Q4",
        "revenue": 741000000,
        "costOfRevenue": 424900000,
        "grossProfit": 316100000,
        "grossProfitRatio": 0.426585695,
        "researchAndDevelopmentExpenses": 60900000,
        "generalAndAdministrativeExpenses": 143500000,
        "sellingAndMarketingExpenses": 0,
        "sellingGeneralAndAdministrativeExpenses": 143500000,
        "otherExpenses": 0,
        "operatingExpenses": 204400000,
        "costAndExpenses": 629300000,
        "interestIncome": 0,
        "interestExpense": 1200000,
        "depreciationAndAmortization": 17500000,
        "ebitda": 153100000,
        "ebitdaratio": 0.2066126856,
        "operatingIncome": 111700000,
        "operatingIncomeRatio": 0.1507422402,
        "totalOtherIncomeExpensesNet": 25700000,
        "incomeBeforeTax": 137400000,
        "incomeBeforeTaxRatio": 0.1854251012,
        "incomeTaxExpense": 31200000,
        "netIncome": 103200000,
        "netIncomeRatio": 0.1392712551,
        "eps": 1.12,
        "epsdiluted": 1.12,
        "weightedAverageShsOut": 92000000,
        "weightedAverageShsOutDil": 92000000,
        "link": "https://www.sec.gov/Archives/edgar/data/203527/000162828019000970/0001628280-19-000970-index.htm",
        "finalLink": "https://www.sec.gov/Archives/edgar/data/203527/000162828018014588/varian10-k2018.htm"
    },
    {
        "date": "2018-09-28",
        "symbol": "VAR",
        "reportedCurrency": "USD",
        "cik": "0000203527",
        "fillingDate": "2018-11-26",
        "acceptedDate": "2018-11-26 17:24:06",
        "calendarYear": "2018",
        "period": "Q3",
        "revenue": 801600000,
        "costOfRevenue": 462900000,
        "grossProfit": 338700000,
        "grossProfitRatio": 0.4225299401,
        "researchAndDevelopmentExpenses": 59600000,
        "generalAndAdministrativeExpenses": 178900000,
        "sellingAndMarketingExpenses": -30000000,
        "sellingGeneralAndAdministrativeExpenses": 148900000,
        "otherExpenses": 0,
        "operatingExpenses": 208500000,
        "costAndExpenses": 671400000,
        "interestIncome": 0,
        "interestExpense": 1100000,
        "depreciationAndAmortization": 19200000,
        "ebitda": 169000000,
        "ebitdaratio": 0.2108283433,
        "operatingIncome": 130200000,
        "operatingIncomeRatio": 0.1624251497,
        "totalOtherIncomeExpensesNet": 11800000,
        "incomeBeforeTax": 142000000,
        "incomeBeforeTaxRatio": 0.1771457086,
        "incomeTaxExpense": 32300000,
        "netIncome": 116400000,
        "netIncomeRatio": 0.1452095808,
        "eps": 1.26,
        "epsdiluted": 1.26,
        "weightedAverageShsOut": 92200000,
        "weightedAverageShsOutDil": 92200000,
        "link": "https://www.sec.gov/Archives/edgar/data/203527/000162828018014588/0001628280-18-014588-index.htm",
        "finalLink": "https://www.sec.gov/Archives/edgar/data/203527/000162828018014588/varian10-k2018.htm"
    },
    {
        "date": "2018-06-29",
        "symbol": "VAR",
        "reportedCurrency": "USD",
        "cik": "0000203527",
        "fillingDate": "2018-08-07",
        "acceptedDate": "2018-08-07 16:49:58",
        "calendarYear": "2018",
        "period": "Q2",
        "revenue": 709100000,
        "costOfRevenue": 395500000,
        "grossProfit": 313600000,
        "grossProfitRatio": 0.4422507404,
        "researchAndDevelopmentExpenses": 59500000,
        "generalAndAdministrativeExpenses": 113400000,
        "sellingAndMarketingExpenses": 49200000,
        "sellingGeneralAndAdministrativeExpenses": 162600000,
        "otherExpenses": 0,
        "operatingExpenses": 222100000,
        "costAndExpenses": 617600000,
        "interestIncome": 0,
        "interestExpense": 1300000,
        "depreciationAndAmortization": 17700000,
        "ebitda": 109500000,
        "ebitdaratio": 0.1544210972,
        "operatingIncome": 91500000,
        "operatingIncomeRatio": 0.1290368072,
        "totalOtherIncomeExpensesNet": 500000,
        "incomeBeforeTax": 92000000,
        "incomeBeforeTaxRatio": 0.1297419264,
        "incomeTaxExpense": 17900000,
        "netIncome": 72600000,
        "netIncomeRatio": 0.1023833028,
        "eps": 0.78,
        "epsdiluted": 0.78,
        "weightedAverageShsOut": 92500000,
        "weightedAverageShsOutDil": 92500000,
        "link": "https://www.sec.gov/Archives/edgar/data/203527/000162828018010705/0001628280-18-010705-index.htm",
        "finalLink": "https://www.sec.gov/Archives/edgar/data/203527/000162828018010705/var10qq32018.htm"
    },
    {
        "date": "2018-03-30",
        "symbol": "VAR",
        "reportedCurrency": "USD",
        "cik": "0000203527",
        "fillingDate": "2018-05-08",
        "acceptedDate": "2018-05-08 17:18:00",
        "calendarYear": "2018",
        "period": "Q1",
        "revenue": 729900000,
        "costOfRevenue": 411400000,
        "grossProfit": 318500000,
        "grossProfitRatio": 0.4363611454,
        "researchAndDevelopmentExpenses": 58900000,
        "generalAndAdministrativeExpenses": 139400000,
        "sellingAndMarketingExpenses": 11100000,
        "sellingGeneralAndAdministrativeExpenses": 150500000,
        "otherExpenses": 0,
        "operatingExpenses": 209400000,
        "costAndExpenses": 620800000,
        "interestIncome": 0,
        "interestExpense": 2300000,
        "depreciationAndAmortization": 16700000,
        "ebitda": 108400000,
        "ebitdaratio": 0.148513495,
        "operatingIncome": 109100000,
        "operatingIncomeRatio": 0.1494725305,
        "totalOtherIncomeExpensesNet": -13500000,
        "incomeBeforeTax": 95600000,
        "incomeBeforeTaxRatio": 0.1309768461,
        "incomeTaxExpense": 16200000,
        "netIncome": 73200000,
        "netIncomeRatio": 0.1002877106,
        "eps": 0.79,
        "epsdiluted": 0.79,
        "weightedAverageShsOut": 92600000,
        "weightedAverageShsOutDil": 92600000,
        "link": "https://www.sec.gov/Archives/edgar/data/203527/000162828018006282/0001628280-18-006282-index.htm",
        "finalLink": "https://www.sec.gov/Archives/edgar/data/203527/000162828018006282/var10qq22018.htm"
    },
    {
        "date": "2017-12-29",
        "symbol": "VAR",
        "reportedCurrency": "USD",
        "cik": "0000203527",
        "fillingDate": "2018-02-07",
        "acceptedDate": "2018-02-07 16:45:29",
        "calendarYear": "2017",
        "period": "Q4",
        "revenue": 678500000,
        "costOfRevenue": 375700000,
        "grossProfit": 302800000,
        "grossProfitRatio": 0.4462785556,
        "researchAndDevelopmentExpenses": 55900000,
        "generalAndAdministrativeExpenses": 130200000,
        "sellingAndMarketingExpenses": -4699999.99999997,
        "sellingGeneralAndAdministrativeExpenses": 125500000,
        "otherExpenses": 0,
        "operatingExpenses": 181400000,
        "costAndExpenses": 557100000,
        "interestIncome": 0,
        "interestExpense": 2100000,
        "depreciationAndAmortization": 19100000,
        "ebitda": -63500000,
        "ebitdaratio": -0.0935887988,
        "operatingIncome": 121400000,
        "operatingIncomeRatio": 0.1789240973,
        "totalOtherIncomeExpensesNet": 1100000,
        "incomeBeforeTax": 122500000,
        "incomeBeforeTaxRatio": 0.1805453206,
        "incomeTaxExpense": 27600000,
        "netIncome": -112300000,
        "netIncomeRatio": -0.1655121592,
        "eps": -1.23,
        "epsdiluted": -1.23,
        "weightedAverageShsOut": 91600000,
        "weightedAverageShsOutDil": 91600000,
        "link": "https://www.sec.gov/Archives/edgar/data/203527/000162828018001216/0001628280-18-001216-index.htm",
        "finalLink": "https://www.sec.gov/Archives/edgar/data/203527/000162828017011837/varian10-k2017.htm"
    },
    {
        "date": "2017-09-29",
        "symbol": "VAR",
        "reportedCurrency": "USD",
        "cik": "0000203527",
        "fillingDate": "2017-11-27",
        "acceptedDate": "2017-11-27 17:29:12",
        "calendarYear": "2017",
        "period": "Q3",
        "revenue": 721800000,
        "costOfRevenue": 416000000,
        "grossProfit": 305800000,
        "grossProfitRatio": 0.4236630646,
        "researchAndDevelopmentExpenses": 51700000,
        "generalAndAdministrativeExpenses": 119100000,
        "sellingAndMarketingExpenses": 30800000,
        "sellingGeneralAndAdministrativeExpenses": 149900000,
        "otherExpenses": 0,
        "operatingExpenses": 201600000,
        "costAndExpenses": 617600000,
        "interestIncome": 0,
        "interestExpense": 2700000,
        "depreciationAndAmortization": 18400000,
        "ebitda": 125800000,
        "ebitdaratio": 0.174286506,
        "operatingIncome": 104200000,
        "operatingIncomeRatio": 0.1443613189,
        "totalOtherIncomeExpensesNet": 500000,
        "incomeBeforeTax": 104700000,
        "incomeBeforeTaxRatio": 0.1450540316,
        "incomeTaxExpense": 26100000,
        "netIncome": 78600000,
        "netIncomeRatio": 0.1088944306,
        "eps": 0.85,
        "epsdiluted": 0.85,
        "weightedAverageShsOut": 92300000,
        "weightedAverageShsOutDil": 92300000,
        "link": "https://www.sec.gov/Archives/edgar/data/203527/000162828017011837/0001628280-17-011837-index.htm",
        "finalLink": "https://www.sec.gov/Archives/edgar/data/203527/000162828017011837/varian10-k2017.htm"
    },
    {
        "date": "2017-06-30",
        "symbol": "VAR",
        "reportedCurrency": "USD",
        "cik": "0000203527",
        "fillingDate": "2017-08-08",
        "acceptedDate": "2017-08-08 16:48:45",
        "calendarYear": "2017",
        "period": "Q2",
        "revenue": 662400000,
        "costOfRevenue": 369100000,
        "grossProfit": 293300000,
        "grossProfitRatio": 0.4427838164,
        "researchAndDevelopmentExpenses": 55100000,
        "generalAndAdministrativeExpenses": 121900000,
        "sellingAndMarketingExpenses": 0,
        "sellingGeneralAndAdministrativeExpenses": 121900000,
        "otherExpenses": 0,
        "operatingExpenses": 177000000,
        "costAndExpenses": 546100000,
        "interestIncome": 0,
        "interestExpense": 2700000,
        "depreciationAndAmortization": 17500000,
        "ebitda": 136500000,
        "ebitdaratio": 0.2060688406,
        "operatingIncome": 116300000,
        "operatingIncomeRatio": 0.1755736715,
        "totalOtherIncomeExpensesNet": 200000,
        "incomeBeforeTax": 116500000,
        "incomeBeforeTaxRatio": 0.1758756039,
        "incomeTaxExpense": 25900000,
        "netIncome": 90400000,
        "netIncomeRatio": 0.13647343,
        "eps": 0.99,
        "epsdiluted": 0.98,
        "weightedAverageShsOut": 91700000,
        "weightedAverageShsOutDil": 92400000,
        "link": "https://www.sec.gov/Archives/edgar/data/203527/000162828017008347/0001628280-17-008347-index.htm",
        "finalLink": "https://www.sec.gov/Archives/edgar/data/203527/000162828017008347/var10qq32017.htm"
    },
    {
        "date": "2017-03-31",
        "symbol": "VAR",
        "reportedCurrency": "USD",
        "cik": "0000203527",
        "fillingDate": "2017-05-09",
        "acceptedDate": "2017-05-09 16:57:01",
        "calendarYear": "2017",
        "period": "Q1",
        "revenue": 655000000,
        "costOfRevenue": 379700000,
        "grossProfit": 275300000,
        "grossProfitRatio": 0.4203053435,
        "researchAndDevelopmentExpenses": 53300000,
        "generalAndAdministrativeExpenses": 132200000,
        "sellingAndMarketingExpenses": 0,
        "sellingGeneralAndAdministrativeExpenses": 132200000,
        "otherExpenses": 0,
        "operatingExpenses": 185500000,
        "costAndExpenses": 565200000,
        "interestIncome": 0,
        "interestExpense": 2400000,
        "depreciationAndAmortization": 18700000,
        "ebitda": 98000000,
        "ebitdaratio": 0.1496183206,
        "operatingIncome": 89800000,
        "operatingIncomeRatio": 0.1370992366,
        "totalOtherIncomeExpensesNet": 300000,
        "incomeBeforeTax": 90100000,
        "incomeBeforeTaxRatio": 0.1375572519,
        "incomeTaxExpense": 20800000,
        "netIncome": 56100000,
        "netIncomeRatio": 0.085648855,
        "eps": 0.6,
        "epsdiluted": 0.6,
        "weightedAverageShsOut": 93000000,
        "weightedAverageShsOutDil": 93700000,
        "link": "https://www.sec.gov/Archives/edgar/data/203527/000162828017005261/0001628280-17-005261-index.htm",
        "finalLink": "https://www.sec.gov/Archives/edgar/data/203527/000162828017005261/var10qq22017.htm"
    },
    {
        "date": "2016-12-30",
        "symbol": "VAR",
        "reportedCurrency": "USD",
        "cik": "0000203527",
        "fillingDate": "2017-02-07",
        "acceptedDate": "2017-02-07 17:17:37",
        "calendarYear": "2016",
        "period": "Q4",
        "revenue": 601500000,
        "costOfRevenue": 334500000,
        "grossProfit": 267000000,
        "grossProfitRatio": 0.4438902743,
        "researchAndDevelopmentExpenses": 49900000,
        "generalAndAdministrativeExpenses": 142700000,
        "sellingAndMarketingExpenses": 57000000,
        "sellingGeneralAndAdministrativeExpenses": 199700000,
        "otherExpenses": 0,
        "operatingExpenses": 249600000,
        "costAndExpenses": 584100000,
        "interestIncome": 0,
        "interestExpense": 2900000,
        "depreciationAndAmortization": 22300000,
        "ebitda": 50400000,
        "ebitdaratio": 0.0837905237,
        "operatingIncome": 17400000,
        "operatingIncomeRatio": 0.0289276808,
        "totalOtherIncomeExpensesNet": 1900000,
        "incomeBeforeTax": 19300000,
        "incomeBeforeTaxRatio": 0.0320864505,
        "incomeTaxExpense": 11300000,
        "netIncome": 13900000,
        "netIncomeRatio": 0.0231088944,
        "eps": 0.15,
        "epsdiluted": 0.15,
        "weightedAverageShsOut": 94200000,
        "weightedAverageShsOutDil": 94200000,
        "link": "https://www.sec.gov/Archives/edgar/data/203527/000162828017000959/0001628280-17-000959-index.htm",
        "finalLink": "https://www.sec.gov/Archives/edgar/data/203527/000162828016021672/varian10-k2016.htm"
    },
    {
        "date": "2016-09-30",
        "symbol": "VAR",
        "reportedCurrency": "USD",
        "cik": "0000203527",
        "fillingDate": "2016-11-23",
        "acceptedDate": "2016-11-23 17:13:02",
        "calendarYear": "2016",
        "period": "Q3",
        "revenue": 912481000,
        "costOfRevenue": 524521000,
        "grossProfit": 387960000,
        "grossProfitRatio": 0.4251704967,
        "researchAndDevelopmentExpenses": 66459000,
        "generalAndAdministrativeExpenses": 134903000,
        "sellingAndMarketingExpenses": 0,
        "sellingGeneralAndAdministrativeExpenses": 134903000,
        "otherExpenses": 0,
        "operatingExpenses": 201362000,
        "costAndExpenses": 725883000,
        "interestIncome": 0,
        "interestExpense": 3352000,
        "depreciationAndAmortization": 23429000,
        "ebitda": 197461000,
        "ebitdaratio": 0.2164001223,
        "operatingIncome": 186598000,
        "operatingIncomeRatio": 0.2044952169,
        "totalOtherIncomeExpensesNet": -15636000,
        "incomeBeforeTax": 170962000,
        "incomeBeforeTaxRatio": 0.1873595176,
        "incomeTaxExpense": 53173000,
        "netIncome": 117507000,
        "netIncomeRatio": 0.1287774759,
        "eps": 1.25,
        "epsdiluted": 1.24,
        "weightedAverageShsOut": 93700000,
        "weightedAverageShsOutDil": 94500000,
        "link": "https://www.sec.gov/Archives/edgar/data/203527/000162828016021672/0001628280-16-021672-index.htm",
        "finalLink": "https://www.sec.gov/Archives/edgar/data/203527/000162828016021672/varian10-k2016.htm"
    },
    {
        "date": "2016-07-01",
        "symbol": "VAR",
        "reportedCurrency": "USD",
        "cik": "0000203527",
        "fillingDate": "2016-08-09",
        "acceptedDate": "2016-08-09 16:37:46",
        "calendarYear": "2016",
        "period": "Q2",
        "revenue": 642900000,
        "costOfRevenue": 359400000,
        "grossProfit": 283500000,
        "grossProfitRatio": 0.440970602,
        "researchAndDevelopmentExpenses": 51100000,
        "generalAndAdministrativeExpenses": 125800000,
        "sellingAndMarketingExpenses": 4500000,
        "sellingGeneralAndAdministrativeExpenses": 130300000,
        "otherExpenses": 0,
        "operatingExpenses": 181400000,
        "costAndExpenses": 540800000,
        "interestIncome": 0,
        "interestExpense": 2906000,
        "depreciationAndAmortization": 18500000,
        "ebitda": 142006000,
        "ebitdaratio": 0.2208834967,
        "operatingIncome": 102100000,
        "operatingIncomeRatio": 0.1588116348,
        "totalOtherIncomeExpensesNet": 1600000,
        "incomeBeforeTax": 103700000,
        "incomeBeforeTaxRatio": 0.1613003578,
        "incomeTaxExpense": 21800000,
        "netIncome": 98800000,
        "netIncomeRatio": 0.1536786436,
        "eps": 1.04,
        "epsdiluted": 1.04,
        "weightedAverageShsOut": 95400000,
        "weightedAverageShsOutDil": 95400000,
        "link": "https://www.sec.gov/Archives/edgar/data/203527/000162828016018815/0001628280-16-018815-index.htm",
        "finalLink": "https://www.sec.gov/Archives/edgar/data/203527/000162828016018815/var10qq32016.htm"
    },
    {
        "date": "2016-04-01",
        "symbol": "VAR",
        "reportedCurrency": "USD",
        "cik": "0000203527",
        "fillingDate": "2016-05-10",
        "acceptedDate": "2016-05-10 16:14:18",
        "calendarYear": "2016",
        "period": "Q1",
        "revenue": 615200000,
        "costOfRevenue": 357100000,
        "grossProfit": 258100000,
        "grossProfitRatio": 0.4195383615,
        "researchAndDevelopmentExpenses": 49000000,
        "generalAndAdministrativeExpenses": 115500000,
        "sellingAndMarketingExpenses": -9399999.99999997,
        "sellingGeneralAndAdministrativeExpenses": 106100000,
        "otherExpenses": 0,
        "operatingExpenses": 155100000,
        "costAndExpenses": 512200000,
        "interestIncome": 0,
        "interestExpense": 3312000,
        "depreciationAndAmortization": 19400000,
        "ebitda": 146512000,
        "ebitdaratio": 0.238153446,
        "operatingIncome": 103000000,
        "operatingIncomeRatio": 0.1674252276,
        "totalOtherIncomeExpensesNet": 1000000,
        "incomeBeforeTax": 104000000,
        "incomeBeforeTaxRatio": 0.1690507152,
        "incomeTaxExpense": 26800000,
        "netIncome": 97000000,
        "netIncomeRatio": 0.1576723017,
        "eps": 1.01,
        "epsdiluted": 1.01,
        "weightedAverageShsOut": 96200000,
        "weightedAverageShsOutDil": 96200000,
        "link": "https://www.sec.gov/Archives/edgar/data/203527/000162828016016061/0001628280-16-016061-index.htm",
        "finalLink": "https://www.sec.gov/Archives/edgar/data/203527/000162828016016061/var10qq22016.htm"
    },
    {
        "date": "2016-01-01",
        "symbol": "VAR",
        "reportedCurrency": "USD",
        "cik": "0000203527",
        "fillingDate": "2016-02-09",
        "acceptedDate": "2016-02-09 16:41:33",
        "calendarYear": "2015",
        "period": "Q4",
        "revenue": 615800000,
        "costOfRevenue": 363300000,
        "grossProfit": 252500000,
        "grossProfitRatio": 0.4100357259,
        "researchAndDevelopmentExpenses": 47600000,
        "generalAndAdministrativeExpenses": 109200000,
        "sellingAndMarketingExpenses": 7400000,
        "sellingGeneralAndAdministrativeExpenses": 116600000,
        "otherExpenses": 0,
        "operatingExpenses": 164200000,
        "costAndExpenses": 527500000,
        "interestIncome": 0,
        "interestExpense": 2230000,
        "depreciationAndAmortization": 18500000,
        "ebitda": 127830000,
        "ebitdaratio": 0.207583631,
        "operatingIncome": 88300000,
        "operatingIncomeRatio": 0.1433907113,
        "totalOtherIncomeExpensesNet": 1700000,
        "incomeBeforeTax": 90000000,
        "incomeBeforeTaxRatio": 0.1461513478,
        "incomeTaxExpense": 18100000,
        "netIncome": 89000000,
        "netIncomeRatio": 0.144527444,
        "eps": 0.92,
        "epsdiluted": 0.92,
        "weightedAverageShsOut": 96700000,
        "weightedAverageShsOutDil": 96700000,
        "link": "https://www.sec.gov/Archives/edgar/data/203527/000162828016010877/0001628280-16-010877-index.htm",
        "finalLink": "https://www.sec.gov/Archives/edgar/data/203527/000162828015008998/varian10-k.htm"
    },
    {
        "date": "2015-10-02",
        "symbol": "VAR",
        "reportedCurrency": "USD",
        "cik": "0000203527",
        "fillingDate": "2015-11-25",
        "acceptedDate": "2015-11-25 17:12:08",
        "calendarYear": "2015",
        "period": "Q3",
        "revenue": 209400000,
        "costOfRevenue": 141900000,
        "grossProfit": 67500000,
        "grossProfitRatio": 0.3223495702,
        "researchAndDevelopmentExpenses": 19000000,
        "generalAndAdministrativeExpenses": 134900000,
        "sellingAndMarketingExpenses": -62300000,
        "sellingGeneralAndAdministrativeExpenses": 72600000,
        "otherExpenses": 0,
        "operatingExpenses": 91600000,
        "costAndExpenses": 233500000,
        "interestIncome": 0,
        "interestExpense": 2008000,
        "depreciationAndAmortization": 18500000,
        "ebitda": 98608000,
        "ebitdaratio": 0.4709073543,
        "operatingIncome": -24000000,
        "operatingIncomeRatio": -0.1146131805,
        "totalOtherIncomeExpensesNet": 1900000,
        "incomeBeforeTax": -22100000,
        "incomeBeforeTaxRatio": -0.1055396371,
        "incomeTaxExpense": -20600000,
        "netIncome": 98700000,
        "netIncomeRatio": 0.4713467049,
        "eps": 1,
        "epsdiluted": 1,
        "weightedAverageShsOut": 98500000,
        "weightedAverageShsOutDil": 98500000,
        "link": "https://www.sec.gov/Archives/edgar/data/203527/000162828015008998/0001628280-15-008998-index.htm",
        "finalLink": "https://www.sec.gov/Archives/edgar/data/203527/000162828015008998/varian10-k.htm"
    },
    {
        "date": "2015-07-03",
        "symbol": "VAR",
        "reportedCurrency": "USD",
        "cik": "0000203527",
        "fillingDate": "2015-08-11",
        "acceptedDate": "2015-08-11 16:43:12",
        "calendarYear": "2015",
        "period": "Q2",
        "revenue": 784000000,
        "costOfRevenue": 469000000,
        "grossProfit": 315000000,
        "grossProfitRatio": 0.4017857143,
        "researchAndDevelopmentExpenses": 60000000,
        "generalAndAdministrativeExpenses": 112200000,
        "sellingAndMarketingExpenses": -1400000.0000000596,
        "sellingGeneralAndAdministrativeExpenses": 110800000,
        "otherExpenses": 0,
        "operatingExpenses": 170800000,
        "costAndExpenses": 639800000,
        "interestIncome": 0,
        "interestExpense": 1881000,
        "depreciationAndAmortization": 16600000,
        "ebitda": 164181000,
        "ebitdaratio": 0.2094145408,
        "operatingIncome": 144200000,
        "operatingIncomeRatio": 0.1839285714,
        "totalOtherIncomeExpensesNet": 1700000,
        "incomeBeforeTax": 145900000,
        "incomeBeforeTaxRatio": 0.1860969388,
        "incomeTaxExpense": 32200000,
        "netIncome": 113500000,
        "netIncomeRatio": 0.1447704082,
        "eps": 1.13,
        "epsdiluted": 1.13,
        "weightedAverageShsOut": 100500000,
        "weightedAverageShsOutDil": 100500000,
        "link": "https://www.sec.gov/Archives/edgar/data/203527/000162828015006459/0001628280-15-006459-index.htm",
        "finalLink": "https://www.sec.gov/Archives/edgar/data/203527/000162828015006459/var10q20150703.htm"
    },
    {
        "date": "2015-04-03",
        "symbol": "VAR",
        "reportedCurrency": "USD",
        "cik": "0000203527",
        "fillingDate": "2015-05-12",
        "acceptedDate": "2015-05-12 16:40:09",
        "calendarYear": "2015",
        "period": "Q1",
        "revenue": 759400000,
        "costOfRevenue": 436900000,
        "grossProfit": 322500000,
        "grossProfitRatio": 0.4246773769,
        "researchAndDevelopmentExpenses": 59300000,
        "generalAndAdministrativeExpenses": 91600000,
        "sellingAndMarketingExpenses": 25600000,
        "sellingGeneralAndAdministrativeExpenses": 117200000,
        "otherExpenses": 0,
        "operatingExpenses": 176500000,
        "costAndExpenses": 613400000,
        "interestIncome": 0,
        "interestExpense": 2001000,
        "depreciationAndAmortization": 16400000,
        "ebitda": 165501000,
        "ebitdaratio": 0.2179365288,
        "operatingIncome": 146000000,
        "operatingIncomeRatio": 0.192257045,
        "totalOtherIncomeExpensesNet": 1100000,
        "incomeBeforeTax": 147100000,
        "incomeBeforeTaxRatio": 0.193705557,
        "incomeTaxExpense": 41100000,
        "netIncome": 106000000,
        "netIncomeRatio": 0.139583882,
        "eps": 1.05,
        "epsdiluted": 1.05,
        "weightedAverageShsOut": 101000000,
        "weightedAverageShsOutDil": 101000000,
        "link": "https://www.sec.gov/Archives/edgar/data/203527/000162828015004095/0001628280-15-004095-index.htm",
        "finalLink": "https://www.sec.gov/Archives/edgar/data/203527/000162828015004095/var-10q_20150403.htm"
    },
    {
        "date": "2015-01-02",
        "symbol": "VAR",
        "reportedCurrency": "USD",
        "cik": "0000203527",
        "fillingDate": "2015-02-10",
        "acceptedDate": "2015-02-10 16:35:43",
        "calendarYear": "2014",
        "period": "Q4",
        "revenue": 737900000,
        "costOfRevenue": 410800000,
        "grossProfit": 327100000,
        "grossProfitRatio": 0.443284998,
        "researchAndDevelopmentExpenses": 57100000,
        "generalAndAdministrativeExpenses": 118500000,
        "sellingAndMarketingExpenses": 22000000,
        "sellingGeneralAndAdministrativeExpenses": 140500000,
        "otherExpenses": 0,
        "operatingExpenses": 197600000,
        "costAndExpenses": 608400000,
        "interestIncome": 0,
        "interestExpense": 2045000,
        "depreciationAndAmortization": 17000000,
        "ebitda": 149445000,
        "ebitdaratio": 0.2025274427,
        "operatingIncome": 129500000,
        "operatingIncomeRatio": 0.175498035,
        "totalOtherIncomeExpensesNet": 900000,
        "incomeBeforeTax": 130400000,
        "incomeBeforeTaxRatio": 0.1767177124,
        "incomeTaxExpense": 37100000,
        "netIncome": 93300000,
        "netIncomeRatio": 0.126439897,
        "eps": 0.92,
        "epsdiluted": 0.92,
        "weightedAverageShsOut": 101600000,
        "weightedAverageShsOutDil": 101600000,
        "link": "https://www.sec.gov/Archives/edgar/data/203527/000162828015000559/0001628280-15-000559-index.htm",
        "finalLink": "https://www.sec.gov/Archives/edgar/data/203527/000156459014005915/var-10k_20140926.htm"
    },
    {
        "date": "2014-09-26",
        "symbol": "VAR",
        "reportedCurrency": "USD",
        "cik": "0000203527",
        "fillingDate": "2014-11-25",
        "acceptedDate": "2014-11-24 20:06:30",
        "calendarYear": "2014",
        "period": "Q3",
        "revenue": 812100000,
        "costOfRevenue": 472000000,
        "grossProfit": 340100000,
        "grossProfitRatio": 0.4187907893,
        "researchAndDevelopmentExpenses": 59200000,
        "generalAndAdministrativeExpenses": 135100000,
        "sellingAndMarketingExpenses": -13300000,
        "sellingGeneralAndAdministrativeExpenses": 121800000,
        "otherExpenses": 0,
        "operatingExpenses": 181000000,
        "costAndExpenses": 653000000,
        "interestIncome": 0,
        "interestExpense": 1624000,
        "depreciationAndAmortization": 16500000,
        "ebitda": 178424000,
        "ebitdaratio": 0.2197069326,
        "operatingIncome": 159100000,
        "operatingIncomeRatio": 0.1959118335,
        "totalOtherIncomeExpensesNet": 1100000,
        "incomeBeforeTax": 160200000,
        "incomeBeforeTaxRatio": 0.1972663465,
        "incomeTaxExpense": 54400000,
        "netIncome": 105900000,
        "netIncomeRatio": 0.1304026598,
        "eps": 1.02,
        "epsdiluted": 1.02,
        "weightedAverageShsOut": 103400000,
        "weightedAverageShsOutDil": 103400000,
        "link": "https://www.sec.gov/Archives/edgar/data/203527/000156459014005915/0001564590-14-005915-index.htm",
        "finalLink": "https://www.sec.gov/Archives/edgar/data/203527/000156459014005915/var-10k_20140926.htm"
    },
    {
        "date": "2014-06-27",
        "symbol": "VAR",
        "reportedCurrency": "USD",
        "cik": "0000203527",
        "fillingDate": "2014-08-05",
        "acceptedDate": "2014-08-05 17:15:51",
        "calendarYear": "2014",
        "period": "Q2",
        "revenue": 747700000,
        "costOfRevenue": 424000000,
        "grossProfit": 323700000,
        "grossProfitRatio": 0.4329276448,
        "researchAndDevelopmentExpenses": 57000000,
        "generalAndAdministrativeExpenses": 123100000,
        "sellingAndMarketingExpenses": 1100000,
        "sellingGeneralAndAdministrativeExpenses": 124200000,
        "otherExpenses": 0,
        "operatingExpenses": 181200000,
        "costAndExpenses": 605200000,
        "interestIncome": 0,
        "interestExpense": 1787000,
        "depreciationAndAmortization": 15400000,
        "ebitda": 160987000,
        "ebitdaratio": 0.2153096162,
        "operatingIncome": 142500000,
        "operatingIncomeRatio": 0.190584459,
        "totalOtherIncomeExpensesNet": 1300000,
        "incomeBeforeTax": 143800000,
        "incomeBeforeTaxRatio": 0.1923231242,
        "incomeTaxExpense": 36700000,
        "netIncome": 107100000,
        "netIncomeRatio": 0.1432392671,
        "eps": 1.02,
        "epsdiluted": 1.02,
        "weightedAverageShsOut": 104900000,
        "weightedAverageShsOutDil": 104900000,
        "link": "https://www.sec.gov/Archives/edgar/data/203527/000156459014003152/0001564590-14-003152-index.htm",
        "finalLink": "https://www.sec.gov/Archives/edgar/data/203527/000156459014003152/var-10q_20140627.htm"
    },
    {
        "date": "2014-03-28",
        "symbol": "VAR",
        "reportedCurrency": "USD",
        "cik": "0000203527",
        "fillingDate": "2014-05-05",
        "acceptedDate": "2014-05-05 17:19:25",
        "calendarYear": "2014",
        "period": "Q1",
        "revenue": 778500000,
        "costOfRevenue": 450200000,
        "grossProfit": 328300000,
        "grossProfitRatio": 0.4217084136,
        "researchAndDevelopmentExpenses": 60700000,
        "generalAndAdministrativeExpenses": 118200000,
        "sellingAndMarketingExpenses": 21900000,
        "sellingGeneralAndAdministrativeExpenses": 140100000,
        "otherExpenses": 0,
        "operatingExpenses": 200800000,
        "costAndExpenses": 651000000,
        "interestIncome": 0,
        "interestExpense": 1855000,
        "depreciationAndAmortization": 14500000,
        "ebitda": 144555000,
        "ebitdaratio": 0.1856840077,
        "operatingIncome": 127500000,
        "operatingIncomeRatio": 0.1637764933,
        "totalOtherIncomeExpensesNet": 600000,
        "incomeBeforeTax": 128100000,
        "incomeBeforeTaxRatio": 0.1645472062,
        "incomeTaxExpense": 35400000,
        "netIncome": 92800000,
        "netIncomeRatio": 0.1192035967,
        "eps": 0.88,
        "epsdiluted": 0.88,
        "weightedAverageShsOut": 105400000,
        "weightedAverageShsOutDil": 105400000,
        "link": "https://www.sec.gov/Archives/edgar/data/203527/000156459014001786/0001564590-14-001786-index.htm",
        "finalLink": "https://www.sec.gov/Archives/edgar/data/203527/000156459014001786/var-10q_20140328.htm"
    },
    {
        "date": "2013-12-27",
        "symbol": "VAR",
        "reportedCurrency": "USD",
        "cik": "0000203527",
        "fillingDate": "2014-01-30",
        "acceptedDate": "2014-01-30 16:30:50",
        "calendarYear": "2013",
        "period": "Q4",
        "revenue": 711500000,
        "costOfRevenue": 401900000,
        "grossProfit": 309600000,
        "grossProfitRatio": 0.4351370344,
        "researchAndDevelopmentExpenses": 58000000,
        "generalAndAdministrativeExpenses": 109600000,
        "sellingAndMarketingExpenses": 0,
        "sellingGeneralAndAdministrativeExpenses": 109600000,
        "otherExpenses": 0,
        "operatingExpenses": 167600000,
        "costAndExpenses": 569500000,
        "interestIncome": 0,
        "interestExpense": 1893000,
        "depreciationAndAmortization": 16100000,
        "ebitda": 160393000,
        "ebitdaratio": 0.2254293746,
        "operatingIncome": 142000000,
        "operatingIncomeRatio": 0.1995783556,
        "totalOtherIncomeExpensesNet": 400000,
        "incomeBeforeTax": 142400000,
        "incomeBeforeTaxRatio": 0.2001405481,
        "incomeTaxExpense": 44400000,
        "netIncome": 98000000,
        "netIncomeRatio": 0.137737175,
        "eps": 0.91,
        "epsdiluted": 0.91,
        "weightedAverageShsOut": 107400000,
        "weightedAverageShsOutDil": 107400000,
        "link": "https://www.sec.gov/Archives/edgar/data/203527/000156459014000084/0001564590-14-000084-index.htm",
        "finalLink": "https://www.sec.gov/Archives/edgar/data/203527/000156459013001371/var-10k_20130927.htm"
    },
    {
        "date": "2013-09-27",
        "symbol": "VAR",
        "reportedCurrency": "USD",
        "cik": "0000203527",
        "fillingDate": "2013-11-26",
        "acceptedDate": "2013-11-26 16:46:24",
        "calendarYear": "2013",
        "period": "Q3",
        "revenue": 769900000,
        "costOfRevenue": 441400000,
        "grossProfit": 328500000,
        "grossProfitRatio": 0.4266787895,
        "researchAndDevelopmentExpenses": 56900000,
        "generalAndAdministrativeExpenses": 104600000,
        "sellingAndMarketingExpenses": 6100000,
        "sellingGeneralAndAdministrativeExpenses": 110700000,
        "otherExpenses": 0,
        "operatingExpenses": 167600000,
        "costAndExpenses": 609000000,
        "interestIncome": 0,
        "interestExpense": 1363000,
        "depreciationAndAmortization": 14900000,
        "ebitda": 177963000,
        "ebitdaratio": 0.2311507988,
        "operatingIncome": 161000000,
        "operatingIncomeRatio": 0.2091180673,
        "totalOtherIncomeExpensesNet": 800000,
        "incomeBeforeTax": 161800000,
        "incomeBeforeTaxRatio": 0.2101571633,
        "incomeTaxExpense": 44400000,
        "netIncome": 117300000,
        "netIncomeRatio": 0.152357449,
        "eps": 1.08,
        "epsdiluted": 1.08,
        "weightedAverageShsOut": 108700000,
        "weightedAverageShsOutDil": 108700000,
        "link": "https://www.sec.gov/Archives/edgar/data/203527/000156459013001371/0001564590-13-001371-index.htm",
        "finalLink": "https://www.sec.gov/Archives/edgar/data/203527/000156459013001371/var-10k_20130927.htm"
    },
    {
        "date": "2013-06-28",
        "symbol": "VAR",
        "reportedCurrency": "USD",
        "cik": "0000203527",
        "fillingDate": "2013-08-06",
        "acceptedDate": "2013-08-06 17:26:22",
        "calendarYear": "2013",
        "period": "Q2",
        "revenue": 726200000,
        "costOfRevenue": 415700000,
        "grossProfit": 310500000,
        "grossProfitRatio": 0.427568163,
        "researchAndDevelopmentExpenses": 53300000,
        "generalAndAdministrativeExpenses": 105800000,
        "sellingAndMarketingExpenses": -3300000,
        "sellingGeneralAndAdministrativeExpenses": 102500000,
        "otherExpenses": 0,
        "operatingExpenses": 155800000,
        "costAndExpenses": 571500000,
        "interestIncome": 0,
        "interestExpense": 874000,
        "depreciationAndAmortization": 15400000,
        "ebitda": 171974000,
        "ebitdaratio": 0.23681355,
        "operatingIncome": 154700000,
        "operatingIncomeRatio": 0.2130267144,
        "totalOtherIncomeExpensesNet": 1100000,
        "incomeBeforeTax": 155800000,
        "incomeBeforeTaxRatio": 0.2145414486,
        "incomeTaxExpense": 42900000,
        "netIncome": 112800000,
        "netIncomeRatio": 0.1553291104,
        "eps": 1.03,
        "epsdiluted": 1.03,
        "weightedAverageShsOut": 109800000,
        "weightedAverageShsOutDil": 109800000,
        "link": "https://www.sec.gov/Archives/edgar/data/203527/000156459013000210/0001564590-13-000210-index.htm",
        "finalLink": "https://www.sec.gov/Archives/edgar/data/203527/000156459013000210/var-10q_20130628.htm"
    },
    {
        "date": "2013-03-29",
        "symbol": "VAR",
        "reportedCurrency": "USD",
        "cik": "0000203527",
        "fillingDate": "2013-05-08",
        "acceptedDate": "2013-05-08 16:38:35",
        "calendarYear": "2013",
        "period": "Q1",
        "revenue": 768400000,
        "costOfRevenue": 448700000,
        "grossProfit": 319700000,
        "grossProfitRatio": 0.4160593441,
        "researchAndDevelopmentExpenses": 50900000,
        "generalAndAdministrativeExpenses": 103200000,
        "sellingAndMarketingExpenses": 9900000,
        "sellingGeneralAndAdministrativeExpenses": 113100000,
        "otherExpenses": 0,
        "operatingExpenses": 164000000,
        "costAndExpenses": 612700000,
        "interestIncome": 0,
        "interestExpense": 1026000,
        "depreciationAndAmortization": 15600000,
        "ebitda": 173026000,
        "ebitdaratio": 0.2251769912,
        "operatingIncome": 155700000,
        "operatingIncomeRatio": 0.2026288391,
        "totalOtherIncomeExpensesNet": 700000,
        "incomeBeforeTax": 156400000,
        "incomeBeforeTaxRatio": 0.203539823,
        "incomeTaxExpense": 43600000,
        "netIncome": 112800000,
        "netIncomeRatio": 0.1467985424,
        "eps": 1.02,
        "epsdiluted": 1.02,
        "weightedAverageShsOut": 110700000,
        "weightedAverageShsOutDil": 110700000,
        "link": "https://www.sec.gov/Archives/edgar/data/203527/000119312513207636/0001193125-13-207636-index.htm",
        "finalLink": "https://www.sec.gov/Archives/edgar/data/203527/000119312513207636/d489636d10q.htm"
    },
    {
        "date": "2012-12-28",
        "symbol": "VAR",
        "reportedCurrency": "USD",
        "cik": "0000203527",
        "fillingDate": "2013-02-05",
        "acceptedDate": "2013-02-05 16:03:53",
        "calendarYear": "2012",
        "period": "Q4",
        "revenue": 678400000,
        "costOfRevenue": 387300000,
        "grossProfit": 291100000,
        "grossProfitRatio": 0.4290978774,
        "researchAndDevelopmentExpenses": 47100000,
        "generalAndAdministrativeExpenses": 106500000,
        "sellingAndMarketingExpenses": 0,
        "sellingGeneralAndAdministrativeExpenses": 106500000,
        "otherExpenses": 0,
        "operatingExpenses": 153600000,
        "costAndExpenses": 540900000,
        "interestIncome": 0,
        "interestExpense": 866000,
        "depreciationAndAmortization": 16900000,
        "ebitda": 155966000,
        "ebitdaratio": 0.2299027123,
        "operatingIncome": 137500000,
        "operatingIncomeRatio": 0.202682783,
        "totalOtherIncomeExpensesNet": 700000,
        "incomeBeforeTax": 138200000,
        "incomeBeforeTaxRatio": 0.2037146226,
        "incomeTaxExpense": 42900000,
        "netIncome": 95300000,
        "netIncomeRatio": 0.1404775943,
        "eps": 0.86,
        "epsdiluted": 0.86,
        "weightedAverageShsOut": 111100000,
        "weightedAverageShsOutDil": 111100000,
        "link": "https://www.sec.gov/Archives/edgar/data/203527/000119312513038751/0001193125-13-038751-index.htm",
        "finalLink": "https://www.sec.gov/Archives/edgar/data/203527/000119312512478911/d411444d10k.htm"
    },
    {
        "date": "2012-09-28",
        "symbol": "VAR",
        "reportedCurrency": "USD",
        "cik": "0000203527",
        "fillingDate": "2012-11-21",
        "acceptedDate": "2012-11-21 16:22:06",
        "calendarYear": "2012",
        "period": "Q3",
        "revenue": 756200000,
        "costOfRevenue": 432900000,
        "grossProfit": 323300000,
        "grossProfitRatio": 0.4275323988,
        "researchAndDevelopmentExpenses": 46000000,
        "generalAndAdministrativeExpenses": 109500000,
        "sellingAndMarketingExpenses": 0,
        "sellingGeneralAndAdministrativeExpenses": 109500000,
        "otherExpenses": 0,
        "operatingExpenses": 155500000,
        "costAndExpenses": 588400000,
        "interestIncome": 0,
        "interestExpense": 950000,
        "depreciationAndAmortization": 18500000,
        "ebitda": 187950000,
        "ebitdaratio": 0.2485453584,
        "operatingIncome": 167800000,
        "operatingIncomeRatio": 0.2218989685,
        "totalOtherIncomeExpensesNet": 700000,
        "incomeBeforeTax": 168500000,
        "incomeBeforeTaxRatio": 0.2228246496,
        "incomeTaxExpense": 48300000,
        "netIncome": 120200000,
        "netIncomeRatio": 0.158952658,
        "eps": 1.07,
        "epsdiluted": 1.07,
        "weightedAverageShsOut": 112200000,
        "weightedAverageShsOutDil": 112200000,
        "link": "https://www.sec.gov/Archives/edgar/data/203527/000119312512478911/0001193125-12-478911-index.htm",
        "finalLink": "https://www.sec.gov/Archives/edgar/data/203527/000119312512478911/d411444d10k.htm"
    },
    {
        "date": "2012-06-29",
        "symbol": "VAR",
        "reportedCurrency": "USD",
        "cik": "0000203527",
        "fillingDate": "2012-08-07",
        "acceptedDate": "2012-08-07 16:09:22",
        "calendarYear": "2012",
        "period": "Q2",
        "revenue": 705200000,
        "costOfRevenue": 397600000,
        "grossProfit": 307600000,
        "grossProfitRatio": 0.4361883154,
        "researchAndDevelopmentExpenses": 48900000,
        "generalAndAdministrativeExpenses": 105100000,
        "sellingAndMarketingExpenses": 100000,
        "sellingGeneralAndAdministrativeExpenses": 105200000,
        "otherExpenses": 0,
        "operatingExpenses": 154100000,
        "costAndExpenses": 551700000,
        "interestIncome": 0,
        "interestExpense": 933000,
        "depreciationAndAmortization": 14500000,
        "ebitda": 169333000,
        "ebitdaratio": 0.2401205332,
        "operatingIncome": 153600000,
        "operatingIncomeRatio": 0.2178105502,
        "totalOtherIncomeExpensesNet": 400000,
        "incomeBeforeTax": 154000000,
        "incomeBeforeTaxRatio": 0.2183777652,
        "incomeTaxExpense": 45100000,
        "netIncome": 108800000,
        "netIncomeRatio": 0.1542824731,
        "eps": 0.96,
        "epsdiluted": 0.96,
        "weightedAverageShsOut": 112800000,
        "weightedAverageShsOutDil": 112800000,
        "link": "https://www.sec.gov/Archives/edgar/data/203527/000119312512340889/0001193125-12-340889-index.htm",
        "finalLink": "https://www.sec.gov/Archives/edgar/data/203527/000119312512340889/d369231d10q.htm"
    },
    {
        "date": "2012-03-30",
        "symbol": "VAR",
        "reportedCurrency": "USD",
        "cik": "0000203527",
        "fillingDate": "2012-05-08",
        "acceptedDate": "2012-05-08 16:14:23",
        "calendarYear": "2012",
        "period": "Q1",
        "revenue": 720300000,
        "costOfRevenue": 423600000,
        "grossProfit": 296700000,
        "grossProfitRatio": 0.4119117035,
        "researchAndDevelopmentExpenses": 47100000,
        "generalAndAdministrativeExpenses": 105800000,
        "sellingAndMarketingExpenses": 0,
        "sellingGeneralAndAdministrativeExpenses": 105800000,
        "otherExpenses": 0,
        "operatingExpenses": 152900000,
        "costAndExpenses": 576500000,
        "interestIncome": 0,
        "interestExpense": 707000,
        "depreciationAndAmortization": 14000000,
        "ebitda": 158907000,
        "ebitdaratio": 0.2206122449,
        "operatingIncome": 143800000,
        "operatingIncomeRatio": 0.1996390393,
        "totalOtherIncomeExpensesNet": 400000,
        "incomeBeforeTax": 144200000,
        "incomeBeforeTaxRatio": 0.2001943635,
        "incomeTaxExpense": 36400000,
        "netIncome": 107800000,
        "netIncomeRatio": 0.1496598639,
        "eps": 0.94,
        "epsdiluted": 0.94,
        "weightedAverageShsOut": 114500000,
        "weightedAverageShsOutDil": 114500000,
        "link": "https://www.sec.gov/Archives/edgar/data/203527/000119312512218460/0001193125-12-218460-index.htm",
        "finalLink": "https://www.sec.gov/Archives/edgar/data/203527/000119312512218460/d313017d10q.htm"
    },
    {
        "date": "2011-12-30",
        "symbol": "VAR",
        "reportedCurrency": "USD",
        "cik": "0000203527",
        "fillingDate": "2012-02-07",
        "acceptedDate": "2012-02-07 17:06:04",
        "calendarYear": "2011",
        "period": "Q4",
        "revenue": 625300000,
        "costOfRevenue": 356600000,
        "grossProfit": 268700000,
        "grossProfitRatio": 0.4297137374,
        "researchAndDevelopmentExpenses": 43800000,
        "generalAndAdministrativeExpenses": 96100000,
        "sellingAndMarketingExpenses": -100000.0000000596,
        "sellingGeneralAndAdministrativeExpenses": 96000000,
        "otherExpenses": 0,
        "operatingExpenses": 139800000,
        "costAndExpenses": 496400000,
        "interestIncome": 0,
        "interestExpense": 829000,
        "depreciationAndAmortization": 14000000,
        "ebitda": 144029000,
        "ebitdaratio": 0.2303358388,
        "operatingIncome": 128900000,
        "operatingIncomeRatio": 0.2061410523,
        "totalOtherIncomeExpensesNet": 300000,
        "incomeBeforeTax": 129200000,
        "incomeBeforeTaxRatio": 0.206620822,
        "incomeTaxExpense": 39000000,
        "netIncome": 90200000,
        "netIncomeRatio": 0.1442507596,
        "eps": 0.79,
        "epsdiluted": 0.79,
        "weightedAverageShsOut": 114400000,
        "weightedAverageShsOutDil": 114400000,
        "link": "https://www.sec.gov/Archives/edgar/data/203527/000119312512043938/0001193125-12-043938-index.htm",
        "finalLink": "https://www.sec.gov/Archives/edgar/data/203527/000119312511321337/d234863d10k.htm"
    },
    {
        "date": "2011-09-30",
        "symbol": "VAR",
        "reportedCurrency": "USD",
        "cik": "0000203527",
        "fillingDate": "2011-11-23",
        "acceptedDate": "2011-11-23 17:03:27",
        "calendarYear": "2011",
        "period": "Q3",
        "revenue": 718921000,
        "costOfRevenue": 418620000,
        "grossProfit": 300301000,
        "grossProfitRatio": 0.4177107081,
        "researchAndDevelopmentExpenses": 43924000,
        "generalAndAdministrativeExpenses": 96641000,
        "sellingAndMarketingExpenses": 0,
        "sellingGeneralAndAdministrativeExpenses": 96641000,
        "otherExpenses": 0,
        "operatingExpenses": 140565000,
        "costAndExpenses": 559185000,
        "interestIncome": 0,
        "interestExpense": 731000,
        "depreciationAndAmortization": 13603000,
        "ebitda": 164482000,
        "ebitdaratio": 0.2287900896,
        "operatingIncome": 159736000,
        "operatingIncomeRatio": 0.2221885298,
        "totalOtherIncomeExpensesNet": 105000,
        "incomeBeforeTax": 159841000,
        "incomeBeforeTaxRatio": 0.222334582,
        "incomeTaxExpense": 49388000,
        "netIncome": 100760000,
        "netIncomeRatio": 0.1401544815,
        "eps": 0.85,
        "epsdiluted": 0.85,
        "weightedAverageShsOut": 119100000,
        "weightedAverageShsOutDil": 119100000,
        "link": "https://www.sec.gov/Archives/edgar/data/203527/000119312511321337/0001193125-11-321337-index.htm",
        "finalLink": "https://www.sec.gov/Archives/edgar/data/203527/000119312511321337/d234863d10k.htm"
    },
    {
        "date": "2011-07-01",
        "symbol": "VAR",
        "reportedCurrency": "USD",
        "cik": "0000203527",
        "fillingDate": "2011-08-10",
        "acceptedDate": "2011-08-10 16:15:24",
        "calendarYear": "2011",
        "period": "Q2",
        "revenue": 649400000,
        "costOfRevenue": 369700000,
        "grossProfit": 279700000,
        "grossProfitRatio": 0.4307052664,
        "researchAndDevelopmentExpenses": 44400000,
        "generalAndAdministrativeExpenses": 94800000,
        "sellingAndMarketingExpenses": 0,
        "sellingGeneralAndAdministrativeExpenses": 94800000,
        "otherExpenses": 0,
        "operatingExpenses": 139200000,
        "costAndExpenses": 508900000,
        "interestIncome": 0,
        "interestExpense": 504000,
        "depreciationAndAmortization": 13400000,
        "ebitda": 154504000,
        "ebitdaratio": 0.2379180782,
        "operatingIncome": 140500000,
        "operatingIncomeRatio": 0.2163535571,
        "totalOtherIncomeExpensesNet": 100000,
        "incomeBeforeTax": 140600000,
        "incomeBeforeTaxRatio": 0.2165075454,
        "incomeTaxExpense": 42000000,
        "netIncome": 98600000,
        "netIncomeRatio": 0.1518324607,
        "eps": 0.83,
        "epsdiluted": 0.83,
        "weightedAverageShsOut": 119100000,
        "weightedAverageShsOutDil": 119100000,
        "link": "https://www.sec.gov/Archives/edgar/data/203527/000119312511218135/0001193125-11-218135-index.htm",
        "finalLink": "https://www.sec.gov/Archives/edgar/data/203527/000119312511218135/d10q.htm"
    },
    {
        "date": "2011-04-01",
        "symbol": "VAR",
        "reportedCurrency": "USD",
        "cik": "0000203527",
        "fillingDate": "2011-05-11",
        "acceptedDate": "2011-05-11 14:47:59",
        "calendarYear": "2011",
        "period": "Q1",
        "revenue": 648500000,
        "costOfRevenue": 359500000,
        "grossProfit": 289000000,
        "grossProfitRatio": 0.4456437934,
        "researchAndDevelopmentExpenses": 43900000,
        "generalAndAdministrativeExpenses": 93900000,
        "sellingAndMarketingExpenses": 0,
        "sellingGeneralAndAdministrativeExpenses": 93900000,
        "otherExpenses": 0,
        "operatingExpenses": 137800000,
        "costAndExpenses": 497300000,
        "interestIncome": 0,
        "interestExpense": 809000,
        "depreciationAndAmortization": 13200000,
        "ebitda": 165209000,
        "ebitdaratio": 0.2547555898,
        "operatingIncome": 151200000,
        "operatingIncomeRatio": 0.233153431,
        "totalOtherIncomeExpensesNet": 0,
        "incomeBeforeTax": 151200000,
        "incomeBeforeTaxRatio": 0.233153431,
        "incomeTaxExpense": 48100000,
        "netIncome": 103100000,
        "netIncomeRatio": 0.1589822668,
        "eps": 0.86,
        "epsdiluted": 0.86,
        "weightedAverageShsOut": 120400000,
        "weightedAverageShsOutDil": 120400000,
        "link": "https://www.sec.gov/Archives/edgar/data/203527/000119312511135724/0001193125-11-135724-index.htm",
        "finalLink": "https://www.sec.gov/Archives/edgar/data/203527/000119312511135724/d10q.htm"
    },
    {
        "date": "2010-12-31",
        "symbol": "VAR",
        "reportedCurrency": "USD",
        "cik": "0000203527",
        "fillingDate": "2011-02-09",
        "acceptedDate": "2011-02-09 15:51:41",
        "calendarYear": "2010",
        "period": "Q4",
        "revenue": 579852000,
        "costOfRevenue": 313013000,
        "grossProfit": 266839000,
        "grossProfitRatio": 0.4601846678,
        "researchAndDevelopmentExpenses": 38502000,
        "generalAndAdministrativeExpenses": 91310000,
        "sellingAndMarketingExpenses": 0,
        "sellingGeneralAndAdministrativeExpenses": 91310000,
        "otherExpenses": 0,
        "operatingExpenses": 129812000,
        "costAndExpenses": 442825000,
        "interestIncome": 0,
        "interestExpense": 555000,
        "depreciationAndAmortization": 12365000,
        "ebitda": 150021000,
        "ebitdaratio": 0.2587229155,
        "operatingIncome": 137027000,
        "operatingIncomeRatio": 0.236313749,
        "totalOtherIncomeExpensesNet": 74000,
        "incomeBeforeTax": 137101000,
        "incomeBeforeTaxRatio": 0.2364413678,
        "incomeTaxExpense": 40612000,
        "netIncome": 96489000,
        "netIncomeRatio": 0.1664028062,
        "eps": 0.82,
        "epsdiluted": 0.8,
        "weightedAverageShsOut": 118200000,
        "weightedAverageShsOutDil": 121200000,
        "link": "https://www.sec.gov/Archives/edgar/data/203527/000119312511028924/0001193125-11-028924-index.htm",
        "finalLink": "https://www.sec.gov/Archives/edgar/data/203527/000119312510267742/d10k.htm"
    },
    {
        "date": "2010-10-01",
        "symbol": "VAR",
        "reportedCurrency": "USD",
        "cik": "0000203527",
        "fillingDate": "2010-11-23",
        "acceptedDate": "2010-11-23 17:29:14",
        "calendarYear": "2010",
        "period": "Q3",
        "revenue": 652100000,
        "costOfRevenue": 375800000,
        "grossProfit": 276300000,
        "grossProfitRatio": 0.4237080202,
        "researchAndDevelopmentExpenses": 40600000,
        "generalAndAdministrativeExpenses": 86900000,
        "sellingAndMarketingExpenses": 0,
        "sellingGeneralAndAdministrativeExpenses": 86900000,
        "otherExpenses": 0,
        "operatingExpenses": 127500000,
        "costAndExpenses": 503300000,
        "interestIncome": 0,
        "interestExpense": 433000,
        "depreciationAndAmortization": 12600000,
        "ebitda": 161433000,
        "ebitdaratio": 0.2475586566,
        "operatingIncome": 148800000,
        "operatingIncomeRatio": 0.2281858611,
        "totalOtherIncomeExpensesNet": 200000,
        "incomeBeforeTax": 149000000,
        "incomeBeforeTaxRatio": 0.2284925625,
        "incomeTaxExpense": 43400000,
        "netIncome": 105000000,
        "netIncomeRatio": 0.1610182487,
        "eps": 0.86,
        "epsdiluted": 0.86,
        "weightedAverageShsOut": 121400000,
        "weightedAverageShsOutDil": 121400000,
        "link": "https://www.sec.gov/Archives/edgar/data/203527/000119312510267742/0001193125-10-267742-index.htm",
        "finalLink": "https://www.sec.gov/Archives/edgar/data/203527/000119312510267742/d10k.htm"
    },
    {
        "date": "2010-07-02",
        "symbol": "VAR",
        "reportedCurrency": "USD",
        "cik": "0000203527",
        "fillingDate": "2010-08-10",
        "acceptedDate": "2010-08-10 13:13:21",
        "calendarYear": "2010",
        "period": "Q2",
        "revenue": 578100000,
        "costOfRevenue": 323700000,
        "grossProfit": 254400000,
        "grossProfitRatio": 0.440062273,
        "researchAndDevelopmentExpenses": 38900000,
        "generalAndAdministrativeExpenses": 84700000,
        "sellingAndMarketingExpenses": 0,
        "sellingGeneralAndAdministrativeExpenses": 84700000,
        "otherExpenses": 0,
        "operatingExpenses": 123600000,
        "costAndExpenses": 447300000,
        "interestIncome": 0,
        "interestExpense": 1472000,
        "depreciationAndAmortization": 11900000,
        "ebitda": 136872000,
        "ebitdaratio": 0.2367618059,
        "operatingIncome": 130800000,
        "operatingIncomeRatio": 0.2262584328,
        "totalOtherIncomeExpensesNet": -900000,
        "incomeBeforeTax": 129900000,
        "incomeBeforeTaxRatio": 0.2247016087,
        "incomeTaxExpense": 38000000,
        "netIncome": 85500000,
        "netIncomeRatio": 0.1478982875,
        "eps": 0.69,
        "epsdiluted": 0.69,
        "weightedAverageShsOut": 124500000,
        "weightedAverageShsOutDil": 124500000,
        "link": "https://www.sec.gov/Archives/edgar/data/203527/000119312510184550/0001193125-10-184550-index.htm",
        "finalLink": "https://www.sec.gov/Archives/edgar/data/203527/000119312510184550/d10q.htm"
    },
    {
        "date": "2010-04-02",
        "symbol": "VAR",
        "reportedCurrency": "USD",
        "cik": "0000203527",
        "fillingDate": "2010-05-11",
        "acceptedDate": "2010-05-11 15:48:33",
        "calendarYear": "2010",
        "period": "Q1",
        "revenue": 585600000,
        "costOfRevenue": 331600000,
        "grossProfit": 254000000,
        "grossProfitRatio": 0.4337431694,
        "researchAndDevelopmentExpenses": 38900000,
        "generalAndAdministrativeExpenses": 79500000,
        "sellingAndMarketingExpenses": 0,
        "sellingGeneralAndAdministrativeExpenses": 79500000,
        "otherExpenses": 0,
        "operatingExpenses": 118400000,
        "costAndExpenses": 450000000,
        "interestIncome": 0,
        "interestExpense": 2203000,
        "depreciationAndAmortization": 11900000,
        "ebitda": 149303000,
        "ebitdaratio": 0.2549573087,
        "operatingIncome": 135600000,
        "operatingIncomeRatio": 0.231557377,
        "totalOtherIncomeExpensesNet": -400000,
        "incomeBeforeTax": 135200000,
        "incomeBeforeTaxRatio": 0.2308743169,
        "incomeTaxExpense": 44100000,
        "netIncome": 91100000,
        "netIncomeRatio": 0.1555669399,
        "eps": 0.73,
        "epsdiluted": 0.73,
        "weightedAverageShsOut": 124300000,
        "weightedAverageShsOutDil": 124300000,
        "link": "https://www.sec.gov/Archives/edgar/data/203527/000119312510116101/0001193125-10-116101-index.htm",
        "finalLink": "https://www.sec.gov/Archives/edgar/data/203527/000119312510116101/d10q.htm"
    },
    {
        "date": "2010-01-01",
        "symbol": "VAR",
        "reportedCurrency": "USD",
        "cik": "0000203527",
        "fillingDate": "2010-02-09",
        "acceptedDate": "2010-02-09 14:31:11",
        "calendarYear": "2009",
        "period": "Q4",
        "revenue": 540900000,
        "costOfRevenue": 299900000,
        "grossProfit": 241000000,
        "grossProfitRatio": 0.4455537068,
        "researchAndDevelopmentExpenses": 38400000,
        "generalAndAdministrativeExpenses": 83500000,
        "sellingAndMarketingExpenses": 0,
        "sellingGeneralAndAdministrativeExpenses": 83500000,
        "otherExpenses": 0,
        "operatingExpenses": 121900000,
        "costAndExpenses": 421800000,
        "interestIncome": 0,
        "interestExpense": -300000,
        "depreciationAndAmortization": 11900000,
        "ebitda": 130400000,
        "ebitdaratio": 0.241079682,
        "operatingIncome": 119100000,
        "operatingIncomeRatio": 0.2201885746,
        "totalOtherIncomeExpensesNet": -300000,
        "incomeBeforeTax": 118800000,
        "incomeBeforeTaxRatio": 0.2196339434,
        "incomeTaxExpense": 40000000,
        "netIncome": 78800000,
        "netIncomeRatio": 0.1456831207,
        "eps": 0.63,
        "epsdiluted": 0.63,
        "weightedAverageShsOut": 125100000,
        "weightedAverageShsOutDil": 125100000,
        "link": "https://www.sec.gov/Archives/edgar/data/203527/000119312510025672/0001193125-10-025672-index.htm",
        "finalLink": "https://www.sec.gov/Archives/edgar/data/203527/000119312509242405/d10k.htm"
    },
    {
        "date": "2009-10-02",
        "symbol": "VAR",
        "reportedCurrency": "USD",
        "cik": "0000203527",
        "fillingDate": "2009-11-25",
        "acceptedDate": "2009-11-25 15:29:43",
        "calendarYear": "2009",
        "period": "Q3",
        "revenue": 641900000,
        "costOfRevenue": 357000000,
        "grossProfit": 284900000,
        "grossProfitRatio": 0.4438386041,
        "researchAndDevelopmentExpenses": 38100000,
        "generalAndAdministrativeExpenses": 96100000,
        "sellingAndMarketingExpenses": 0,
        "sellingGeneralAndAdministrativeExpenses": 96100000,
        "otherExpenses": 0,
        "operatingExpenses": 134200000,
        "costAndExpenses": 491200000,
        "interestIncome": 0,
        "interestExpense": 1030000000,
        "depreciationAndAmortization": 11900000,
        "ebitda": 1192200000,
        "ebitdaratio": 1.8572986446,
        "operatingIncome": 150700000,
        "operatingIncomeRatio": 0.2347717713,
        "totalOtherIncomeExpensesNet": -300000,
        "incomeBeforeTax": 150400000,
        "incomeBeforeTaxRatio": 0.2343044088,
        "incomeTaxExpense": 53200000,
        "netIncome": 97100000,
        "netIncomeRatio": 0.1512696682,
        "eps": 0.77,
        "epsdiluted": 0.77,
        "weightedAverageShsOut": 125300000,
        "weightedAverageShsOutDil": 125300000,
        "link": "https://www.sec.gov/Archives/edgar/data/203527/000119312509242405/0001193125-09-242405-index.htm",
        "finalLink": "https://www.sec.gov/Archives/edgar/data/203527/000119312509242405/d10k.htm"
    },
    {
        "date": "2009-07-03",
        "symbol": "VAR",
        "reportedCurrency": "USD",
        "cik": "0000203527",
        "fillingDate": "2009-08-11",
        "acceptedDate": "2009-08-11 13:44:24",
        "calendarYear": "2009",
        "period": "Q2",
        "revenue": 509900000,
        "costOfRevenue": 293600000,
        "grossProfit": 216300000,
        "grossProfitRatio": 0.4242008237,
        "researchAndDevelopmentExpenses": 35300000,
        "generalAndAdministrativeExpenses": 78400000,
        "sellingAndMarketingExpenses": 99999,
        "sellingGeneralAndAdministrativeExpenses": 78500000,
        "otherExpenses": 0,
        "operatingExpenses": 113800000,
        "costAndExpenses": 407400000,
        "interestIncome": 0,
        "interestExpense": 920000000,
        "depreciationAndAmortization": 11500000,
        "ebitda": 1033800000,
        "ebitdaratio": 2.027456364,
        "operatingIncome": 102500000,
        "operatingIncomeRatio": 0.2010198078,
        "totalOtherIncomeExpensesNet": -200000,
        "incomeBeforeTax": 102300000,
        "incomeBeforeTaxRatio": 0.200627574,
        "incomeTaxExpense": 16900000,
        "netIncome": 85400000,
        "netIncomeRatio": 0.1674838204,
        "eps": 0.68,
        "epsdiluted": 0.68,
        "weightedAverageShsOut": 125000000,
        "weightedAverageShsOutDil": 125000000,
        "link": "https://www.sec.gov/Archives/edgar/data/203527/000119312509171667/0001193125-09-171667-index.htm",
        "finalLink": "https://www.sec.gov/Archives/edgar/data/203527/000119312509171667/d10q.htm"
    },
    {
        "date": "2009-04-03",
        "symbol": "VAR",
        "reportedCurrency": "USD",
        "cik": "0000203527",
        "fillingDate": "2009-05-12",
        "acceptedDate": "2009-05-12 16:06:35",
        "calendarYear": "2009",
        "period": "Q1",
        "revenue": 553600000,
        "costOfRevenue": 313200000,
        "grossProfit": 240400000,
        "grossProfitRatio": 0.4342485549,
        "researchAndDevelopmentExpenses": 37000000,
        "generalAndAdministrativeExpenses": 81200000,
        "sellingAndMarketingExpenses": 0,
        "sellingGeneralAndAdministrativeExpenses": 81200000,
        "otherExpenses": 0,
        "operatingExpenses": 118200000,
        "costAndExpenses": 431400000,
        "interestIncome": 0,
        "interestExpense": 1194000000,
        "depreciationAndAmortization": 11700000,
        "ebitda": 1316100000,
        "ebitdaratio": 2.3773482659,
        "operatingIncome": 122200000,
        "operatingIncomeRatio": 0.2207369942,
        "totalOtherIncomeExpensesNet": -300000,
        "incomeBeforeTax": 121900000,
        "incomeBeforeTaxRatio": 0.2201950867,
        "incomeTaxExpense": 42600000,
        "netIncome": 67800000,
        "netIncomeRatio": 0.1224710983,
        "eps": 0.54,
        "epsdiluted": 0.54,
        "weightedAverageShsOut": 124500000,
        "weightedAverageShsOutDil": 124500000,
        "link": "https://www.sec.gov/Archives/edgar/data/203527/000119312509108527/0001193125-09-108527-index.htm",
        "finalLink": "https://www.sec.gov/Archives/edgar/data/203527/000119312509108527/d10q.htm"
    },
    {
        "date": "2009-01-02",
        "symbol": "VAR",
        "reportedCurrency": "USD",
        "cik": "0000203527",
        "fillingDate": "2009-02-10",
        "acceptedDate": "2009-02-10 15:14:27",
        "calendarYear": "2008",
        "period": "Q4",
        "revenue": 508700000,
        "costOfRevenue": 289700000,
        "grossProfit": 219000000,
        "grossProfitRatio": 0.4305091409,
        "researchAndDevelopmentExpenses": 37000000,
        "generalAndAdministrativeExpenses": 83200000,
        "sellingAndMarketingExpenses": 0,
        "sellingGeneralAndAdministrativeExpenses": 83200000,
        "otherExpenses": 0,
        "operatingExpenses": 120200000,
        "costAndExpenses": 409900000,
        "interestIncome": 0,
        "interestExpense": 953000000,
        "depreciationAndAmortization": 9500000,
        "ebitda": 1061800000,
        "ebitdaratio": 2.0872813053,
        "operatingIncome": 98700000,
        "operatingIncomeRatio": 0.1940239827,
        "totalOtherIncomeExpensesNet": 1400000,
        "incomeBeforeTax": 100100000,
        "incomeBeforeTaxRatio": 0.1967760959,
        "incomeTaxExpense": 30500000,
        "netIncome": 68800000,
        "netIncomeRatio": 0.1352467073,
        "eps": 0.55,
        "epsdiluted": 0.55,
        "weightedAverageShsOut": 125200000,
        "weightedAverageShsOutDil": 125200000,
        "link": "https://www.sec.gov/Archives/edgar/data/203527/000119312509023938/0001193125-09-023938-index.htm",
        "finalLink": "https://www.sec.gov/Archives/edgar/data/203527/000119312508242248/d10k.htm"
    },
    {
        "date": "2008-09-26",
        "symbol": "VAR",
        "reportedCurrency": "USD",
        "cik": "0000203527",
        "fillingDate": "2008-11-24",
        "acceptedDate": "2008-11-24 17:00:54",
        "calendarYear": "2008",
        "period": "Q3",
        "revenue": 592700000,
        "costOfRevenue": 330200000,
        "grossProfit": 262500000,
        "grossProfitRatio": 0.4428884765,
        "researchAndDevelopmentExpenses": 39100000,
        "generalAndAdministrativeExpenses": 87800000,
        "sellingAndMarketingExpenses": 0,
        "sellingGeneralAndAdministrativeExpenses": 87800000,
        "otherExpenses": 0,
        "operatingExpenses": 126900000,
        "costAndExpenses": 457100000,
        "interestIncome": 0,
        "interestExpense": 1105000000,
        "depreciationAndAmortization": 9700000,
        "ebitda": 1244000000,
        "ebitdaratio": 2.0988695799,
        "operatingIncome": 135600000,
        "operatingIncomeRatio": 0.228783533,
        "totalOtherIncomeExpensesNet": 2200000,
        "incomeBeforeTax": 137800000,
        "incomeBeforeTaxRatio": 0.2324953602,
        "incomeTaxExpense": 50800000,
        "netIncome": 78500000,
        "netIncomeRatio": 0.1324447444,
        "eps": 0.62,
        "epsdiluted": 0.62,
        "weightedAverageShsOut": 127500000,
        "weightedAverageShsOutDil": 127500000,
        "link": "https://www.sec.gov/Archives/edgar/data/203527/000119312508242248/0001193125-08-242248-index.htm",
        "finalLink": "https://www.sec.gov/Archives/edgar/data/203527/000119312508242248/d10k.htm"
    },
    {
        "date": "2008-06-27",
        "symbol": "VAR",
        "reportedCurrency": "USD",
        "cik": "0000203527",
        "fillingDate": "2008-08-05",
        "acceptedDate": "2008-08-05 15:45:37",
        "calendarYear": "2008",
        "period": "Q2",
        "revenue": 507400000,
        "costOfRevenue": 295100000,
        "grossProfit": 212300000,
        "grossProfitRatio": 0.418407568,
        "researchAndDevelopmentExpenses": 35700000,
        "generalAndAdministrativeExpenses": 84500000,
        "sellingAndMarketingExpenses": 0,
        "sellingGeneralAndAdministrativeExpenses": 84500000,
        "otherExpenses": 0,
        "operatingExpenses": 120200000,
        "costAndExpenses": 415300000,
        "interestIncome": 0,
        "interestExpense": 1304000000,
        "depreciationAndAmortization": 9200000,
        "ebitda": 1403800000,
        "ebitdaratio": 2.7666535278,
        "operatingIncome": 92100000,
        "operatingIncomeRatio": 0.1815135987,
        "totalOtherIncomeExpensesNet": 1300000,
        "incomeBeforeTax": 93400000,
        "incomeBeforeTaxRatio": 0.1840756799,
        "incomeTaxExpense": 16400000,
        "netIncome": 74200000,
        "netIncomeRatio": 0.1462357115,
        "eps": 0.58,
        "epsdiluted": 0.58,
        "weightedAverageShsOut": 127100000,
        "weightedAverageShsOutDil": 127100000,
        "link": "https://www.sec.gov/Archives/edgar/data/203527/000119312508166419/0001193125-08-166419-index.htm",
        "finalLink": "https://www.sec.gov/Archives/edgar/data/203527/000119312508166419/d10q.htm"
    },
    {
        "date": "2008-03-28",
        "symbol": "VAR",
        "reportedCurrency": "USD",
        "cik": "0000203527",
        "fillingDate": "2008-05-06",
        "acceptedDate": "2008-05-06 14:38:42",
        "calendarYear": "2008",
        "period": "Q1",
        "revenue": 518400000,
        "costOfRevenue": 306800000,
        "grossProfit": 211600000,
        "grossProfitRatio": 0.4081790123,
        "researchAndDevelopmentExpenses": 31900000,
        "generalAndAdministrativeExpenses": 75100000,
        "sellingAndMarketingExpenses": 0,
        "sellingGeneralAndAdministrativeExpenses": 75100000,
        "otherExpenses": 0,
        "operatingExpenses": 107000000,
        "costAndExpenses": 413800000,
        "interestIncome": 0,
        "interestExpense": 1174000000,
        "depreciationAndAmortization": 9200000,
        "ebitda": 1287900000,
        "ebitdaratio": 2.484375,
        "operatingIncome": 104600000,
        "operatingIncomeRatio": 0.2017746914,
        "totalOtherIncomeExpensesNet": 1600000,
        "incomeBeforeTax": 106200000,
        "incomeBeforeTaxRatio": 0.2048611111,
        "incomeTaxExpense": 33300000,
        "netIncome": 71400000,
        "netIncomeRatio": 0.1377314815,
        "eps": 0.56,
        "epsdiluted": 0.56,
        "weightedAverageShsOut": 128000000,
        "weightedAverageShsOutDil": 128000000,
        "link": "https://www.sec.gov/Archives/edgar/data/203527/000119312508103888/0001193125-08-103888-index.htm",
        "finalLink": "https://www.sec.gov/Archives/edgar/data/203527/000119312508103888/d10q.htm"
    },
    {
        "date": "2007-12-28",
        "symbol": "VAR",
        "reportedCurrency": "USD",
        "cik": "0000203527",
        "fillingDate": "2008-02-05",
        "acceptedDate": "2008-02-05 13:07:11",
        "calendarYear": "2007",
        "period": "Q4",
        "revenue": 451200000,
        "costOfRevenue": 260100000,
        "grossProfit": 191100000,
        "grossProfitRatio": 0.423537234,
        "researchAndDevelopmentExpenses": 28900000,
        "generalAndAdministrativeExpenses": 75100000,
        "sellingAndMarketingExpenses": 0,
        "sellingGeneralAndAdministrativeExpenses": 75100000,
        "otherExpenses": 0,
        "operatingExpenses": 104000000,
        "costAndExpenses": 364100000,
        "interestIncome": 0,
        "interestExpense": 1296000000,
        "depreciationAndAmortization": 8600000,
        "ebitda": 1390500000,
        "ebitdaratio": 3.0817819149,
        "operatingIncome": 87100000,
        "operatingIncomeRatio": 0.1930407801,
        "totalOtherIncomeExpensesNet": 1500000,
        "incomeBeforeTax": 88600000,
        "incomeBeforeTaxRatio": 0.1963652482,
        "incomeTaxExpense": 30400000,
        "netIncome": 55500000,
        "netIncomeRatio": 0.1230053191,
        "eps": 0.43,
        "epsdiluted": 0.43,
        "weightedAverageShsOut": 127800000,
        "weightedAverageShsOutDil": 127800000,
        "link": "https://www.sec.gov/Archives/edgar/data/203527/000119312508020131/0001193125-08-020131-index.htm",
        "finalLink": "https://www.sec.gov/Archives/edgar/data/203527/000119312507253260/d10k.htm"
    },
    {
        "date": "2007-09-28",
        "symbol": "VAR",
        "reportedCurrency": "USD",
        "cik": "0000203527",
        "fillingDate": "2007-11-26",
        "acceptedDate": "2007-11-26 17:05:31",
        "calendarYear": "2007",
        "period": "Q3",
        "revenue": 516500000,
        "costOfRevenue": 298000000,
        "grossProfit": 218500000,
        "grossProfitRatio": 0.4230396902,
        "researchAndDevelopmentExpenses": 32800000,
        "generalAndAdministrativeExpenses": 72000000,
        "sellingAndMarketingExpenses": 0,
        "sellingGeneralAndAdministrativeExpenses": 72000000,
        "otherExpenses": 0,
        "operatingExpenses": 104800000,
        "costAndExpenses": 402800000,
        "interestIncome": 0,
        "interestExpense": 1396000000,
        "depreciationAndAmortization": 8900000,
        "ebitda": 1518600000,
        "ebitdaratio": 2.9401742498,
        "operatingIncome": 113700000,
        "operatingIncomeRatio": 0.2201355276,
        "totalOtherIncomeExpensesNet": 1200000,
        "incomeBeforeTax": 114900000,
        "incomeBeforeTaxRatio": 0.2224588577,
        "incomeTaxExpense": 35100000,
        "netIncome": 78600000,
        "netIncomeRatio": 0.152178122,
        "eps": 0.61,
        "epsdiluted": 0.61,
        "weightedAverageShsOut": 128000000,
        "weightedAverageShsOutDil": 128000000,
        "link": "https://www.sec.gov/Archives/edgar/data/203527/000119312507253260/0001193125-07-253260-index.htm",
        "finalLink": "https://www.sec.gov/Archives/edgar/data/203527/000119312507253260/d10k.htm"
    },
    {
        "date": "2007-06-29",
        "symbol": "VAR",
        "reportedCurrency": "USD",
        "cik": "0000203527",
        "fillingDate": "2007-08-07",
        "acceptedDate": "2007-08-07 14:18:03",
        "calendarYear": "2007",
        "period": "Q2",
        "revenue": 408100000,
        "costOfRevenue": 239000000,
        "grossProfit": 169100000,
        "grossProfitRatio": 0.4143592257,
        "researchAndDevelopmentExpenses": 29100000,
        "generalAndAdministrativeExpenses": 71600000,
        "sellingAndMarketingExpenses": 0,
        "sellingGeneralAndAdministrativeExpenses": 71600000,
        "otherExpenses": 0,
        "operatingExpenses": 100700000,
        "costAndExpenses": 339700000,
        "interestIncome": 0,
        "interestExpense": 990000000,
        "depreciationAndAmortization": 8300000,
        "ebitda": 1066200000,
        "ebitdaratio": 2.6125949522,
        "operatingIncome": 68400000,
        "operatingIncomeRatio": 0.1676059789,
        "totalOtherIncomeExpensesNet": 1700000,
        "incomeBeforeTax": 70100000,
        "incomeBeforeTaxRatio": 0.1717716246,
        "incomeTaxExpense": 17500000,
        "netIncome": 50400000,
        "netIncomeRatio": 0.1234991424,
        "eps": 0.37,
        "epsdiluted": 0.37,
        "weightedAverageShsOut": 134800000,
        "weightedAverageShsOutDil": 134800000,
        "link": "https://www.sec.gov/Archives/edgar/data/203527/000119312507173484/0001193125-07-173484-index.htm",
        "finalLink": "https://www.sec.gov/Archives/edgar/data/203527/000119312507173484/d10q.htm"
    },
    {
        "date": "2007-03-30",
        "symbol": "VAR",
        "reportedCurrency": "USD",
        "cik": "0000203527",
        "fillingDate": "2007-05-07",
        "acceptedDate": "2007-05-07 16:39:21",
        "calendarYear": "2007",
        "period": "Q1",
        "revenue": 442700000,
        "costOfRevenue": 257500000,
        "grossProfit": 185200000,
        "grossProfitRatio": 0.4183419923,
        "researchAndDevelopmentExpenses": 28500000,
        "generalAndAdministrativeExpenses": 70300000,
        "sellingAndMarketingExpenses": -100000.0000000149,
        "sellingGeneralAndAdministrativeExpenses": 70200000,
        "otherExpenses": 0,
        "operatingExpenses": 98700000,
        "costAndExpenses": 356200000,
        "interestIncome": 0,
        "interestExpense": 1363000000,
        "depreciationAndAmortization": 7600000,
        "ebitda": 1459100000,
        "ebitdaratio": 3.2959114525,
        "operatingIncome": 86400000,
        "operatingIncomeRatio": 0.1951660267,
        "totalOtherIncomeExpensesNet": 2100000,
        "incomeBeforeTax": 88500000,
        "incomeBeforeTaxRatio": 0.1999096454,
        "incomeTaxExpense": 27500000,
        "netIncome": 61000000,
        "netIncomeRatio": 0.137790829,
        "eps": 0.46,
        "epsdiluted": 0.46,
        "weightedAverageShsOut": 131900000,
        "weightedAverageShsOutDil": 131900000,
        "link": "https://www.sec.gov/Archives/edgar/data/203527/000119312507104382/0001193125-07-104382-index.htm",
        "finalLink": "https://www.sec.gov/Archives/edgar/data/203527/000119312507104382/d10q.htm"
    },
    {
        "date": "2006-12-29",
        "symbol": "VAR",
        "reportedCurrency": "USD",
        "cik": "0000203527",
        "fillingDate": "2007-02-05",
        "acceptedDate": "2007-02-05 16:41:42",
        "calendarYear": "2006",
        "period": "Q4",
        "revenue": 387900000,
        "costOfRevenue": 227700000,
        "grossProfit": 160200000,
        "grossProfitRatio": 0.4129930394,
        "researchAndDevelopmentExpenses": 27000000,
        "generalAndAdministrativeExpenses": 63100000,
        "sellingAndMarketingExpenses": 0,
        "sellingGeneralAndAdministrativeExpenses": 63100000,
        "otherExpenses": 0,
        "operatingExpenses": 90100000,
        "costAndExpenses": 317800000,
        "interestIncome": 0,
        "interestExpense": 1042000000,
        "depreciationAndAmortization": 7400000,
        "ebitda": 1121900000,
        "ebitdaratio": 2.8922402681,
        "operatingIncome": 70000000,
        "operatingIncomeRatio": 0.1804588812,
        "totalOtherIncomeExpensesNet": 2500000,
        "incomeBeforeTax": 72500000,
        "incomeBeforeTaxRatio": 0.1869038412,
        "incomeTaxExpense": 23000000,
        "netIncome": 49500000,
        "netIncomeRatio": 0.1276102088,
        "eps": 0.37,
        "epsdiluted": 0.37,
        "weightedAverageShsOut": 133000000,
        "weightedAverageShsOutDil": 133000000,
        "link": "https://www.sec.gov/Archives/edgar/data/203527/000119312507020229/0001193125-07-020229-index.htm",
        "finalLink": "https://www.sec.gov/Archives/edgar/data/203527/000119312506250663/d10k.htm"
    },
    {
        "date": "2006-09-29",
        "symbol": "VAR",
        "reportedCurrency": "USD",
        "cik": "0000203527",
        "fillingDate": "2006-12-11",
        "acceptedDate": "2006-12-11 16:56:05",
        "calendarYear": "2006",
        "period": "Q3",
        "revenue": 454100000,
        "costOfRevenue": 263200000,
        "grossProfit": 190900000,
        "grossProfitRatio": 0.4203919841,
        "researchAndDevelopmentExpenses": 27700000,
        "generalAndAdministrativeExpenses": 65700000,
        "sellingAndMarketingExpenses": 100000,
        "sellingGeneralAndAdministrativeExpenses": 65800000,
        "otherExpenses": 0,
        "operatingExpenses": 93500000,
        "costAndExpenses": 356700000,
        "interestIncome": 0,
        "interestExpense": 1438000000,
        "depreciationAndAmortization": 7500000,
        "ebitda": 1546900000,
        "ebitdaratio": 3.406518388,
        "operatingIncome": 97400000,
        "operatingIncomeRatio": 0.2144902004,
        "totalOtherIncomeExpensesNet": 2500000,
        "incomeBeforeTax": 99900000,
        "incomeBeforeTaxRatio": 0.2199955957,
        "incomeTaxExpense": 19000000,
        "netIncome": 82400000,
        "netIncomeRatio": 0.1814578287,
        "eps": 0.62,
        "epsdiluted": 0.62,
        "weightedAverageShsOut": 133700000,
        "weightedAverageShsOutDil": 133700000,
        "link": "https://www.sec.gov/Archives/edgar/data/203527/000119312506250663/0001193125-06-250663-index.htm",
        "finalLink": "https://www.sec.gov/Archives/edgar/data/203527/000119312506250663/d10k.htm"
    },
    {
        "date": "2006-06-30",
        "symbol": "VAR",
        "reportedCurrency": "USD",
        "cik": "0000203527",
        "fillingDate": "2006-08-08",
        "acceptedDate": "2006-08-08 17:04:43",
        "calendarYear": "2006",
        "period": "Q2",
        "revenue": 395671000,
        "costOfRevenue": 233011000,
        "grossProfit": 162660000,
        "grossProfitRatio": 0.4110991202,
        "researchAndDevelopmentExpenses": 25456000,
        "generalAndAdministrativeExpenses": 64500000,
        "sellingAndMarketingExpenses": 0,
        "sellingGeneralAndAdministrativeExpenses": 64500000,
        "otherExpenses": 0,
        "operatingExpenses": 89956000,
        "costAndExpenses": 322967000,
        "interestIncome": 0,
        "interestExpense": 0,
        "depreciationAndAmortization": 7392000,
        "ebitda": 82670000,
        "ebitdaratio": 0.2089362122,
        "operatingIncome": 72704000,
        "operatingIncomeRatio": 0.1837486194,
        "totalOtherIncomeExpensesNet": 2574000,
        "incomeBeforeTax": 75278000,
        "incomeBeforeTaxRatio": 0.1902540242,
        "incomeTaxExpense": 9550000,
        "netIncome": 65728000,
        "netIncomeRatio": 0.16611781,
        "eps": 0.5,
        "epsdiluted": 0.49,
        "weightedAverageShsOut": 131138000,
        "weightedAverageShsOutDil": 135267000,
        "link": "https://www.sec.gov/Archives/edgar/data/203527/000110465906052577/0001104659-06-052577-index.htm",
        "finalLink": "https://www.sec.gov/Archives/edgar/data/203527/000110465906052577/a06-15801_110q.htm"
    },
    {
        "date": "2006-03-31",
        "symbol": "VAR",
        "reportedCurrency": "USD",
        "cik": "0000203527",
        "fillingDate": "2006-05-08",
        "acceptedDate": "2006-05-08 17:13:37",
        "calendarYear": "2006",
        "period": "Q1",
        "revenue": 413858000,
        "costOfRevenue": 242773000,
        "grossProfit": 171085000,
        "grossProfitRatio": 0.4133905832,
        "researchAndDevelopmentExpenses": 25012000,
        "generalAndAdministrativeExpenses": 66549000,
        "sellingAndMarketingExpenses": 0,
        "sellingGeneralAndAdministrativeExpenses": 66549000,
        "otherExpenses": 0,
        "operatingExpenses": 91561000,
        "costAndExpenses": 334334000,
        "interestIncome": 0,
        "interestExpense": 0,
        "depreciationAndAmortization": 7478000,
        "ebitda": 89536000,
        "ebitdaratio": 0.2163447366,
        "operatingIncome": 79524000,
        "operatingIncomeRatio": 0.192152864,
        "totalOtherIncomeExpensesNet": 2534000,
        "incomeBeforeTax": 82058000,
        "incomeBeforeTaxRatio": 0.1982757371,
        "incomeTaxExpense": 26260000,
        "netIncome": 55798000,
        "netIncomeRatio": 0.1348240218,
        "eps": 0.42,
        "epsdiluted": 0.41,
        "weightedAverageShsOut": 131926000,
        "weightedAverageShsOutDil": 136821000,
        "link": "https://www.sec.gov/Archives/edgar/data/203527/000110465906032153/0001104659-06-032153-index.htm",
        "finalLink": "https://www.sec.gov/Archives/edgar/data/203527/000110465906032153/a06-11372_110q.htm"
    },
    {
        "date": "2005-12-30",
        "symbol": "VAR",
        "reportedCurrency": "USD",
        "cik": "0000203527",
        "fillingDate": "2006-02-06",
        "acceptedDate": "2006-02-06 17:25:22",
        "calendarYear": "2005",
        "period": "Q4",
        "revenue": 334200000,
        "costOfRevenue": 195500000,
        "grossProfit": 138700000,
        "grossProfitRatio": 0.4150209455,
        "researchAndDevelopmentExpenses": 22200000,
        "generalAndAdministrativeExpenses": 56800000,
        "sellingAndMarketingExpenses": 0,
        "sellingGeneralAndAdministrativeExpenses": 56800000,
        "otherExpenses": 0,
        "operatingExpenses": 79000000,
        "costAndExpenses": 274500000,
        "interestIncome": 0,
        "interestExpense": 1084000000,
        "depreciationAndAmortization": 7300000,
        "ebitda": 1152800000,
        "ebitdaratio": 3.4494314782,
        "operatingIncome": 59800000,
        "operatingIncomeRatio": 0.1789347696,
        "totalOtherIncomeExpensesNet": 1600000,
        "incomeBeforeTax": 61400000,
        "incomeBeforeTaxRatio": 0.183722322,
        "incomeTaxExpense": 20300000,
        "netIncome": 41200000,
        "netIncomeRatio": 0.1232794734,
        "eps": 0.3,
        "epsdiluted": 0.3,
        "weightedAverageShsOut": 135900000,
        "weightedAverageShsOutDil": 135900000,
        "link": "https://www.sec.gov/Archives/edgar/data/203527/000110465906006274/0001104659-06-006274-index.htm",
        "finalLink": "https://www.sec.gov/Archives/edgar/data/203527/000110465905060358/a05-21588_110k.htm"
    },
    {
        "date": "2005-09-30",
        "symbol": "VAR",
        "reportedCurrency": "USD",
        "cik": "0000203527",
        "fillingDate": "2005-12-13",
        "acceptedDate": "2005-12-12 21:40:39",
        "calendarYear": "2005",
        "period": "Q3",
        "revenue": 386181000,
        "costOfRevenue": 220371000,
        "grossProfit": 165810000,
        "grossProfitRatio": 0.4293582543,
        "researchAndDevelopmentExpenses": 21577000,
        "generalAndAdministrativeExpenses": 54447000,
        "sellingAndMarketingExpenses": -3169000,
        "sellingGeneralAndAdministrativeExpenses": 51278000,
        "otherExpenses": 0,
        "operatingExpenses": 72855000,
        "costAndExpenses": 293226000,
        "interestIncome": 0,
        "interestExpense": 0,
        "depreciationAndAmortization": 7474000,
        "ebitda": 98430000,
        "ebitdaratio": 0.2548804835,
        "operatingIncome": 92955000,
        "operatingIncomeRatio": 0.2407031936,
        "totalOtherIncomeExpensesNet": -1999000,
        "incomeBeforeTax": 90956000,
        "incomeBeforeTaxRatio": 0.2355268643,
        "incomeTaxExpense": 30020000,
        "netIncome": 60936000,
        "netIncomeRatio": 0.1577912948,
        "eps": 0.45,
        "epsdiluted": 0.45,
        "weightedAverageShsOut": 136900000,
        "weightedAverageShsOutDil": 136900000,
        "link": "https://www.sec.gov/Archives/edgar/data/203527/000110465905060358/0001104659-05-060358-index.htm",
        "finalLink": "https://www.sec.gov/Archives/edgar/data/203527/000110465905060358/a05-21588_110k.htm"
    },
    {
        "date": "2005-07-01",
        "symbol": "VAR",
        "reportedCurrency": "USD",
        "cik": "0000203527",
        "fillingDate": "2005-08-08",
        "acceptedDate": "2005-08-08 17:12:23",
        "calendarYear": "2005",
        "period": "Q2",
        "revenue": 346500000,
        "costOfRevenue": 194700000,
        "grossProfit": 151800000,
        "grossProfitRatio": 0.4380952381,
        "researchAndDevelopmentExpenses": 21900000,
        "generalAndAdministrativeExpenses": 54700000,
        "sellingAndMarketingExpenses": -100000,
        "sellingGeneralAndAdministrativeExpenses": 54600000,
        "otherExpenses": 0,
        "operatingExpenses": 76500000,
        "costAndExpenses": 271200000,
        "interestIncome": 0,
        "interestExpense": 994000000,
        "depreciationAndAmortization": 6700000,
        "ebitda": 1077100000,
        "ebitdaratio": 3.1085137085,
        "operatingIncome": 75300000,
        "operatingIncomeRatio": 0.2173160173,
        "totalOtherIncomeExpensesNet": 1100000,
        "incomeBeforeTax": 76400000,
        "incomeBeforeTaxRatio": 0.2204906205,
        "incomeTaxExpense": 25200000,
        "netIncome": 51200000,
        "netIncomeRatio": 0.1477633478,
        "eps": 0.37,
        "epsdiluted": 0.37,
        "weightedAverageShsOut": 136900000,
        "weightedAverageShsOutDil": 136900000,
        "link": "https://www.sec.gov/Archives/edgar/data/203527/000110465905037301/0001104659-05-037301-index.htm",
        "finalLink": "https://www.sec.gov/Archives/edgar/data/203527/000110465905037301/a05-14443_110q.htm"
    },
    {
        "date": "2005-04-01",
        "symbol": "VAR",
        "reportedCurrency": "USD",
        "cik": "0000203527",
        "fillingDate": "2005-05-09",
        "acceptedDate": "2005-05-09 17:01:57",
        "calendarYear": "2005",
        "period": "Q1",
        "revenue": 350900000,
        "costOfRevenue": 200700000,
        "grossProfit": 150200000,
        "grossProfitRatio": 0.4280421773,
        "researchAndDevelopmentExpenses": 20200000,
        "generalAndAdministrativeExpenses": 50700000,
        "sellingAndMarketingExpenses": 0,
        "sellingGeneralAndAdministrativeExpenses": 50700000,
        "otherExpenses": 0,
        "operatingExpenses": 70900000,
        "costAndExpenses": 271600000,
        "interestIncome": 0,
        "interestExpense": 1335000000,
        "depreciationAndAmortization": 6700000,
        "ebitda": 1421700000,
        "ebitdaratio": 4.0515816472,
        "operatingIncome": 79300000,
        "operatingIncomeRatio": 0.2259903106,
        "totalOtherIncomeExpensesNet": 600000,
        "incomeBeforeTax": 79900000,
        "incomeBeforeTaxRatio": 0.2277001995,
        "incomeTaxExpense": 25800000,
        "netIncome": 54200000,
        "netIncomeRatio": 0.1544599601,
        "eps": 0.39,
        "epsdiluted": 0.39,
        "weightedAverageShsOut": 138400000,
        "weightedAverageShsOutDil": 138400000,
        "link": "https://www.sec.gov/Archives/edgar/data/203527/000110465905021734/0001104659-05-021734-index.htm",
        "finalLink": "https://www.sec.gov/Archives/edgar/data/203527/000110465905021734/a05-8985_110q.htm"
    },
    {
        "date": "2004-12-31",
        "symbol": "VAR",
        "reportedCurrency": "USD",
        "cik": "0000203527",
        "fillingDate": "2005-02-08",
        "acceptedDate": "2005-02-08 17:23:54",
        "calendarYear": "2004",
        "period": "Q4",
        "revenue": 298956000,
        "costOfRevenue": 173772000,
        "grossProfit": 125184000,
        "grossProfitRatio": 0.4187372055,
        "researchAndDevelopmentExpenses": 18368000,
        "generalAndAdministrativeExpenses": 46190000,
        "sellingAndMarketingExpenses": 0,
        "sellingGeneralAndAdministrativeExpenses": 46190000,
        "otherExpenses": 0,
        "operatingExpenses": 64558000,
        "costAndExpenses": 238330000,
        "interestIncome": 0,
        "interestExpense": 0,
        "depreciationAndAmortization": 7075000,
        "ebitda": 68154000,
        "ebitdaratio": 0.2279733472,
        "operatingIncome": 60626000,
        "operatingIncomeRatio": 0.2027923842,
        "totalOtherIncomeExpensesNet": 453000,
        "incomeBeforeTax": 61079000,
        "incomeBeforeTaxRatio": 0.2043076573,
        "incomeTaxExpense": 20770000,
        "netIncome": 40309000,
        "netIncomeRatio": 0.1348325506,
        "eps": 0.3,
        "epsdiluted": 0.29,
        "weightedAverageShsOut": 133985000,
        "weightedAverageShsOutDil": 139938000,
        "link": "https://www.sec.gov/Archives/edgar/data/203527/000110465905004672/0001104659-05-004672-index.htm",
        "finalLink": "https://www.sec.gov/Archives/edgar/data/203527/000110465904039471/a04-14218_110k.htm"
    },
    {
        "date": "2004-10-01",
        "symbol": "VAR",
        "reportedCurrency": "USD",
        "cik": "0000203527",
        "fillingDate": "2004-12-14",
        "acceptedDate": "2004-12-14 13:34:41",
        "calendarYear": "2004",
        "period": "Q3",
        "revenue": 344800000,
        "costOfRevenue": 196900000,
        "grossProfit": 147900000,
        "grossProfitRatio": 0.4289443155,
        "researchAndDevelopmentExpenses": 18300000,
        "generalAndAdministrativeExpenses": 50200000,
        "sellingAndMarketingExpenses": 0,
        "sellingGeneralAndAdministrativeExpenses": 50200000,
        "otherExpenses": 0,
        "operatingExpenses": 68500000,
        "costAndExpenses": 265400000,
        "interestIncome": 0,
        "interestExpense": 1134000000,
        "depreciationAndAmortization": 6800000,
        "ebitda": 1220600000,
        "ebitdaratio": 3.5400232019,
        "operatingIncome": 79400000,
        "operatingIncomeRatio": 0.2302784223,
        "totalOtherIncomeExpensesNet": 400000,
        "incomeBeforeTax": 79800000,
        "incomeBeforeTaxRatio": 0.2314385151,
        "incomeTaxExpense": 27900000,
        "netIncome": 51900000,
        "netIncomeRatio": 0.1505220418,
        "eps": 0.37,
        "epsdiluted": 0.37,
        "weightedAverageShsOut": 140400000,
        "weightedAverageShsOutDil": 140400000,
        "link": "https://www.sec.gov/Archives/edgar/data/203527/000110465904039471/0001104659-04-039471-index.htm",
        "finalLink": "https://www.sec.gov/Archives/edgar/data/203527/000110465904039471/a04-14218_110k.htm"
    },
    {
        "date": "2004-07-02",
        "symbol": "VAR",
        "reportedCurrency": "USD",
        "cik": "0000203527",
        "fillingDate": "2004-08-11",
        "acceptedDate": "2004-08-11 14:00:44",
        "calendarYear": "2004",
        "period": "Q2",
        "revenue": 303100000,
        "costOfRevenue": 172100000,
        "grossProfit": 131000000,
        "grossProfitRatio": 0.4322005939,
        "researchAndDevelopmentExpenses": 17700000,
        "generalAndAdministrativeExpenses": 47700000,
        "sellingAndMarketingExpenses": 0,
        "sellingGeneralAndAdministrativeExpenses": 47700000,
        "otherExpenses": 0,
        "operatingExpenses": 65400000,
        "costAndExpenses": 237500000,
        "interestIncome": 0,
        "interestExpense": 1171000000,
        "depreciationAndAmortization": 6300000,
        "ebitda": 1243000000,
        "ebitdaratio": 4.1009567799,
        "operatingIncome": 65600000,
        "operatingIncomeRatio": 0.216430221,
        "totalOtherIncomeExpensesNet": 200000,
        "incomeBeforeTax": 65800000,
        "incomeBeforeTaxRatio": 0.2170900693,
        "incomeTaxExpense": 23000000,
        "netIncome": 42700000,
        "netIncomeRatio": 0.1408775982,
        "eps": 0.3,
        "epsdiluted": 0.3,
        "weightedAverageShsOut": 143100000,
        "weightedAverageShsOutDil": 143100000,
        "link": "https://www.sec.gov/Archives/edgar/data/203527/000110465904023808/0001104659-04-023808-index.htm",
        "finalLink": "https://www.sec.gov/Archives/edgar/data/203527/000110465904023808/a04-9270_110q.htm"
    },
    {
        "date": "2004-04-02",
        "symbol": "VAR",
        "reportedCurrency": "USD",
        "cik": "0000203527",
        "fillingDate": "2004-05-14",
        "acceptedDate": "2004-05-14 13:45:43",
        "calendarYear": "2004",
        "period": "Q1",
        "revenue": 320700000,
        "costOfRevenue": 188200000,
        "grossProfit": 132500000,
        "grossProfitRatio": 0.4131587153,
        "researchAndDevelopmentExpenses": 18500000,
        "generalAndAdministrativeExpenses": 47000000,
        "sellingAndMarketingExpenses": -100000,
        "sellingGeneralAndAdministrativeExpenses": 46900000,
        "otherExpenses": 0,
        "operatingExpenses": 65400000,
        "costAndExpenses": 253600000,
        "interestIncome": 0,
        "interestExpense": 1148000,
        "depreciationAndAmortization": 6000000,
        "ebitda": 74548000,
        "ebitdaratio": 0.2324540069,
        "operatingIncome": 67000000,
        "operatingIncomeRatio": 0.2089179919,
        "totalOtherIncomeExpensesNet": 400000,
        "incomeBeforeTax": 67400000,
        "incomeBeforeTaxRatio": 0.2101652635,
        "incomeTaxExpense": 23600000,
        "netIncome": 43800000,
        "netIncomeRatio": 0.1365762395,
        "eps": 0.31,
        "epsdiluted": 0.31,
        "weightedAverageShsOut": 143300000,
        "weightedAverageShsOutDil": 143300000,
        "link": "https://www.sec.gov/Archives/edgar/data/203527/000110465904014481/0001104659-04-014481-index.htm",
        "finalLink": "https://www.sec.gov/Archives/edgar/data/203527/000110465904014481/a04-5908_110q.htm"
    },
    {
        "date": "2004-01-02",
        "symbol": "VAR",
        "reportedCurrency": "USD",
        "cik": "0000203527",
        "fillingDate": "2004-02-12",
        "acceptedDate": "2004-02-11 21:36:24",
        "calendarYear": "2003",
        "period": "Q4",
        "revenue": 267000000,
        "costOfRevenue": 160300000,
        "grossProfit": 106700000,
        "grossProfitRatio": 0.3996254682,
        "researchAndDevelopmentExpenses": 17600000,
        "generalAndAdministrativeExpenses": 44500000,
        "sellingAndMarketingExpenses": -100000,
        "sellingGeneralAndAdministrativeExpenses": 44400000,
        "otherExpenses": 0,
        "operatingExpenses": 62000000,
        "costAndExpenses": 222300000,
        "interestIncome": 0,
        "interestExpense": 1215000,
        "depreciationAndAmortization": 6100000,
        "ebitda": 52415000,
        "ebitdaratio": 0.1963108614,
        "operatingIncome": 44600000,
        "operatingIncomeRatio": 0.1670411985,
        "totalOtherIncomeExpensesNet": 500000,
        "incomeBeforeTax": 45100000,
        "incomeBeforeTaxRatio": 0.1689138577,
        "incomeTaxExpense": 15800000,
        "netIncome": 29300000,
        "netIncomeRatio": 0.1097378277,
        "eps": 0.21,
        "epsdiluted": 0.21,
        "weightedAverageShsOut": 142100000,
        "weightedAverageShsOutDil": 142100000,
        "link": "https://www.sec.gov/Archives/edgar/data/203527/000110465904003658/0001104659-04-003658-index.htm",
        "finalLink": "https://www.sec.gov/Archives/edgar/data/203527/000104746903038744/a2123744z10-k.htm"
    },
    {
        "date": "2003-09-26",
        "symbol": "VAR",
        "reportedCurrency": "USD",
        "cik": "0000203527",
        "fillingDate": "2003-11-28",
        "acceptedDate": "2003-11-26 18:30:24",
        "calendarYear": "2003",
        "period": "Q3",
        "revenue": 303200000,
        "costOfRevenue": 172500000,
        "grossProfit": 130700000,
        "grossProfitRatio": 0.4310686016,
        "researchAndDevelopmentExpenses": 16700000,
        "generalAndAdministrativeExpenses": 47400000,
        "sellingAndMarketingExpenses": 99999,
        "sellingGeneralAndAdministrativeExpenses": 47500000,
        "otherExpenses": 0,
        "operatingExpenses": 64200000,
        "costAndExpenses": 236700000,
        "interestIncome": 0,
        "interestExpense": 1133000000,
        "depreciationAndAmortization": 5200000,
        "ebitda": 1205200000,
        "ebitdaratio": 3.9749340369,
        "operatingIncome": 66600000,
        "operatingIncomeRatio": 0.2196569921,
        "totalOtherIncomeExpensesNet": 400000,
        "incomeBeforeTax": 67000000,
        "incomeBeforeTaxRatio": 0.2209762533,
        "incomeTaxExpense": 23500000,
        "netIncome": 43500000,
        "netIncomeRatio": 0.143469657,
        "eps": 0.31,
        "epsdiluted": 0.31,
        "weightedAverageShsOut": 142200000,
        "weightedAverageShsOutDil": 142200000,
        "link": "https://www.sec.gov/Archives/edgar/data/203527/000104746903038744/0001047469-03-038744-index.htm",
        "finalLink": "https://www.sec.gov/Archives/edgar/data/203527/000104746903038744/a2123744z10-k.htm"
    },
    {
        "date": "2003-06-27",
        "symbol": "VAR",
        "reportedCurrency": "USD",
        "cik": "0000203527",
        "fillingDate": "2003-08-04",
        "acceptedDate": "2003-08-04 17:30:04",
        "calendarYear": "2003",
        "period": "Q2",
        "revenue": 265500000,
        "costOfRevenue": 160400000,
        "grossProfit": 105100000,
        "grossProfitRatio": 0.3958568738,
        "researchAndDevelopmentExpenses": 15900000,
        "generalAndAdministrativeExpenses": 41600000,
        "sellingAndMarketingExpenses": 0,
        "sellingGeneralAndAdministrativeExpenses": 41600000,
        "otherExpenses": 0,
        "operatingExpenses": 57500000,
        "costAndExpenses": 217900000,
        "interestIncome": 0,
        "interestExpense": 1105000,
        "depreciationAndAmortization": 5100000,
        "ebitda": 55105000,
        "ebitdaratio": 0.2075517891,
        "operatingIncome": 47600000,
        "operatingIncomeRatio": 0.1792843691,
        "totalOtherIncomeExpensesNet": 1200000,
        "incomeBeforeTax": 48800000,
        "incomeBeforeTaxRatio": 0.1838041431,
        "incomeTaxExpense": 16700000,
        "netIncome": 32200000,
        "netIncomeRatio": 0.1212806026,
        "eps": 0.23,
        "epsdiluted": 0.23,
        "weightedAverageShsOut": 142400000,
        "weightedAverageShsOutDil": 142400000,
        "link": "https://www.sec.gov/Archives/edgar/data/203527/000095014903001796/0000950149-03-001796-index.htm",
        "finalLink": "https://www.sec.gov/Archives/edgar/data/203527/000095014903001796/f92051e10vq.htm"
    },
    {
        "date": "2003-03-28",
        "symbol": "VAR",
        "reportedCurrency": "USD",
        "cik": "0000203527",
        "fillingDate": "2003-05-05",
        "acceptedDate": "2003-05-05 17:13:45",
        "calendarYear": "2003",
        "period": "Q1",
        "revenue": 266200000,
        "costOfRevenue": 160200000,
        "grossProfit": 106000000,
        "grossProfitRatio": 0.3981968445,
        "researchAndDevelopmentExpenses": 14200000,
        "generalAndAdministrativeExpenses": 39600000,
        "sellingAndMarketingExpenses": 0,
        "sellingGeneralAndAdministrativeExpenses": 39600000,
        "otherExpenses": 0,
        "operatingExpenses": 53800000,
        "costAndExpenses": 214000000,
        "interestIncome": 0,
        "interestExpense": 1017000,
        "depreciationAndAmortization": 4900000,
        "ebitda": 58917000,
        "ebitdaratio": 0.2213260706,
        "operatingIncome": 52200000,
        "operatingIncomeRatio": 0.196093163,
        "totalOtherIncomeExpensesNet": 800000,
        "incomeBeforeTax": 53000000,
        "incomeBeforeTaxRatio": 0.1990984222,
        "incomeTaxExpense": 18800000,
        "netIncome": 34200000,
        "netIncomeRatio": 0.128474831,
        "eps": 0.24,
        "epsdiluted": 0.24,
        "weightedAverageShsOut": 142100000,
        "weightedAverageShsOutDil": 142100000,
        "link": "https://www.sec.gov/Archives/edgar/data/203527/000095014903001033/0000950149-03-001033-index.htm",
        "finalLink": "https://www.sec.gov/Archives/edgar/data/203527/000095014903001033/f89827e10vq.htm"
    },
    {
        "date": "2002-12-27",
        "symbol": "VAR",
        "reportedCurrency": "USD",
        "cik": "0000203527",
        "fillingDate": "2003-02-04",
        "acceptedDate": "2003-02-04 17:12:44",
        "calendarYear": "2002",
        "period": "Q4",
        "revenue": 206700000,
        "costOfRevenue": 126600000,
        "grossProfit": 80100000,
        "grossProfitRatio": 0.3875181422,
        "researchAndDevelopmentExpenses": 12400000,
        "generalAndAdministrativeExpenses": 35700000,
        "sellingAndMarketingExpenses": 0,
        "sellingGeneralAndAdministrativeExpenses": 35700000,
        "otherExpenses": 0,
        "operatingExpenses": 48100000,
        "costAndExpenses": 174700000,
        "interestIncome": 0,
        "interestExpense": 1128000,
        "depreciationAndAmortization": 5100000,
        "ebitda": 38828000,
        "ebitdaratio": 0.1878471214,
        "operatingIncome": 32000000,
        "operatingIncomeRatio": 0.1548137397,
        "totalOtherIncomeExpensesNet": 600000,
        "incomeBeforeTax": 32600000,
        "incomeBeforeTaxRatio": 0.1577164973,
        "incomeTaxExpense": 11600000,
        "netIncome": 21000000,
        "netIncomeRatio": 0.1015965167,
        "eps": 0.15,
        "epsdiluted": 0.15,
        "weightedAverageShsOut": 141900000,
        "weightedAverageShsOutDil": 141900000,
        "link": "https://www.sec.gov/Archives/edgar/data/203527/000095014903000234/0000950149-03-000234-index.htm",
        "finalLink": "https://www.sec.gov/Archives/edgar/data/203527/000095014902002380/f86205e10vk.htm"
    },
    {
        "date": "2002-09-27",
        "symbol": "VAR",
        "reportedCurrency": "USD",
        "cik": "0000203527",
        "fillingDate": "2002-11-26",
        "acceptedDate": "2002-11-26 17:20:10",
        "calendarYear": "2002",
        "period": "Q3",
        "revenue": 261400000,
        "costOfRevenue": 153600000,
        "grossProfit": 107800000,
        "grossProfitRatio": 0.4123947972,
        "researchAndDevelopmentExpenses": 13100000,
        "generalAndAdministrativeExpenses": 42600000,
        "sellingAndMarketingExpenses": -100000.00000000745,
        "sellingGeneralAndAdministrativeExpenses": 42500000,
        "otherExpenses": 0,
        "operatingExpenses": 55600000,
        "costAndExpenses": 209200000,
        "interestIncome": 0,
        "interestExpense": 1220000000,
        "depreciationAndAmortization": 5200000,
        "ebitda": 1278000000,
        "ebitdaratio": 4.8890589135,
        "operatingIncome": 52200000,
        "operatingIncomeRatio": 0.1996939556,
        "totalOtherIncomeExpensesNet": 600000,
        "incomeBeforeTax": 52800000,
        "incomeBeforeTaxRatio": 0.2019892884,
        "incomeTaxExpense": 19000000,
        "netIncome": 33800000,
        "netIncomeRatio": 0.129303749,
        "eps": 0.24,
        "epsdiluted": 0.24,
        "weightedAverageShsOut": 139800000,
        "weightedAverageShsOutDil": 139800000,
        "link": "https://www.sec.gov/Archives/edgar/data/203527/000095014902002380/0000950149-02-002380-index.htm",
        "finalLink": "https://www.sec.gov/Archives/edgar/data/203527/000095014902002380/f86205e10vk.htm"
    },
    {
        "date": "2002-06-28",
        "symbol": "VAR",
        "reportedCurrency": "USD",
        "cik": "0000203527",
        "fillingDate": "2002-08-06",
        "acceptedDate": "2002-08-06 16:32:49",
        "calendarYear": "2002",
        "period": "Q2",
        "revenue": 216100000,
        "costOfRevenue": 132200000,
        "grossProfit": 83900000,
        "grossProfitRatio": 0.3882461823,
        "researchAndDevelopmentExpenses": 12200000,
        "generalAndAdministrativeExpenses": 36900000,
        "sellingAndMarketingExpenses": -100000,
        "sellingGeneralAndAdministrativeExpenses": 36800000,
        "otherExpenses": 0,
        "operatingExpenses": 49000000,
        "costAndExpenses": 181200000,
        "interestIncome": 0,
        "interestExpense": 1101000000,
        "depreciationAndAmortization": 5300000,
        "ebitda": 1141500000,
        "ebitdaratio": 5.2822767237,
        "operatingIncome": 34800000,
        "operatingIncomeRatio": 0.1610365571,
        "totalOtherIncomeExpensesNet": 400000,
        "incomeBeforeTax": 35200000,
        "incomeBeforeTaxRatio": 0.1628875521,
        "incomeTaxExpense": 12400000,
        "netIncome": 22800000,
        "netIncomeRatio": 0.1055067099,
        "eps": 0.16,
        "epsdiluted": 0.16,
        "weightedAverageShsOut": 141700000,
        "weightedAverageShsOutDil": 141700000,
        "link": "https://www.sec.gov/Archives/edgar/data/203527/000095014902001560/0000950149-02-001560-index.htm",
        "finalLink": "https://www.sec.gov/Archives/edgar/data/203527/000095014902001560/f83241e10vq.htm"
    },
    {
        "date": "2002-03-29",
        "symbol": "VAR",
        "reportedCurrency": "USD",
        "cik": "0000203527",
        "fillingDate": "2002-05-01",
        "acceptedDate": "2002-05-01 16:59:32",
        "calendarYear": "2002",
        "period": "Q1",
        "revenue": 220500000,
        "costOfRevenue": 136500000,
        "grossProfit": 84000000,
        "grossProfitRatio": 0.380952381,
        "researchAndDevelopmentExpenses": 12000000,
        "generalAndAdministrativeExpenses": 34700000,
        "sellingAndMarketingExpenses": 0,
        "sellingGeneralAndAdministrativeExpenses": 34700000,
        "otherExpenses": 0,
        "operatingExpenses": 46700000,
        "costAndExpenses": 183200000,
        "interestIncome": 0,
        "interestExpense": 1080000,
        "depreciationAndAmortization": 4700000,
        "ebitda": 43280000,
        "ebitdaratio": 0.1962811791,
        "operatingIncome": 37300000,
        "operatingIncomeRatio": 0.1691609977,
        "totalOtherIncomeExpensesNet": 100000,
        "incomeBeforeTax": 37400000,
        "incomeBeforeTaxRatio": 0.1696145125,
        "incomeTaxExpense": 13700000,
        "netIncome": 23800000,
        "netIncomeRatio": 0.1079365079,
        "eps": 0.17,
        "epsdiluted": 0.17,
        "weightedAverageShsOut": 140700000,
        "weightedAverageShsOutDil": 140700000,
        "link": "https://www.sec.gov/Archives/edgar/data/203527/000095014902000862/0000950149-02-000862-index.htm",
        "finalLink": "https://www.sec.gov/Archives/edgar/data/203527/000095014902000862/f81194e10-q.htm"
    },
    {
        "date": "2001-12-28",
        "symbol": "VAR",
        "reportedCurrency": "USD",
        "cik": "0000203527",
        "fillingDate": "2002-02-05",
        "acceptedDate": "2002-02-05 00:00:00",
        "calendarYear": "2001",
        "period": "Q4",
        "revenue": 175100000,
        "costOfRevenue": 111500000,
        "grossProfit": 63600000,
        "grossProfitRatio": 0.3632210166,
        "researchAndDevelopmentExpenses": 11100000,
        "generalAndAdministrativeExpenses": 31900000,
        "sellingAndMarketingExpenses": 0,
        "sellingGeneralAndAdministrativeExpenses": 31900000,
        "otherExpenses": 0,
        "operatingExpenses": 43000000,
        "costAndExpenses": 154500000,
        "interestIncome": 0,
        "interestExpense": 1085000,
        "depreciationAndAmortization": 4700000,
        "ebitda": 26585000,
        "ebitdaratio": 0.1518275271,
        "operatingIncome": 20600000,
        "operatingIncomeRatio": 0.1176470588,
        "totalOtherIncomeExpensesNet": 200000,
        "incomeBeforeTax": 20800000,
        "incomeBeforeTaxRatio": 0.1187892633,
        "incomeTaxExpense": 7600000,
        "netIncome": 13200000,
        "netIncomeRatio": 0.075385494,
        "eps": 0.0942,
        "epsdiluted": 0.0942,
        "weightedAverageShsOut": 140200000,
        "weightedAverageShsOutDil": 140200000,
        "link": "https://www.sec.gov/Archives/edgar/data/203527/000095014902000185/0000950149-02-000185-index.htm",
        "finalLink": "https://www.sec.gov/Archives/edgar/data/203527/000095014902000185/f78717e10-q.htm"
    },
    {
        "date": "2001-09-28",
        "symbol": "VAR",
        "reportedCurrency": "USD",
        "cik": "0000203527",
        "fillingDate": "2001-12-14",
        "acceptedDate": "2001-12-14 00:00:00",
        "calendarYear": "2001",
        "period": "Q3",
        "revenue": 226100000,
        "costOfRevenue": 139200000,
        "grossProfit": 86900000,
        "grossProfitRatio": 0.384343211,
        "researchAndDevelopmentExpenses": 10400000,
        "generalAndAdministrativeExpenses": 36000000,
        "sellingAndMarketingExpenses": 5100000,
        "sellingGeneralAndAdministrativeExpenses": 41100000,
        "otherExpenses": 0,
        "operatingExpenses": 51500000,
        "costAndExpenses": 190700000,
        "interestIncome": 0,
        "interestExpense": 600000,
        "depreciationAndAmortization": 5800000,
        "ebitda": 42400000,
        "ebitdaratio": 0.1875276426,
        "operatingIncome": 35400000,
        "operatingIncomeRatio": 0.1565678903,
        "totalOtherIncomeExpensesNet": 600000,
        "incomeBeforeTax": 36000000,
        "incomeBeforeTaxRatio": 0.1592215834,
        "incomeTaxExpense": 12900000,
        "netIncome": 23100000,
        "netIncomeRatio": 0.1021671827,
        "eps": 0.17,
        "epsdiluted": 0.17,
        "weightedAverageShsOut": 139400000,
        "weightedAverageShsOutDil": 139400000,
        "link": "https://www.sec.gov/Archives/edgar/data/203527/000095014901501946/0000950149-01-501946-index.html",
        "finalLink": "https://www.sec.gov/Archives/edgar/data/203527/000095014901501946/f77384e10-k.htm"
    },
    {
        "date": "2001-06-30",
        "symbol": "VAR",
        "reportedCurrency": "USD",
        "cik": "0000203527",
        "fillingDate": "2001-08-08",
        "acceptedDate": "2001-08-08 00:00:00",
        "calendarYear": "2001",
        "period": "Q2",
        "revenue": 191416000,
        "costOfRevenue": 119602000,
        "grossProfit": 71814000,
        "grossProfitRatio": 0.3751723994,
        "researchAndDevelopmentExpenses": 11068000,
        "generalAndAdministrativeExpenses": 31446000,
        "sellingAndMarketingExpenses": 0,
        "sellingGeneralAndAdministrativeExpenses": 31446000,
        "otherExpenses": 0,
        "operatingExpenses": 42514000,
        "costAndExpenses": 162116000,
        "interestIncome": 0,
        "interestExpense": 0,
        "depreciationAndAmortization": 6123000,
        "ebitda": 36975000,
        "ebitdaratio": 0.1931656706,
        "operatingIncome": 29300000,
        "operatingIncomeRatio": 0.1530697538,
        "totalOtherIncomeExpensesNet": 1552000,
        "incomeBeforeTax": 30852000,
        "incomeBeforeTaxRatio": 0.161177749,
        "incomeTaxExpense": 11330000,
        "netIncome": 19522000,
        "netIncomeRatio": 0.1019872947,
        "eps": 0.15,
        "epsdiluted": 0.14,
        "weightedAverageShsOut": 133280000,
        "weightedAverageShsOutDil": 139060000,
        "link": "https://www.sec.gov/Archives/edgar/data/203527/000095014901501148/0000950149-01-501148-index.html",
        "finalLink": "https://www.sec.gov/Archives/edgar/data/203527/000095014901501148/f74476e10-q.htm"
    },
    {
        "date": "2001-03-30",
        "symbol": "VAR",
        "reportedCurrency": "USD",
        "cik": "0000203527",
        "fillingDate": "2001-05-11",
        "acceptedDate": "2001-05-11 00:00:00",
        "calendarYear": "2001",
        "period": "Q1",
        "revenue": 200100000,
        "costOfRevenue": 124800000,
        "grossProfit": 75300000,
        "grossProfitRatio": 0.3763118441,
        "researchAndDevelopmentExpenses": 10900000,
        "generalAndAdministrativeExpenses": 36000000,
        "sellingAndMarketingExpenses": 300000,
        "sellingGeneralAndAdministrativeExpenses": 36300000,
        "otherExpenses": 0,
        "operatingExpenses": 47200000,
        "costAndExpenses": 172000000,
        "interestIncome": 0,
        "interestExpense": 500000,
        "depreciationAndAmortization": 5500000,
        "ebitda": 34700000,
        "ebitdaratio": 0.1734132934,
        "operatingIncome": 28100000,
        "operatingIncomeRatio": 0.1404297851,
        "totalOtherIncomeExpensesNet": 500000,
        "incomeBeforeTax": 28600000,
        "incomeBeforeTaxRatio": 0.1429285357,
        "incomeTaxExpense": 10700000,
        "netIncome": 18000000,
        "netIncomeRatio": 0.0899550225,
        "eps": 0.13,
        "epsdiluted": 0.13,
        "weightedAverageShsOut": 137600000,
        "weightedAverageShsOutDil": 137600000,
        "link": "https://www.sec.gov/Archives/edgar/data/203527/000101287001500727/0001012870-01-500727-index.html",
        "finalLink": "https://www.sec.gov/Archives/edgar/data/203527/000101287001500727/d10q.txt"
    },
    {
        "date": "2000-12-29",
        "symbol": "VAR",
        "reportedCurrency": "USD",
        "cik": "0000203527",
        "fillingDate": "2001-02-09",
        "acceptedDate": "2001-02-09 00:00:00",
        "calendarYear": "2000",
        "period": "Q4",
        "revenue": 161400000,
        "costOfRevenue": 105000000,
        "grossProfit": 56400000,
        "grossProfitRatio": 0.3494423792,
        "researchAndDevelopmentExpenses": 11200000,
        "generalAndAdministrativeExpenses": 30500000,
        "sellingAndMarketingExpenses": 0,
        "sellingGeneralAndAdministrativeExpenses": 30500000,
        "otherExpenses": 0,
        "operatingExpenses": 41700000,
        "costAndExpenses": 146700000,
        "interestIncome": 0,
        "interestExpense": 200000,
        "depreciationAndAmortization": 5800000,
        "ebitda": 7200000,
        "ebitdaratio": 0.0446096654,
        "operatingIncome": 14700000,
        "operatingIncomeRatio": 0.0910780669,
        "totalOtherIncomeExpensesNet": 200000,
        "incomeBeforeTax": 14900000,
        "incomeBeforeTaxRatio": 0.0923172243,
        "incomeTaxExpense": 5400000,
        "netIncome": -4200000,
        "netIncomeRatio": -0.0260223048,
        "eps": -0.0312,
        "epsdiluted": -0.0312,
        "weightedAverageShsOut": 134600000,
        "weightedAverageShsOutDil": 134600000,
        "link": "https://www.sec.gov/Archives/edgar/data/203527/000101287001000450/0001012870-01-000450-index.html",
        "finalLink": "https://www.sec.gov/Archives/edgar/data/203527/000101287001000450/0001012870-01-000450-0001.txt"
    },
    {
        "date": "2000-09-29",
        "symbol": "VAR",
        "reportedCurrency": "USD",
        "cik": "0000203527",
        "fillingDate": "2000-09-29",
        "acceptedDate": "2000-09-28 20:00:00",
        "calendarYear": "2000",
        "period": "Q3",
        "revenue": 208000000,
        "costOfRevenue": 124300000,
        "grossProfit": 83700000,
        "grossProfitRatio": 0.4024038462,
        "researchAndDevelopmentExpenses": 10300000,
        "generalAndAdministrativeExpenses": 34100000,
        "sellingAndMarketingExpenses": 2300000,
        "sellingGeneralAndAdministrativeExpenses": 36400000,
        "otherExpenses": 0,
        "operatingExpenses": 46700000,
        "costAndExpenses": 171000000,
        "interestIncome": 0,
        "interestExpense": 500000,
        "depreciationAndAmortization": 5800000,
        "ebitda": 43800000,
        "ebitdaratio": 0.2105769231,
        "operatingIncome": 37000000,
        "operatingIncomeRatio": 0.1778846154,
        "totalOtherIncomeExpensesNet": 500000,
        "incomeBeforeTax": 37500000,
        "incomeBeforeTaxRatio": 0.1802884615,
        "incomeTaxExpense": 14100000,
        "netIncome": 23400000,
        "netIncomeRatio": 0.1125,
        "eps": 0.18,
        "epsdiluted": 0.18,
        "weightedAverageShsOut": 131900000,
        "weightedAverageShsOutDil": 131900000,
        "link": "",
        "finalLink": ""
    },
    {
        "date": "2000-06-30",
        "symbol": "VAR",
        "reportedCurrency": "USD",
        "cik": "0000203527",
        "fillingDate": "2000-08-11",
        "acceptedDate": "2000-08-11 00:00:00",
        "calendarYear": "2000",
        "period": "Q2",
        "revenue": 170671000,
        "costOfRevenue": 103309000,
        "grossProfit": 67362000,
        "grossProfitRatio": 0.3946891973,
        "researchAndDevelopmentExpenses": 10049000,
        "generalAndAdministrativeExpenses": 28818000,
        "sellingAndMarketingExpenses": 5351000,
        "sellingGeneralAndAdministrativeExpenses": 34169000,
        "otherExpenses": 0,
        "operatingExpenses": 44218000,
        "costAndExpenses": 147527000,
        "interestIncome": 0,
        "interestExpense": 0,
        "depreciationAndAmortization": -682000,
        "ebitda": 22462000,
        "ebitdaratio": 0.1316099396,
        "operatingIncome": 23144000,
        "operatingIncomeRatio": 0.1356059319,
        "totalOtherIncomeExpensesNet": -682000,
        "incomeBeforeTax": 22462000,
        "incomeBeforeTaxRatio": 0.1316099396,
        "incomeTaxExpense": 8420000,
        "netIncome": 14042000,
        "netIncomeRatio": 0.0822752547,
        "eps": 0.11,
        "epsdiluted": 0.11,
        "weightedAverageShsOut": 125148000,
        "weightedAverageShsOutDil": 131496000,
        "link": "https://www.sec.gov/Archives/edgar/data/203527/000109238800000528/0001092388-00-000528-index.html",
        "finalLink": "https://www.sec.gov/Archives/edgar/data/203527/000109238800000528/0001092388-00-000528-0001.txt"
    },
    {
        "date": "2000-03-31",
        "symbol": "VAR",
        "reportedCurrency": "USD",
        "cik": "0000203527",
        "fillingDate": "2000-05-12",
        "acceptedDate": "2000-05-12 00:00:00",
        "calendarYear": "2000",
        "period": "Q1",
        "revenue": 169795000,
        "costOfRevenue": 108751000,
        "grossProfit": 61044000,
        "grossProfitRatio": 0.3595158868,
        "researchAndDevelopmentExpenses": 11455000,
        "generalAndAdministrativeExpenses": 31973000,
        "sellingAndMarketingExpenses": 0,
        "sellingGeneralAndAdministrativeExpenses": 31973000,
        "otherExpenses": 0,
        "operatingExpenses": 43428000,
        "costAndExpenses": 152179000,
        "interestIncome": 0,
        "interestExpense": 0,
        "depreciationAndAmortization": -1057000,
        "ebitda": 16559000,
        "ebitdaratio": 0.0975234842,
        "operatingIncome": 17616000,
        "operatingIncomeRatio": 0.1037486381,
        "totalOtherIncomeExpensesNet": -1057000,
        "incomeBeforeTax": 16559000,
        "incomeBeforeTaxRatio": 0.0975234842,
        "incomeTaxExpense": 6210000,
        "netIncome": 10349000,
        "netIncomeRatio": 0.0609499691,
        "eps": 0.0837,
        "epsdiluted": 0.0796,
        "weightedAverageShsOut": 123596000,
        "weightedAverageShsOutDil": 130080000,
        "link": "https://www.sec.gov/Archives/edgar/data/203527/000109238800000249/0001092388-00-000249-index.html",
        "finalLink": "https://www.sec.gov/Archives/edgar/data/203527/0001092388-00-000249.txt"
    },
    {
        "date": "1999-12-31",
        "symbol": "VAR",
        "reportedCurrency": "USD",
        "cik": "0000203527",
        "fillingDate": "1999-12-31",
        "acceptedDate": "1999-12-30 19:00:00",
        "calendarYear": "1999",
        "period": "Q4",
        "revenue": 141300000,
        "costOfRevenue": 90900000,
        "grossProfit": 50400000,
        "grossProfitRatio": 0.3566878981,
        "researchAndDevelopmentExpenses": 10300000,
        "generalAndAdministrativeExpenses": 30300000,
        "sellingAndMarketingExpenses": 0,
        "sellingGeneralAndAdministrativeExpenses": 30300000,
        "otherExpenses": 0,
        "operatingExpenses": 40600000,
        "costAndExpenses": 131500000,
        "interestIncome": 0,
        "interestExpense": 0,
        "depreciationAndAmortization": -1500000,
        "ebitda": 8300000,
        "ebitdaratio": 0.0587402689,
        "operatingIncome": 9800000,
        "operatingIncomeRatio": 0.0693559802,
        "totalOtherIncomeExpensesNet": -1500000,
        "incomeBeforeTax": 8300000,
        "incomeBeforeTaxRatio": 0.0587402689,
        "incomeTaxExpense": 3100000,
        "netIncome": 5200000,
        "netIncomeRatio": 0.0368011323,
        "eps": 0.0424,
        "epsdiluted": 0.0415,
        "weightedAverageShsOut": 122500000,
        "weightedAverageShsOutDil": 125440000,
        "link": "",
        "finalLink": ""
    },
    {
        "date": "1999-10-01",
        "symbol": "VAR",
        "reportedCurrency": "USD",
        "cik": "0000203527",
        "fillingDate": "1999-10-01",
        "acceptedDate": "1999-09-30 20:00:00",
        "calendarYear": "1999",
        "period": "Q3",
        "revenue": 191700000,
        "costOfRevenue": 112200000,
        "grossProfit": 79500000,
        "grossProfitRatio": 0.4147104851,
        "researchAndDevelopmentExpenses": 10100000,
        "generalAndAdministrativeExpenses": 36300000,
        "sellingAndMarketingExpenses": -1799999.9999999925,
        "sellingGeneralAndAdministrativeExpenses": 34500000,
        "otherExpenses": 0,
        "operatingExpenses": 44600000,
        "costAndExpenses": 156800000,
        "interestIncome": 0,
        "interestExpense": -2200000,
        "depreciationAndAmortization": 37400000,
        "ebitda": 66500000,
        "ebitdaratio": 0.346896192,
        "operatingIncome": 34800000,
        "operatingIncomeRatio": 0.1815336463,
        "totalOtherIncomeExpensesNet": -2200000,
        "incomeBeforeTax": 32600000,
        "incomeBeforeTaxRatio": 0.1700573813,
        "incomeTaxExpense": 18700000,
        "netIncome": 12600000,
        "netIncomeRatio": 0.0657276995,
        "eps": 0.0998,
        "epsdiluted": 0.0998,
        "weightedAverageShsOut": 126200000,
        "weightedAverageShsOutDil": 126200000,
        "link": "",
        "finalLink": ""
    },
    {
        "date": "1999-07-02",
        "symbol": "VAR",
        "reportedCurrency": "USD",
        "cik": "0000203527",
        "fillingDate": "1999-08-16",
        "acceptedDate": "1999-08-16 00:00:00",
        "calendarYear": "1999",
        "period": "Q2",
        "revenue": 144500000,
        "costOfRevenue": 95300000,
        "grossProfit": 49200000,
        "grossProfitRatio": 0.3404844291,
        "researchAndDevelopmentExpenses": 9300000,
        "generalAndAdministrativeExpenses": 23200000,
        "sellingAndMarketingExpenses": 300000,
        "sellingGeneralAndAdministrativeExpenses": 23500000,
        "otherExpenses": 0,
        "operatingExpenses": 32800000,
        "costAndExpenses": 128100000,
        "interestIncome": 0,
        "interestExpense": -1400000,
        "depreciationAndAmortization": -2700000,
        "ebitda": 13700000,
        "ebitdaratio": 0.0948096886,
        "operatingIncome": 16400000,
        "operatingIncomeRatio": 0.1134948097,
        "totalOtherIncomeExpensesNet": -1400000,
        "incomeBeforeTax": 15000000,
        "incomeBeforeTaxRatio": 0.1038062284,
        "incomeTaxExpense": 8500000,
        "netIncome": 6600000,
        "netIncomeRatio": 0.0456747405,
        "eps": 0.054,
        "epsdiluted": 0.054,
        "weightedAverageShsOut": 122300000,
        "weightedAverageShsOutDil": 122300000,
        "link": "https://www.sec.gov/Archives/edgar/data/203527/000101287099002879/0001012870-99-002879-index.html",
        "finalLink": "https://www.sec.gov/Archives/edgar/data/203527/0001012870-99-002879.txt"
    },
    {
        "date": "1999-04-02",
        "symbol": "VAR",
        "reportedCurrency": "USD",
        "cik": "0000203527",
        "fillingDate": "1999-05-17",
        "acceptedDate": "1999-05-17 00:00:00",
        "calendarYear": "1999",
        "period": "Q1",
        "revenue": 149300000,
        "costOfRevenue": 99900000,
        "grossProfit": 49400000,
        "grossProfitRatio": 0.330877428,
        "researchAndDevelopmentExpenses": 11100000,
        "generalAndAdministrativeExpenses": 34000000,
        "sellingAndMarketingExpenses": 27500000,
        "sellingGeneralAndAdministrativeExpenses": 61500000,
        "otherExpenses": 0,
        "operatingExpenses": 72600000,
        "costAndExpenses": 172500000,
        "interestIncome": 0,
        "interestExpense": -1300000,
        "depreciationAndAmortization": -33400000,
        "ebitda": -56600000,
        "ebitdaratio": -0.3791024782,
        "operatingIncome": -23200000,
        "operatingIncomeRatio": -0.1553918285,
        "totalOtherIncomeExpensesNet": -1300000,
        "incomeBeforeTax": -24500000,
        "incomeBeforeTaxRatio": -0.1640991293,
        "incomeTaxExpense": -14400000,
        "netIncome": -40900000,
        "netIncomeRatio": -0.273945077,
        "eps": -0.34,
        "epsdiluted": -0.34,
        "weightedAverageShsOut": 120500000,
        "weightedAverageShsOutDil": 120500000,
        "link": "https://www.sec.gov/Archives/edgar/data/203527/000101287099001634/0001012870-99-001634-index.html",
        "finalLink": "https://www.sec.gov/Archives/edgar/data/203527/0001012870-99-001634.txt"
    },
    {
        "date": "1999-01-01",
        "symbol": "VAR",
        "reportedCurrency": "USD",
        "cik": "0000203527",
        "fillingDate": "1999-02-16",
        "acceptedDate": "1999-02-16 00:00:00",
        "calendarYear": "1998",
        "period": "Q4",
        "revenue": 105000000,
        "costOfRevenue": 72100000,
        "grossProfit": 32900000,
        "grossProfitRatio": 0.3133333333,
        "researchAndDevelopmentExpenses": 9400000,
        "generalAndAdministrativeExpenses": 23600000,
        "sellingAndMarketingExpenses": 3600000,
        "sellingGeneralAndAdministrativeExpenses": 27200000,
        "otherExpenses": 0,
        "operatingExpenses": 36600000,
        "costAndExpenses": 108700000,
        "interestIncome": 0,
        "interestExpense": -1100000,
        "depreciationAndAmortization": -2600000,
        "ebitda": -6300000,
        "ebitdaratio": -0.06,
        "operatingIncome": -3700000,
        "operatingIncomeRatio": -0.0352380952,
        "totalOtherIncomeExpensesNet": -1200000,
        "incomeBeforeTax": -4900000,
        "incomeBeforeTaxRatio": -0.0466666667,
        "incomeTaxExpense": -2800000,
        "netIncome": -2400000,
        "netIncomeRatio": -0.0228571429,
        "eps": -0.0201,
        "epsdiluted": -0.0201,
        "weightedAverageShsOut": 119400000,
        "weightedAverageShsOutDil": 119400000,
        "link": "https://www.sec.gov/Archives/edgar/data/203527/000101287099000484/0001012870-99-000484-index.html",
        "finalLink": "https://www.sec.gov/Archives/edgar/data/203527/0001012870-99-000484.txt"
    },
    {
        "date": "1998-10-02",
        "symbol": "VAR",
        "reportedCurrency": "USD",
        "cik": "0000203527",
        "fillingDate": "1998-10-02",
        "acceptedDate": "1998-10-01 20:00:00",
        "calendarYear": "1998",
        "period": "Q3",
        "revenue": 179500000,
        "costOfRevenue": 104900000,
        "grossProfit": 74600000,
        "grossProfitRatio": 0.4155988858,
        "researchAndDevelopmentExpenses": 9800000,
        "generalAndAdministrativeExpenses": 40900000,
        "sellingAndMarketingExpenses": 0,
        "sellingGeneralAndAdministrativeExpenses": 40900000,
        "otherExpenses": 0,
        "operatingExpenses": 50700000,
        "costAndExpenses": 155600000,
        "interestIncome": 0,
        "interestExpense": -200000,
        "depreciationAndAmortization": -4900000,
        "ebitda": 19000000,
        "ebitdaratio": 0.1058495822,
        "operatingIncome": 23900000,
        "operatingIncomeRatio": 0.1331476323,
        "totalOtherIncomeExpensesNet": -200000,
        "incomeBeforeTax": 23700000,
        "incomeBeforeTaxRatio": 0.1320334262,
        "incomeTaxExpense": 6500000,
        "netIncome": 12700000,
        "netIncomeRatio": 0.0707520891,
        "eps": 0.1,
        "epsdiluted": 0.1,
        "weightedAverageShsOut": 122700000,
        "weightedAverageShsOutDil": 122700000,
        "link": "",
        "finalLink": ""
    },
    {
        "date": "1998-07-03",
        "symbol": "VAR",
        "reportedCurrency": "USD",
        "cik": "0000203527",
        "fillingDate": "1998-08-13",
        "acceptedDate": "1998-08-13 00:00:00",
        "calendarYear": "1998",
        "period": "Q2",
        "revenue": 131500000,
        "costOfRevenue": 86100000,
        "grossProfit": 45400000,
        "grossProfitRatio": 0.3452471483,
        "researchAndDevelopmentExpenses": 8000000,
        "generalAndAdministrativeExpenses": 24800000,
        "sellingAndMarketingExpenses": 0,
        "sellingGeneralAndAdministrativeExpenses": 24800000,
        "otherExpenses": 0,
        "operatingExpenses": 32800000,
        "costAndExpenses": 118900000,
        "interestIncome": 0,
        "interestExpense": -600000,
        "depreciationAndAmortization": 8500000,
        "ebitda": 21200000,
        "ebitdaratio": 0.16121673,
        "operatingIncome": 12700000,
        "operatingIncomeRatio": 0.0965779468,
        "totalOtherIncomeExpensesNet": -700000,
        "incomeBeforeTax": 12000000,
        "incomeBeforeTaxRatio": 0.0912547529,
        "incomeTaxExpense": 3300000,
        "netIncome": 18500000,
        "netIncomeRatio": 0.1406844106,
        "eps": 0.15,
        "epsdiluted": 0.15,
        "weightedAverageShsOut": 121200000,
        "weightedAverageShsOutDil": 121200000,
        "link": "https://www.sec.gov/Archives/edgar/data/203527/000101287098002108/0001012870-98-002108-index.html",
        "finalLink": "https://www.sec.gov/Archives/edgar/data/203527/0001012870-98-002108.txt"
    },
    {
        "date": "1998-04-03",
        "symbol": "VAR",
        "reportedCurrency": "USD",
        "cik": "0000203527",
        "fillingDate": "1998-05-18",
        "acceptedDate": "1998-05-18 00:00:00",
        "calendarYear": "1998",
        "period": "Q1",
        "revenue": 131500000,
        "costOfRevenue": 89500000,
        "grossProfit": 42000000,
        "grossProfitRatio": 0.319391635,
        "researchAndDevelopmentExpenses": 11400000,
        "generalAndAdministrativeExpenses": 23200000,
        "sellingAndMarketingExpenses": 0,
        "sellingGeneralAndAdministrativeExpenses": 23200000,
        "otherExpenses": 0,
        "operatingExpenses": 34600000,
        "costAndExpenses": 124100000,
        "interestIncome": 0,
        "interestExpense": -1300000,
        "depreciationAndAmortization": 16000000,
        "ebitda": 23400000,
        "ebitdaratio": 0.1779467681,
        "operatingIncome": 7400000,
        "operatingIncomeRatio": 0.0562737643,
        "totalOtherIncomeExpensesNet": -1300000,
        "incomeBeforeTax": 6100000,
        "incomeBeforeTaxRatio": 0.0463878327,
        "incomeTaxExpense": 1700000,
        "netIncome": 23000000,
        "netIncomeRatio": 0.174904943,
        "eps": 0.19,
        "epsdiluted": 0.19,
        "weightedAverageShsOut": 122500000,
        "weightedAverageShsOutDil": 122500000,
        "link": "https://www.sec.gov/Archives/edgar/data/203527/000089161898002518/0000891618-98-002518-index.html",
        "finalLink": "https://www.sec.gov/Archives/edgar/data/203527/0000891618-98-002518.txt"
    },
    {
        "date": "1998-01-02",
        "symbol": "VAR",
        "reportedCurrency": "USD",
        "cik": "0000203527",
        "fillingDate": "1998-02-17",
        "acceptedDate": "1998-02-17 00:00:00",
        "calendarYear": "1997",
        "period": "Q4",
        "revenue": 98900000,
        "costOfRevenue": 65800000,
        "grossProfit": 33100000,
        "grossProfitRatio": 0.3346814965,
        "researchAndDevelopmentExpenses": 10000000,
        "generalAndAdministrativeExpenses": 28600000,
        "sellingAndMarketingExpenses": 100000,
        "sellingGeneralAndAdministrativeExpenses": 28700000,
        "otherExpenses": 0,
        "operatingExpenses": 38700000,
        "costAndExpenses": 104500000,
        "interestIncome": 0,
        "interestExpense": -300000,
        "depreciationAndAmortization": 23300000,
        "ebitda": 17800000,
        "ebitdaratio": 0.1799797776,
        "operatingIncome": -5500000,
        "operatingIncomeRatio": -0.055611729,
        "totalOtherIncomeExpensesNet": -400000,
        "incomeBeforeTax": -5900000,
        "incomeBeforeTaxRatio": -0.0596562184,
        "incomeTaxExpense": -1600000,
        "netIncome": 19700000,
        "netIncomeRatio": 0.1991911021,
        "eps": 0.16,
        "epsdiluted": 0.16,
        "weightedAverageShsOut": 120300000,
        "weightedAverageShsOutDil": 120300000,
        "link": "https://www.sec.gov/Archives/edgar/data/203527/000089161898000759/0000891618-98-000759-index.html",
        "finalLink": "https://www.sec.gov/Archives/edgar/data/203527/0000891618-98-000759.txt"
    },
    {
        "date": "1997-09-26",
        "symbol": "VAR",
        "reportedCurrency": "USD",
        "cik": "0000203527",
        "fillingDate": "1997-12-19",
        "acceptedDate": "1997-12-19 00:00:00",
        "calendarYear": "1997",
        "period": "Q3",
        "revenue": 405800000,
        "costOfRevenue": 250900000,
        "grossProfit": 154900000,
        "grossProfitRatio": 0.3817151306,
        "researchAndDevelopmentExpenses": 25800000,
        "generalAndAdministrativeExpenses": 79100000,
        "sellingAndMarketingExpenses": 0,
        "sellingGeneralAndAdministrativeExpenses": 79100000,
        "otherExpenses": 0,
        "operatingExpenses": 104900000,
        "costAndExpenses": 355800000,
        "interestIncome": 0,
        "interestExpense": 700000,
        "depreciationAndAmortization": 1400000,
        "ebitda": 51400000,
        "ebitdaratio": 0.126663381,
        "operatingIncome": 50000000,
        "operatingIncomeRatio": 0.1232134056,
        "totalOtherIncomeExpensesNet": 700000,
        "incomeBeforeTax": 50700000,
        "incomeBeforeTaxRatio": 0.1249383933,
        "incomeTaxExpense": 17700000,
        "netIncome": 33000000,
        "netIncomeRatio": 0.0813208477,
        "eps": 0.27,
        "epsdiluted": 0.27,
        "weightedAverageShsOut": 124400000,
        "weightedAverageShsOutDil": 124400000,
        "link": "https://www.sec.gov/Archives/edgar/data/203527/000089161897004993/0000891618-97-004993-index.html",
        "finalLink": "https://www.sec.gov/Archives/edgar/data/203527/0000891618-97-004993.txt"
    },
    {
        "date": "1997-06-27",
        "symbol": "VAR",
        "reportedCurrency": "USD",
        "cik": "0000203527",
        "fillingDate": "1997-08-11",
        "acceptedDate": "1997-08-11 00:00:00",
        "calendarYear": "1997",
        "period": "Q2",
        "revenue": 359900000,
        "costOfRevenue": 227500000,
        "grossProfit": 132400000,
        "grossProfitRatio": 0.3678799667,
        "researchAndDevelopmentExpenses": 29400000,
        "generalAndAdministrativeExpenses": 72000000,
        "sellingAndMarketingExpenses": 0,
        "sellingGeneralAndAdministrativeExpenses": 72000000,
        "otherExpenses": 0,
        "operatingExpenses": 101400000,
        "costAndExpenses": 328900000,
        "interestIncome": 0,
        "interestExpense": 49700000,
        "depreciationAndAmortization": 99300000,
        "ebitda": 130300000,
        "ebitdaratio": 0.3620450125,
        "operatingIncome": 31000000,
        "operatingIncomeRatio": 0.0861350375,
        "totalOtherIncomeExpensesNet": 49700000,
        "incomeBeforeTax": 80700000,
        "incomeBeforeTaxRatio": 0.2242289525,
        "incomeTaxExpense": 28200000,
        "netIncome": 52400000,
        "netIncomeRatio": 0.1455959989,
        "eps": 0.42,
        "epsdiluted": 0.42,
        "weightedAverageShsOut": 124900000,
        "weightedAverageShsOutDil": 124900000,
        "link": "https://www.sec.gov/Archives/edgar/data/203527/000089161897003276/0000891618-97-003276-index.html",
        "finalLink": "https://www.sec.gov/Archives/edgar/data/203527/0000891618-97-003276.txt"
    },
    {
        "date": "1997-03-28",
        "symbol": "VAR",
        "reportedCurrency": "USD",
        "cik": "0000203527",
        "fillingDate": "1997-05-12",
        "acceptedDate": "1997-05-12 00:00:00",
        "calendarYear": "1997",
        "period": "Q1",
        "revenue": 338200000,
        "costOfRevenue": 214300000,
        "grossProfit": 123900000,
        "grossProfitRatio": 0.3663512714,
        "researchAndDevelopmentExpenses": 29200000,
        "generalAndAdministrativeExpenses": 66700000,
        "sellingAndMarketingExpenses": -99999.9999999851,
        "sellingGeneralAndAdministrativeExpenses": 66600000,
        "otherExpenses": 0,
        "operatingExpenses": 95800000,
        "costAndExpenses": 310100000,
        "interestIncome": 0,
        "interestExpense": -1400000,
        "depreciationAndAmortization": -2900000,
        "ebitda": 25200000,
        "ebitdaratio": 0.074512123,
        "operatingIncome": 28100000,
        "operatingIncomeRatio": 0.0830869308,
        "totalOtherIncomeExpensesNet": -1400000,
        "incomeBeforeTax": 26700000,
        "incomeBeforeTaxRatio": 0.0789473684,
        "incomeTaxExpense": 9300000,
        "netIncome": 17300000,
        "netIncomeRatio": 0.0511531638,
        "eps": 0.14,
        "epsdiluted": 0.14,
        "weightedAverageShsOut": 126400000,
        "weightedAverageShsOutDil": 126400000,
        "link": "https://www.sec.gov/Archives/edgar/data/203527/000089161897002200/0000891618-97-002200-index.html",
        "finalLink": "https://www.sec.gov/Archives/edgar/data/203527/0000891618-97-002200.txt"
    },
    {
        "date": "1996-12-27",
        "symbol": "VAR",
        "reportedCurrency": "USD",
        "cik": "0000203527",
        "fillingDate": "1997-02-07",
        "acceptedDate": "1997-02-07 00:00:00",
        "calendarYear": "1996",
        "period": "Q4",
        "revenue": 322000000,
        "costOfRevenue": 210100000,
        "grossProfit": 111900000,
        "grossProfitRatio": 0.347515528,
        "researchAndDevelopmentExpenses": 26400000,
        "generalAndAdministrativeExpenses": 64700000,
        "sellingAndMarketingExpenses": -99999.9999999702,
        "sellingGeneralAndAdministrativeExpenses": 64600000,
        "otherExpenses": 0,
        "operatingExpenses": 91000000,
        "costAndExpenses": 301100000,
        "interestIncome": 0,
        "interestExpense": -1100000,
        "depreciationAndAmortization": -2200000,
        "ebitda": 18600000,
        "ebitdaratio": 0.0577639752,
        "operatingIncome": 20800000,
        "operatingIncomeRatio": 0.0645962733,
        "totalOtherIncomeExpensesNet": -1100000,
        "incomeBeforeTax": 19700000,
        "incomeBeforeTaxRatio": 0.0611801242,
        "incomeTaxExpense": 6900000,
        "netIncome": 12800000,
        "netIncomeRatio": 0.0397515528,
        "eps": 0.1,
        "epsdiluted": 0.1,
        "weightedAverageShsOut": 126100000,
        "weightedAverageShsOutDil": 126100000,
        "link": "https://www.sec.gov/Archives/edgar/data/203527/000089161897000349/0000891618-97-000349-index.html",
        "finalLink": "https://www.sec.gov/Archives/edgar/data/203527/0000891618-97-000349.txt"
    },
    {
        "date": "1996-09-27",
        "symbol": "VAR",
        "reportedCurrency": "USD",
        "cik": "0000203527",
        "fillingDate": "1996-12-19",
        "acceptedDate": "1996-12-19 00:00:00",
        "calendarYear": "1996",
        "period": "Q3",
        "revenue": 413400000,
        "costOfRevenue": 254100000,
        "grossProfit": 159300000,
        "grossProfitRatio": 0.385341074,
        "researchAndDevelopmentExpenses": 30300000,
        "generalAndAdministrativeExpenses": 83700000,
        "sellingAndMarketingExpenses": 0,
        "sellingGeneralAndAdministrativeExpenses": 83700000,
        "otherExpenses": 0,
        "operatingExpenses": 114000000,
        "costAndExpenses": 368100000,
        "interestIncome": 0,
        "interestExpense": -100000,
        "depreciationAndAmortization": -300000,
        "ebitda": 45000000,
        "ebitdaratio": 0.1088534107,
        "operatingIncome": 45300000,
        "operatingIncomeRatio": 0.1095791001,
        "totalOtherIncomeExpensesNet": -100000,
        "incomeBeforeTax": 45200000,
        "incomeBeforeTaxRatio": 0.1093372037,
        "incomeTaxExpense": 16000000,
        "netIncome": 29100000,
        "netIncomeRatio": 0.0703918723,
        "eps": 0.23,
        "epsdiluted": 0.23,
        "weightedAverageShsOut": 126600000,
        "weightedAverageShsOutDil": 126600000,
        "link": "https://www.sec.gov/Archives/edgar/data/203527/000089161896003118/0000891618-96-003118-index.html",
        "finalLink": "https://www.sec.gov/Archives/edgar/data/203527/0000891618-96-003118.txt"
    },
    {
        "date": "1996-06-28",
        "symbol": "VAR",
        "reportedCurrency": "USD",
        "cik": "0000203527",
        "fillingDate": "1996-08-09",
        "acceptedDate": "1996-08-09 00:00:00",
        "calendarYear": "1996",
        "period": "Q2",
        "revenue": 417100000,
        "costOfRevenue": 260000000,
        "grossProfit": 157100000,
        "grossProfitRatio": 0.3766482858,
        "researchAndDevelopmentExpenses": 28100000,
        "generalAndAdministrativeExpenses": 75500000,
        "sellingAndMarketingExpenses": 0,
        "sellingGeneralAndAdministrativeExpenses": 75500000,
        "otherExpenses": 0,
        "operatingExpenses": 103600000,
        "costAndExpenses": 363600000,
        "interestIncome": 0,
        "interestExpense": -900000,
        "depreciationAndAmortization": -1800000,
        "ebitda": 51700000,
        "ebitdaratio": 0.1239510909,
        "operatingIncome": 53500000,
        "operatingIncomeRatio": 0.1282666027,
        "totalOtherIncomeExpensesNet": -900000,
        "incomeBeforeTax": 52600000,
        "incomeBeforeTaxRatio": 0.1261088468,
        "incomeTaxExpense": 18200000,
        "netIncome": 34400000,
        "netIncomeRatio": 0.0824742268,
        "eps": 0.27,
        "epsdiluted": 0.27,
        "weightedAverageShsOut": 128900000,
        "weightedAverageShsOutDil": 128900000,
        "link": "https://www.sec.gov/Archives/edgar/data/203527/000089161896001625/0000891618-96-001625-index.html",
        "finalLink": "https://www.sec.gov/Archives/edgar/data/203527/0000891618-96-001625.txt"
    },
    {
        "date": "1996-03-29",
        "symbol": "VAR",
        "reportedCurrency": "USD",
        "cik": "0000203527",
        "fillingDate": "1996-05-13",
        "acceptedDate": "1996-05-13 00:00:00",
        "calendarYear": "1996",
        "period": "Q1",
        "revenue": 417600000,
        "costOfRevenue": 263400000,
        "grossProfit": 154200000,
        "grossProfitRatio": 0.3692528736,
        "researchAndDevelopmentExpenses": 27300000,
        "generalAndAdministrativeExpenses": 74300000,
        "sellingAndMarketingExpenses": 0,
        "sellingGeneralAndAdministrativeExpenses": 74300000,
        "otherExpenses": 0,
        "operatingExpenses": 101600000,
        "costAndExpenses": 365000000,
        "interestIncome": 0,
        "interestExpense": -1100000,
        "depreciationAndAmortization": -2200000,
        "ebitda": 50500000,
        "ebitdaratio": 0.1209291188,
        "operatingIncome": 52700000,
        "operatingIncomeRatio": 0.126197318,
        "totalOtherIncomeExpensesNet": -1100000,
        "incomeBeforeTax": 51600000,
        "incomeBeforeTaxRatio": 0.1235632184,
        "incomeTaxExpense": 18600000,
        "netIncome": 33000000,
        "netIncomeRatio": 0.0790229885,
        "eps": 0.26,
        "epsdiluted": 0.26,
        "weightedAverageShsOut": 128700000,
        "weightedAverageShsOutDil": 128700000,
        "link": "https://www.sec.gov/Archives/edgar/data/203527/000089161896000376/0000891618-96-000376-index.html",
        "finalLink": "https://www.sec.gov/Archives/edgar/data/203527/0000891618-96-000376.txt"
    },
    {
        "date": "1995-12-29",
        "symbol": "VAR",
        "reportedCurrency": "USD",
        "cik": "0000203527",
        "fillingDate": "1996-02-12",
        "acceptedDate": "1996-02-12 00:00:00",
        "calendarYear": "1995",
        "period": "Q4",
        "revenue": 351200000,
        "costOfRevenue": 218100000,
        "grossProfit": 133100000,
        "grossProfitRatio": 0.3789863326,
        "researchAndDevelopmentExpenses": 24500000,
        "generalAndAdministrativeExpenses": 69900000,
        "sellingAndMarketingExpenses": 100000,
        "sellingGeneralAndAdministrativeExpenses": 70000000,
        "otherExpenses": 0,
        "operatingExpenses": 94500000,
        "costAndExpenses": 312600000,
        "interestIncome": 0,
        "interestExpense": 1200000,
        "depreciationAndAmortization": 2400000,
        "ebitda": 41100000,
        "ebitdaratio": 0.1170273349,
        "operatingIncome": 38700000,
        "operatingIncomeRatio": 0.1101936219,
        "totalOtherIncomeExpensesNet": 1200000,
        "incomeBeforeTax": 39900000,
        "incomeBeforeTaxRatio": 0.1136104784,
        "incomeTaxExpense": 14400000,
        "netIncome": 25500000,
        "netIncomeRatio": 0.0726082005,
        "eps": 0.2,
        "epsdiluted": 0.2,
        "weightedAverageShsOut": 129100000,
        "weightedAverageShsOutDil": 129100000,
        "link": "https://www.sec.gov/Archives/edgar/data/203527/000089161896000083/0000891618-96-000083-index.html",
        "finalLink": "https://www.sec.gov/Archives/edgar/data/203527/0000891618-96-000083.txt"
    },
    {
        "date": "1995-09-29",
        "symbol": "VAR",
        "reportedCurrency": "USD",
        "cik": "0000203527",
        "fillingDate": "1995-12-26",
        "acceptedDate": "1995-12-26 00:00:00",
        "calendarYear": "1995",
        "period": "Q3",
        "revenue": 406700000,
        "costOfRevenue": 251800000,
        "grossProfit": 154900000,
        "grossProfitRatio": 0.3808704205,
        "researchAndDevelopmentExpenses": 24900000,
        "generalAndAdministrativeExpenses": 81600000,
        "sellingAndMarketingExpenses": -100000.0000000149,
        "sellingGeneralAndAdministrativeExpenses": 81500000,
        "otherExpenses": 0,
        "operatingExpenses": 106400000,
        "costAndExpenses": 358200000,
        "interestIncome": 0,
        "interestExpense": 600000,
        "depreciationAndAmortization": 25700000,
        "ebitda": 74200000,
        "ebitdaratio": 0.182444062,
        "operatingIncome": 48500000,
        "operatingIncomeRatio": 0.1192525203,
        "totalOtherIncomeExpensesNet": 600000,
        "incomeBeforeTax": 49100000,
        "incomeBeforeTaxRatio": 0.1207278092,
        "incomeTaxExpense": 16500000,
        "netIncome": 57100000,
        "netIncomeRatio": 0.140398328,
        "eps": 0.4,
        "epsdiluted": 0.4,
        "weightedAverageShsOut": 141200000,
        "weightedAverageShsOutDil": 141200000,
        "link": "https://www.sec.gov/Archives/edgar/data/203527/000089161895000761/0000891618-95-000761-index.html",
        "finalLink": "https://www.sec.gov/Archives/edgar/data/203527/0000891618-95-000761.txt"
    },
    {
        "date": "1995-06-30",
        "symbol": "VAR",
        "reportedCurrency": "USD",
        "cik": "0000203527",
        "fillingDate": "1995-08-08",
        "acceptedDate": "1995-08-08 00:00:00",
        "calendarYear": "1995",
        "period": "Q2",
        "revenue": 394300000,
        "costOfRevenue": 256400000,
        "grossProfit": 137900000,
        "grossProfitRatio": 0.3497337053,
        "researchAndDevelopmentExpenses": 24100000,
        "generalAndAdministrativeExpenses": 67100000,
        "sellingAndMarketingExpenses": 0,
        "sellingGeneralAndAdministrativeExpenses": 67100000,
        "otherExpenses": 0,
        "operatingExpenses": 91200000,
        "costAndExpenses": 347600000,
        "interestIncome": 0,
        "interestExpense": -700000,
        "depreciationAndAmortization": 1300000,
        "ebitda": 48000000,
        "ebitdaratio": 0.1217347198,
        "operatingIncome": 46700000,
        "operatingIncomeRatio": 0.1184377378,
        "totalOtherIncomeExpensesNet": -800000,
        "incomeBeforeTax": 45900000,
        "incomeBeforeTaxRatio": 0.1164088258,
        "incomeTaxExpense": 17000000,
        "netIncome": 31700000,
        "netIncomeRatio": 0.0803956378,
        "eps": 0.22,
        "epsdiluted": 0.22,
        "weightedAverageShsOut": 141700000,
        "weightedAverageShsOutDil": 141700000,
        "link": "https://www.sec.gov/Archives/edgar/data/203527/000089161895000441/0000891618-95-000441-index.html",
        "finalLink": "https://www.sec.gov/Archives/edgar/data/203527/0000891618-95-000441.txt"
    },
    {
        "date": "1995-03-31",
        "symbol": "VAR",
        "reportedCurrency": "USD",
        "cik": "0000203527",
        "fillingDate": "1995-05-15",
        "acceptedDate": "1995-05-15 00:00:00",
        "calendarYear": "1995",
        "period": "Q1",
        "revenue": 428600000,
        "costOfRevenue": 285500000,
        "grossProfit": 143100000,
        "grossProfitRatio": 0.3338777415,
        "researchAndDevelopmentExpenses": 22300000,
        "generalAndAdministrativeExpenses": 78300000,
        "sellingAndMarketingExpenses": 0,
        "sellingGeneralAndAdministrativeExpenses": 78300000,
        "otherExpenses": 0,
        "operatingExpenses": 100600000,
        "costAndExpenses": 386100000,
        "interestIncome": 0,
        "interestExpense": -600000,
        "depreciationAndAmortization": 2100000,
        "ebitda": 44600000,
        "ebitdaratio": 0.1040597294,
        "operatingIncome": 42500000,
        "operatingIncomeRatio": 0.099160056,
        "totalOtherIncomeExpensesNet": -500000,
        "incomeBeforeTax": 42000000,
        "incomeBeforeTaxRatio": 0.0979934671,
        "incomeTaxExpense": 15500000,
        "netIncome": 29700000,
        "netIncomeRatio": 0.0692953803,
        "eps": 0.21,
        "epsdiluted": 0.21,
        "weightedAverageShsOut": 140400000,
        "weightedAverageShsOutDil": 140400000,
        "link": "https://www.sec.gov/Archives/edgar/data/203527/000089161895000282/0000891618-95-000282-index.html",
        "finalLink": "https://www.sec.gov/Archives/edgar/data/203527/0000891618-95-000282.txt"
    },
    {
        "date": "1994-12-30",
        "symbol": "VAR",
        "reportedCurrency": "USD",
        "cik": "0000203527",
        "fillingDate": "1995-02-09",
        "acceptedDate": "1995-02-09 00:00:00",
        "calendarYear": "1994",
        "period": "Q4",
        "revenue": 346100000,
        "costOfRevenue": 230900000,
        "grossProfit": 115200000,
        "grossProfitRatio": 0.3328517769,
        "researchAndDevelopmentExpenses": 19800000,
        "generalAndAdministrativeExpenses": 66300000,
        "sellingAndMarketingExpenses": -100000.0000000298,
        "sellingGeneralAndAdministrativeExpenses": 66200000,
        "otherExpenses": 0,
        "operatingExpenses": 86000000,
        "costAndExpenses": 316900000,
        "interestIncome": 0,
        "interestExpense": -900000,
        "depreciationAndAmortization": 1200000,
        "ebitda": 30400000,
        "ebitdaratio": 0.0878358856,
        "operatingIncome": 29200000,
        "operatingIncomeRatio": 0.0843686796,
        "totalOtherIncomeExpensesNet": -900000,
        "incomeBeforeTax": 28300000,
        "incomeBeforeTaxRatio": 0.0817682751,
        "incomeTaxExpense": 10500000,
        "netIncome": 20800000,
        "netIncomeRatio": 0.0600982375,
        "eps": 0.15,
        "epsdiluted": 0.15,
        "weightedAverageShsOut": 139900000,
        "weightedAverageShsOutDil": 139900000,
        "link": "https://www.sec.gov/Archives/edgar/data/203527/000089161895000044/0000891618-95-000044-index.html",
        "finalLink": "https://www.sec.gov/Archives/edgar/data/203527/0000891618-95-000044.txt"
    },
    {
        "date": "1994-09-30",
        "symbol": "VAR",
        "reportedCurrency": "USD",
        "cik": "0000203527",
        "fillingDate": "1994-12-21",
        "acceptedDate": "1994-12-21 00:00:00",
        "calendarYear": "1994",
        "period": "Q3",
        "revenue": 441100000,
        "costOfRevenue": 285000000,
        "grossProfit": 156100000,
        "grossProfitRatio": 0.3538880073,
        "researchAndDevelopmentExpenses": 21900000,
        "generalAndAdministrativeExpenses": 90000000,
        "sellingAndMarketingExpenses": 0,
        "sellingGeneralAndAdministrativeExpenses": 90000000,
        "otherExpenses": 0,
        "operatingExpenses": 111900000,
        "costAndExpenses": 396900000,
        "interestIncome": 0,
        "interestExpense": -900000,
        "depreciationAndAmortization": -1800000,
        "ebitda": 42500000,
        "ebitdaratio": 0.096350034,
        "operatingIncome": 44300000,
        "operatingIncomeRatio": 0.1004307413,
        "totalOtherIncomeExpensesNet": -900000,
        "incomeBeforeTax": 43400000,
        "incomeBeforeTaxRatio": 0.0983903877,
        "incomeTaxExpense": 16500000,
        "netIncome": 26900000,
        "netIncomeRatio": 0.0609839039,
        "eps": 0.19,
        "epsdiluted": 0.19,
        "weightedAverageShsOut": 143300000,
        "weightedAverageShsOutDil": 143300000,
        "link": "https://www.sec.gov/Archives/edgar/data/203527/000089161894000265/0000891618-94-000265-index.html",
        "finalLink": "https://www.sec.gov/Archives/edgar/data/203527/0000891618-94-000265.txt"
    },
    {
        "date": "1994-07-01",
        "symbol": "VAR",
        "reportedCurrency": "USD",
        "cik": "0000203527",
        "fillingDate": "1994-08-12",
        "acceptedDate": "1994-08-12 00:00:00",
        "calendarYear": "1994",
        "period": "Q2",
        "revenue": 393100000,
        "costOfRevenue": 262600000,
        "grossProfit": 130500000,
        "grossProfitRatio": 0.3319765963,
        "researchAndDevelopmentExpenses": 19500000,
        "generalAndAdministrativeExpenses": 75800000,
        "sellingAndMarketingExpenses": 0,
        "sellingGeneralAndAdministrativeExpenses": 75800000,
        "otherExpenses": 0,
        "operatingExpenses": 95300000,
        "costAndExpenses": 357900000,
        "interestIncome": 0,
        "interestExpense": 1000000,
        "depreciationAndAmortization": 2000000,
        "ebitda": 37200000,
        "ebitdaratio": 0.0946324091,
        "operatingIncome": 35200000,
        "operatingIncomeRatio": 0.0895446451,
        "totalOtherIncomeExpensesNet": 1000000,
        "incomeBeforeTax": 36200000,
        "incomeBeforeTaxRatio": 0.0920885271,
        "incomeTaxExpense": 13800000,
        "netIncome": 22400000,
        "netIncomeRatio": 0.056982956,
        "eps": 0.16,
        "epsdiluted": 0.16,
        "weightedAverageShsOut": 142100000,
        "weightedAverageShsOutDil": 142100000,
        "link": "https://www.sec.gov/Archives/edgar/data/203527/000089161894000163/0000891618-94-000163-index.html",
        "finalLink": "https://www.sec.gov/Archives/edgar/data/203527/0000891618-94-000163.txt"
    },
    {
        "date": "1994-04-01",
        "symbol": "VAR",
        "reportedCurrency": "USD",
        "cik": "0000203527",
        "fillingDate": "1994-05-12",
        "acceptedDate": "1994-05-12 00:00:00",
        "calendarYear": "1994",
        "period": "Q1",
        "revenue": 394500000,
        "costOfRevenue": 264800000,
        "grossProfit": 129700000,
        "grossProfitRatio": 0.3287705957,
        "researchAndDevelopmentExpenses": 21500000,
        "generalAndAdministrativeExpenses": 77600000,
        "sellingAndMarketingExpenses": 0,
        "sellingGeneralAndAdministrativeExpenses": 77600000,
        "otherExpenses": 0,
        "operatingExpenses": 99100000,
        "costAndExpenses": 363900000,
        "interestIncome": 0,
        "interestExpense": -1100000,
        "depreciationAndAmortization": -2200000,
        "ebitda": 28400000,
        "ebitdaratio": 0.0719898606,
        "operatingIncome": 30600000,
        "operatingIncomeRatio": 0.0775665399,
        "totalOtherIncomeExpensesNet": -1000000,
        "incomeBeforeTax": 29600000,
        "incomeBeforeTaxRatio": 0.0750316857,
        "incomeTaxExpense": 11200000,
        "netIncome": 18300000,
        "netIncomeRatio": 0.0463878327,
        "eps": 0.13,
        "epsdiluted": 0.13,
        "weightedAverageShsOut": 142800000,
        "weightedAverageShsOutDil": 142800000,
        "link": "https://www.sec.gov/Archives/edgar/data/203527/000089161894000113/0000891618-94-000113-index.html",
        "finalLink": "https://www.sec.gov/Archives/edgar/data/203527/0000891618-94-000113.txt"
    }
]