[
    {
        "date": "2025-09-30",
        "symbol": "VC",
        "reportedCurrency": "USD",
        "cik": "0001111335",
        "fillingDate": "2025-10-23",
        "acceptedDate": "2025-10-23 07:11:11",
        "calendarYear": "2025",
        "period": "Q3",
        "revenue": 917000000,
        "costOfRevenue": 786000000,
        "grossProfit": 131000000,
        "grossProfitRatio": 0.1428571429,
        "researchAndDevelopmentExpenses": 0,
        "generalAndAdministrativeExpenses": 0,
        "sellingAndMarketingExpenses": 0,
        "sellingGeneralAndAdministrativeExpenses": 53000000,
        "otherExpenses": 0,
        "operatingExpenses": 53000000,
        "costAndExpenses": 839000000,
        "interestIncome": 6000000,
        "interestExpense": 1000000,
        "depreciationAndAmortization": 28000000,
        "ebitda": 110000000,
        "ebitdaratio": 0.1199563795,
        "operatingIncome": 78000000,
        "operatingIncomeRatio": 0.0850599782,
        "totalOtherIncomeExpensesNet": 3000000,
        "incomeBeforeTax": 81000000,
        "incomeBeforeTaxRatio": 0.0883315158,
        "incomeTaxExpense": 22000000,
        "netIncome": 57000000,
        "netIncomeRatio": 0.0621592148,
        "eps": 2.09,
        "epsdiluted": 2.04,
        "weightedAverageShsOut": 27300000,
        "weightedAverageShsOutDil": 27900000,
        "link": "https://www.sec.gov/Archives/edgar/data/1111335/000111133525000172/0001111335-25-000172-index.htm",
        "finalLink": "https://www.sec.gov/Archives/edgar/data/1111335/000111133525000172/vc-20250930.htm"
    },
    {
        "date": "2025-06-30",
        "symbol": "VC",
        "reportedCurrency": "USD",
        "cik": "0001111335",
        "fillingDate": "2025-07-24",
        "acceptedDate": "2025-07-24 07:23:05",
        "calendarYear": "2025",
        "period": "Q2",
        "revenue": 969000000,
        "costOfRevenue": 828000000,
        "grossProfit": 141000000,
        "grossProfitRatio": 0.1455108359,
        "researchAndDevelopmentExpenses": 88000000,
        "generalAndAdministrativeExpenses": 0,
        "sellingAndMarketingExpenses": 0,
        "sellingGeneralAndAdministrativeExpenses": 48000000,
        "otherExpenses": -88000000,
        "operatingExpenses": 48000000,
        "costAndExpenses": 876000000,
        "interestIncome": 6000000,
        "interestExpense": 2000000,
        "depreciationAndAmortization": 27000000,
        "ebitda": 126000000,
        "ebitdaratio": 0.1300309598,
        "operatingIncome": 93000000,
        "operatingIncomeRatio": 0.0959752322,
        "totalOtherIncomeExpensesNet": 4000000,
        "incomeBeforeTax": 97000000,
        "incomeBeforeTaxRatio": 0.1001031992,
        "incomeTaxExpense": -28000000,
        "netIncome": 65000000,
        "netIncomeRatio": 0.0670794634,
        "eps": 2.38,
        "epsdiluted": 2.36,
        "weightedAverageShsOut": 27300000,
        "weightedAverageShsOutDil": 27600000,
        "link": "https://www.sec.gov/Archives/edgar/data/1111335/000111133525000137/0001111335-25-000137-index.htm",
        "finalLink": "https://www.sec.gov/Archives/edgar/data/1111335/000111133525000137/vc-20250630.htm"
    },
    {
        "date": "2025-03-31",
        "symbol": "VC",
        "reportedCurrency": "USD",
        "cik": "0001111335",
        "fillingDate": "2025-04-24",
        "acceptedDate": "2025-04-24 07:06:06",
        "calendarYear": "2025",
        "period": "Q1",
        "revenue": 934000000,
        "costOfRevenue": 796000000,
        "grossProfit": 138000000,
        "grossProfitRatio": 0.147751606,
        "researchAndDevelopmentExpenses": 80000000,
        "generalAndAdministrativeExpenses": 0,
        "sellingAndMarketingExpenses": 0,
        "sellingGeneralAndAdministrativeExpenses": 47000000,
        "otherExpenses": -80000000,
        "operatingExpenses": 47000000,
        "costAndExpenses": 843000000,
        "interestIncome": 4000000,
        "interestExpense": 3000000,
        "depreciationAndAmortization": -1000000,
        "ebitda": 91000000,
        "ebitdaratio": 0.0974304069,
        "operatingIncome": 91000000,
        "operatingIncomeRatio": 0.0974304069,
        "totalOtherIncomeExpensesNet": 4000000,
        "incomeBeforeTax": 95000000,
        "incomeBeforeTaxRatio": 0.1017130621,
        "incomeTaxExpense": 28000000,
        "netIncome": 65000000,
        "netIncomeRatio": 0.0695931478,
        "eps": 2.39,
        "epsdiluted": 2.36,
        "weightedAverageShsOut": 27200000,
        "weightedAverageShsOutDil": 27500000,
        "link": "https://www.sec.gov/Archives/edgar/data/1111335/000111133525000059/0001111335-25-000059-index.htm",
        "finalLink": "https://www.sec.gov/Archives/edgar/data/1111335/000111133525000059/vc-20250331.htm"
    },
    {
        "date": "2024-12-31",
        "symbol": "VC",
        "reportedCurrency": "USD",
        "cik": "0001111335",
        "fillingDate": "2025-02-18",
        "acceptedDate": "2025-02-18 07:09:04",
        "calendarYear": "2024",
        "period": "Q4",
        "revenue": 939000000,
        "costOfRevenue": 805000000,
        "grossProfit": 134000000,
        "grossProfitRatio": 0.1427050053,
        "researchAndDevelopmentExpenses": 90000000,
        "generalAndAdministrativeExpenses": 0,
        "sellingAndMarketingExpenses": 0,
        "sellingGeneralAndAdministrativeExpenses": 55000000,
        "otherExpenses": -90000000,
        "operatingExpenses": 55000000,
        "costAndExpenses": 860000000,
        "interestIncome": 5000000,
        "interestExpense": 3000000,
        "depreciationAndAmortization": -2000000,
        "ebitda": 79000000,
        "ebitdaratio": 0.0841320554,
        "operatingIncome": 79000000,
        "operatingIncomeRatio": 0.0841320554,
        "totalOtherIncomeExpensesNet": 5000000,
        "incomeBeforeTax": 84000000,
        "incomeBeforeTaxRatio": 0.089456869,
        "incomeTaxExpense": -41000000,
        "netIncome": 122000000,
        "netIncomeRatio": 0.1299254526,
        "eps": 4.44,
        "epsdiluted": 4.37,
        "weightedAverageShsOut": 27500000,
        "weightedAverageShsOutDil": 27900000,
        "link": "https://www.sec.gov/Archives/edgar/data/1111335/000111133525000006/0001111335-25-000006-index.htm",
        "finalLink": "https://www.sec.gov/Archives/edgar/data/1111335/000111133525000006/vc-20241231.htm"
    },
    {
        "date": "2024-09-30",
        "symbol": "VC",
        "reportedCurrency": "USD",
        "cik": "0001111335",
        "fillingDate": "2024-10-24",
        "acceptedDate": "2024-10-24 07:07:12",
        "calendarYear": "2024",
        "period": "Q3",
        "revenue": 980000000,
        "costOfRevenue": 849000000,
        "grossProfit": 131000000,
        "grossProfitRatio": 0.1336734694,
        "researchAndDevelopmentExpenses": 80000000,
        "generalAndAdministrativeExpenses": 0,
        "sellingAndMarketingExpenses": 0,
        "sellingGeneralAndAdministrativeExpenses": 51000000,
        "otherExpenses": -80000000,
        "operatingExpenses": 51000000,
        "costAndExpenses": 900000000,
        "interestIncome": 4000000,
        "interestExpense": 4000000,
        "depreciationAndAmortization": 25000000,
        "ebitda": 80000000,
        "ebitdaratio": 0.0816326531,
        "operatingIncome": 80000000,
        "operatingIncomeRatio": 0.0816326531,
        "totalOtherIncomeExpensesNet": -29000000,
        "incomeBeforeTax": 51000000,
        "incomeBeforeTaxRatio": 0.0520408163,
        "incomeTaxExpense": 11000000,
        "netIncome": 39000000,
        "netIncomeRatio": 0.0397959184,
        "eps": 1.41,
        "epsdiluted": 1.4,
        "weightedAverageShsOut": 27600000,
        "weightedAverageShsOutDil": 27900000,
        "link": "https://www.sec.gov/Archives/edgar/data/1111335/000111133524000132/0001111335-24-000132-index.htm",
        "finalLink": "https://www.sec.gov/Archives/edgar/data/1111335/000111133524000132/vc-20240930.htm"
    },
    {
        "date": "2024-06-30",
        "symbol": "VC",
        "reportedCurrency": "USD",
        "cik": "0001111335",
        "fillingDate": "2024-07-25",
        "acceptedDate": "2024-07-25 07:04:34",
        "calendarYear": "2024",
        "period": "Q2",
        "revenue": 1014000000,
        "costOfRevenue": 867000000,
        "grossProfit": 147000000,
        "grossProfitRatio": 0.1449704142,
        "researchAndDevelopmentExpenses": 81000000,
        "generalAndAdministrativeExpenses": 0,
        "sellingAndMarketingExpenses": 0,
        "sellingGeneralAndAdministrativeExpenses": 49000000,
        "otherExpenses": 62000000,
        "operatingExpenses": 49000000,
        "costAndExpenses": 916000000,
        "interestIncome": 4000000,
        "interestExpense": 4000000,
        "depreciationAndAmortization": 24000000,
        "ebitda": 125000000,
        "ebitdaratio": 0.1232741617,
        "operatingIncome": 98000000,
        "operatingIncomeRatio": 0.0966469428,
        "totalOtherIncomeExpensesNet": 2000000,
        "incomeBeforeTax": 100000000,
        "incomeBeforeTaxRatio": 0.0986193294,
        "incomeTaxExpense": 25000000,
        "netIncome": 71000000,
        "netIncomeRatio": 0.0700197239,
        "eps": 2.57,
        "epsdiluted": 2.54,
        "weightedAverageShsOut": 27600000,
        "weightedAverageShsOutDil": 27900000,
        "link": "https://www.sec.gov/Archives/edgar/data/1111335/000111133524000121/0001111335-24-000121-index.htm",
        "finalLink": "https://www.sec.gov/Archives/edgar/data/1111335/000111133524000121/vc-20240630.htm"
    },
    {
        "date": "2024-03-31",
        "symbol": "VC",
        "reportedCurrency": "USD",
        "cik": "0001111335",
        "fillingDate": "2024-04-25",
        "acceptedDate": "2024-04-25 07:05:54",
        "calendarYear": "2024",
        "period": "Q1",
        "revenue": 933000000,
        "costOfRevenue": 814000000,
        "grossProfit": 119000000,
        "grossProfitRatio": 0.127545552,
        "researchAndDevelopmentExpenses": 83000000,
        "generalAndAdministrativeExpenses": 0,
        "sellingAndMarketingExpenses": 0,
        "sellingGeneralAndAdministrativeExpenses": 52000000,
        "otherExpenses": 60000000,
        "operatingExpenses": 52000000,
        "costAndExpenses": 866000000,
        "interestIncome": 4000000,
        "interestExpense": 4000000,
        "depreciationAndAmortization": 22000000,
        "ebitda": 86000000,
        "ebitdaratio": 0.0921757771,
        "operatingIncome": 67000000,
        "operatingIncomeRatio": 0.0718113612,
        "totalOtherIncomeExpensesNet": -4000000,
        "incomeBeforeTax": 63000000,
        "incomeBeforeTaxRatio": 0.0675241158,
        "incomeTaxExpense": 19000000,
        "netIncome": 42000000,
        "netIncomeRatio": 0.0450160772,
        "eps": 1.52,
        "epsdiluted": 1.5,
        "weightedAverageShsOut": 27600000,
        "weightedAverageShsOutDil": 28000000,
        "link": "https://www.sec.gov/Archives/edgar/data/1111335/000111133524000096/0001111335-24-000096-index.htm",
        "finalLink": "https://www.sec.gov/Archives/edgar/data/1111335/000111133524000096/vc-20240331.htm"
    },
    {
        "date": "2023-12-31",
        "symbol": "VC",
        "reportedCurrency": "USD",
        "cik": "0001111335",
        "fillingDate": "2024-02-20",
        "acceptedDate": "2024-02-20 07:09:33",
        "calendarYear": "2023",
        "period": "Q4",
        "revenue": 990000000,
        "costOfRevenue": 860000000,
        "grossProfit": 130000000,
        "grossProfitRatio": 0.1313131313,
        "researchAndDevelopmentExpenses": 77000000,
        "generalAndAdministrativeExpenses": 0,
        "sellingAndMarketingExpenses": 0,
        "sellingGeneralAndAdministrativeExpenses": 51000000,
        "otherExpenses": 43000000,
        "operatingExpenses": 51000000,
        "costAndExpenses": 911000000,
        "interestIncome": 4000000,
        "interestExpense": 4000000,
        "depreciationAndAmortization": 24000000,
        "ebitda": 106000000,
        "ebitdaratio": 0.1070707071,
        "operatingIncome": 79000000,
        "operatingIncomeRatio": 0.0797979798,
        "totalOtherIncomeExpensesNet": -2000000,
        "incomeBeforeTax": 77000000,
        "incomeBeforeTaxRatio": 0.0777777778,
        "incomeTaxExpense": -296000000,
        "netIncome": 366000000,
        "netIncomeRatio": 0.3696969697,
        "eps": 13.17,
        "epsdiluted": 12.98,
        "weightedAverageShsOut": 27800000,
        "weightedAverageShsOutDil": 28200000,
        "link": "https://www.sec.gov/Archives/edgar/data/1111335/000111133524000018/0001111335-24-000018-index.htm",
        "finalLink": "https://www.sec.gov/Archives/edgar/data/1111335/000111133524000018/vc-20231231.htm"
    },
    {
        "date": "2023-09-30",
        "symbol": "VC",
        "reportedCurrency": "USD",
        "cik": "0001111335",
        "fillingDate": "2023-10-26",
        "acceptedDate": "2023-10-26 07:06:01",
        "calendarYear": "2023",
        "period": "Q3",
        "revenue": 1014000000,
        "costOfRevenue": 871000000,
        "grossProfit": 143000000,
        "grossProfitRatio": 0.141025641,
        "researchAndDevelopmentExpenses": 79000000,
        "generalAndAdministrativeExpenses": 0,
        "sellingAndMarketingExpenses": 0,
        "sellingGeneralAndAdministrativeExpenses": 52000000,
        "otherExpenses": -79000000,
        "operatingExpenses": 52000000,
        "costAndExpenses": 923000000,
        "interestIncome": 3000000,
        "interestExpense": 4000000,
        "depreciationAndAmortization": 24000000,
        "ebitda": 120000000,
        "ebitdaratio": 0.1183431953,
        "operatingIncome": 91000000,
        "operatingIncomeRatio": 0.0897435897,
        "totalOtherIncomeExpensesNet": 1000000,
        "incomeBeforeTax": 92000000,
        "incomeBeforeTaxRatio": 0.090729783,
        "incomeTaxExpense": -21000000,
        "netIncome": 66000000,
        "netIncomeRatio": 0.0650887574,
        "eps": 2.35,
        "epsdiluted": 2.32,
        "weightedAverageShsOut": 28100000,
        "weightedAverageShsOutDil": 28500000,
        "link": "https://www.sec.gov/Archives/edgar/data/1111335/000111133523000045/0001111335-23-000045-index.htm",
        "finalLink": "https://www.sec.gov/Archives/edgar/data/1111335/000111133523000045/vc-20230930.htm"
    },
    {
        "date": "2023-06-30",
        "symbol": "VC",
        "reportedCurrency": "USD",
        "cik": "0001111335",
        "fillingDate": "2023-08-03",
        "acceptedDate": "2023-08-03 07:18:07",
        "calendarYear": "2023",
        "period": "Q2",
        "revenue": 983000000,
        "costOfRevenue": 879000000,
        "grossProfit": 104000000,
        "grossProfitRatio": 0.1057985758,
        "researchAndDevelopmentExpenses": 91000000,
        "generalAndAdministrativeExpenses": 0,
        "sellingAndMarketingExpenses": 0,
        "sellingGeneralAndAdministrativeExpenses": 52000000,
        "otherExpenses": -91000000,
        "operatingExpenses": 52000000,
        "costAndExpenses": 931000000,
        "interestIncome": 1000000,
        "interestExpense": 4000000,
        "depreciationAndAmortization": 26000000,
        "ebitda": 63000000,
        "ebitdaratio": 0.0640895219,
        "operatingIncome": 52000000,
        "operatingIncomeRatio": 0.0528992879,
        "totalOtherIncomeExpensesNet": -16000000,
        "incomeBeforeTax": 36000000,
        "incomeBeforeTaxRatio": 0.0366225839,
        "incomeTaxExpense": 13000000,
        "netIncome": 20000000,
        "netIncomeRatio": 0.02034588,
        "eps": 0.71,
        "epsdiluted": 0.7,
        "weightedAverageShsOut": 28300000,
        "weightedAverageShsOutDil": 28700000,
        "link": "https://www.sec.gov/Archives/edgar/data/1111335/000111133523000040/0001111335-23-000040-index.htm",
        "finalLink": "https://www.sec.gov/Archives/edgar/data/1111335/000111133523000040/vc-20230630.htm"
    },
    {
        "date": "2023-03-31",
        "symbol": "VC",
        "reportedCurrency": "USD",
        "cik": "0001111335",
        "fillingDate": "2023-04-27",
        "acceptedDate": "2023-04-27 07:05:36",
        "calendarYear": "2023",
        "period": "Q1",
        "revenue": 967000000,
        "costOfRevenue": 857000000,
        "grossProfit": 110000000,
        "grossProfitRatio": 0.113753878,
        "researchAndDevelopmentExpenses": 83000000,
        "generalAndAdministrativeExpenses": 0,
        "sellingAndMarketingExpenses": 0,
        "sellingGeneralAndAdministrativeExpenses": 52000000,
        "otherExpenses": -3000000,
        "operatingExpenses": 52000000,
        "costAndExpenses": 909000000,
        "interestIncome": 2000000,
        "interestExpense": 5000000,
        "depreciationAndAmortization": 29000000,
        "ebitda": 86000000,
        "ebitdaratio": 0.0889348501,
        "operatingIncome": 58000000,
        "operatingIncomeRatio": 0.0599793175,
        "totalOtherIncomeExpensesNet": -6000000,
        "incomeBeforeTax": 52000000,
        "incomeBeforeTaxRatio": 0.0537745605,
        "incomeTaxExpense": 14000000,
        "netIncome": 34000000,
        "netIncomeRatio": 0.0351602896,
        "eps": 1.21,
        "epsdiluted": 1.18,
        "weightedAverageShsOut": 28200000,
        "weightedAverageShsOutDil": 28700000,
        "link": "https://www.sec.gov/Archives/edgar/data/1111335/000111133523000022/0001111335-23-000022-index.htm",
        "finalLink": "https://www.sec.gov/Archives/edgar/data/1111335/000111133523000022/vc-20230331.htm"
    },
    {
        "date": "2022-12-31",
        "symbol": "VC",
        "reportedCurrency": "USD",
        "cik": "0001111335",
        "fillingDate": "2023-02-16",
        "acceptedDate": "2023-02-16 07:11:45",
        "calendarYear": "2022",
        "period": "Q4",
        "revenue": 1064000000,
        "costOfRevenue": 950000000,
        "grossProfit": 114000000,
        "grossProfitRatio": 0.1071428571,
        "researchAndDevelopmentExpenses": 96000000,
        "generalAndAdministrativeExpenses": 0,
        "sellingAndMarketingExpenses": 0,
        "sellingGeneralAndAdministrativeExpenses": 54000000,
        "otherExpenses": -96000000,
        "operatingExpenses": 54000000,
        "costAndExpenses": 1004000000,
        "interestIncome": 1000000,
        "interestExpense": 4000000,
        "depreciationAndAmortization": 29000000,
        "ebitda": 89000000,
        "ebitdaratio": 0.0836466165,
        "operatingIncome": 60000000,
        "operatingIncomeRatio": 0.0563909774,
        "totalOtherIncomeExpensesNet": -4000000,
        "incomeBeforeTax": 56000000,
        "incomeBeforeTaxRatio": 0.0526315789,
        "incomeTaxExpense": 21000000,
        "netIncome": 34000000,
        "netIncomeRatio": 0.0319548872,
        "eps": 1.21,
        "epsdiluted": 1.18,
        "weightedAverageShsOut": 28200000,
        "weightedAverageShsOutDil": 28700000,
        "link": "https://www.sec.gov/Archives/edgar/data/1111335/000111133523000009/0001111335-23-000009-index.htm",
        "finalLink": "https://www.sec.gov/Archives/edgar/data/1111335/000111133523000009/vc-20221231.htm"
    },
    {
        "date": "2022-09-30",
        "symbol": "VC",
        "reportedCurrency": "USD",
        "cik": "0001111335",
        "fillingDate": "2022-10-27",
        "acceptedDate": "2022-10-27 07:06:49",
        "calendarYear": "2022",
        "period": "Q3",
        "revenue": 1026000000,
        "costOfRevenue": 922000000,
        "grossProfit": 104000000,
        "grossProfitRatio": 0.1013645224,
        "researchAndDevelopmentExpenses": 83000000,
        "generalAndAdministrativeExpenses": 0,
        "sellingAndMarketingExpenses": 0,
        "sellingGeneralAndAdministrativeExpenses": 47000000,
        "otherExpenses": -83000000,
        "operatingExpenses": 47000000,
        "costAndExpenses": 969000000,
        "interestIncome": 1000000,
        "interestExpense": 3000000,
        "depreciationAndAmortization": 27000000,
        "ebitda": 89000000,
        "ebitdaratio": 0.0867446394,
        "operatingIncome": 57000000,
        "operatingIncomeRatio": 0.0555555556,
        "totalOtherIncomeExpensesNet": 1000000,
        "incomeBeforeTax": 58000000,
        "incomeBeforeTaxRatio": 0.0565302144,
        "incomeTaxExpense": 9000000,
        "netIncome": 44000000,
        "netIncomeRatio": 0.0428849903,
        "eps": 1.57,
        "epsdiluted": 1.54,
        "weightedAverageShsOut": 28100000,
        "weightedAverageShsOutDil": 28500000,
        "link": "https://www.sec.gov/Archives/edgar/data/1111335/000111133522000050/0001111335-22-000050-index.htm",
        "finalLink": "https://www.sec.gov/Archives/edgar/data/1111335/000111133522000050/vc-20220930.htm"
    },
    {
        "date": "2022-06-30",
        "symbol": "VC",
        "reportedCurrency": "USD",
        "cik": "0001111335",
        "fillingDate": "2022-07-28",
        "acceptedDate": "2022-07-28 07:08:14",
        "calendarYear": "2022",
        "period": "Q2",
        "revenue": 848000000,
        "costOfRevenue": 774000000,
        "grossProfit": 74000000,
        "grossProfitRatio": 0.0872641509,
        "researchAndDevelopmentExpenses": 81000000,
        "generalAndAdministrativeExpenses": 0,
        "sellingAndMarketingExpenses": 0,
        "sellingGeneralAndAdministrativeExpenses": 43000000,
        "otherExpenses": -81000000,
        "operatingExpenses": 43000000,
        "costAndExpenses": 817000000,
        "interestIncome": 1000000,
        "interestExpense": 4000000,
        "depreciationAndAmortization": 25000000,
        "ebitda": 61000000,
        "ebitdaratio": 0.0719339623,
        "operatingIncome": 31000000,
        "operatingIncomeRatio": 0.0365566038,
        "totalOtherIncomeExpensesNet": -1000000,
        "incomeBeforeTax": 30000000,
        "incomeBeforeTaxRatio": 0.0353773585,
        "incomeTaxExpense": 7000000,
        "netIncome": 24000000,
        "netIncomeRatio": 0.0283018868,
        "eps": 0.85,
        "epsdiluted": 0.85,
        "weightedAverageShsOut": 28100000,
        "weightedAverageShsOutDil": 28400000,
        "link": "https://www.sec.gov/Archives/edgar/data/1111335/000111133522000042/0001111335-22-000042-index.htm",
        "finalLink": "https://www.sec.gov/Archives/edgar/data/1111335/000111133522000042/vc-20220630.htm"
    },
    {
        "date": "2022-03-31",
        "symbol": "VC",
        "reportedCurrency": "USD",
        "cik": "0001111335",
        "fillingDate": "2022-04-28",
        "acceptedDate": "2022-04-28 07:10:28",
        "calendarYear": "2022",
        "period": "Q1",
        "revenue": 818000000,
        "costOfRevenue": 742000000,
        "grossProfit": 76000000,
        "grossProfitRatio": 0.0929095355,
        "researchAndDevelopmentExpenses": 81000000,
        "generalAndAdministrativeExpenses": 0,
        "sellingAndMarketingExpenses": 0,
        "sellingGeneralAndAdministrativeExpenses": 44000000,
        "otherExpenses": -5000000,
        "operatingExpenses": 44000000,
        "costAndExpenses": 786000000,
        "interestIncome": 1000000,
        "interestExpense": 3000000,
        "depreciationAndAmortization": 27000000,
        "ebitda": 62000000,
        "ebitdaratio": 0.075794621,
        "operatingIncome": 32000000,
        "operatingIncomeRatio": 0.0391198044,
        "totalOtherIncomeExpensesNet": -1000000,
        "incomeBeforeTax": 31000000,
        "incomeBeforeTaxRatio": 0.0378973105,
        "incomeTaxExpense": 8000000,
        "netIncome": 22000000,
        "netIncomeRatio": 0.0268948655,
        "eps": 0.79,
        "epsdiluted": 0.77,
        "weightedAverageShsOut": 28000000,
        "weightedAverageShsOutDil": 28400000,
        "link": "https://www.sec.gov/Archives/edgar/data/1111335/000111133522000028/0001111335-22-000028-index.htm",
        "finalLink": "https://www.sec.gov/Archives/edgar/data/1111335/000111133522000028/vc-20220331.htm"
    },
    {
        "date": "2021-12-31",
        "symbol": "VC",
        "reportedCurrency": "USD",
        "cik": "0001111335",
        "fillingDate": "2022-02-17",
        "acceptedDate": "2022-02-17 07:09:48",
        "calendarYear": "2021",
        "period": "Q4",
        "revenue": 786000000,
        "costOfRevenue": 687000000,
        "grossProfit": 99000000,
        "grossProfitRatio": 0.1259541985,
        "researchAndDevelopmentExpenses": 79000000,
        "generalAndAdministrativeExpenses": 0,
        "sellingAndMarketingExpenses": 0,
        "sellingGeneralAndAdministrativeExpenses": 44000000,
        "otherExpenses": -79000000,
        "operatingExpenses": 44000000,
        "costAndExpenses": 731000000,
        "interestIncome": 0,
        "interestExpense": 2000000,
        "depreciationAndAmortization": 26000000,
        "ebitda": 75000000,
        "ebitdaratio": 0.0954198473,
        "operatingIncome": 26000000,
        "operatingIncomeRatio": 0.0330788804,
        "totalOtherIncomeExpensesNet": 20000000,
        "incomeBeforeTax": 46000000,
        "incomeBeforeTaxRatio": 0.058524173,
        "incomeTaxExpense": 11000000,
        "netIncome": 31000000,
        "netIncomeRatio": 0.0394402036,
        "eps": 1.1,
        "epsdiluted": 1.09,
        "weightedAverageShsOut": 28000000,
        "weightedAverageShsOutDil": 28400000,
        "link": "https://www.sec.gov/Archives/edgar/data/1111335/000111133522000014/0001111335-22-000014-index.htm",
        "finalLink": "https://www.sec.gov/Archives/edgar/data/1111335/000111133522000014/vc-20211231.htm"
    },
    {
        "date": "2021-09-30",
        "symbol": "VC",
        "reportedCurrency": "USD",
        "cik": "0001111335",
        "fillingDate": "2021-10-28",
        "acceptedDate": "2021-10-28 07:10:00",
        "calendarYear": "2021",
        "period": "Q3",
        "revenue": 631000000,
        "costOfRevenue": 584000000,
        "grossProfit": 47000000,
        "grossProfitRatio": 0.0744849445,
        "researchAndDevelopmentExpenses": 80000000,
        "generalAndAdministrativeExpenses": 0,
        "sellingAndMarketingExpenses": 0,
        "sellingGeneralAndAdministrativeExpenses": 42000000,
        "otherExpenses": -4000000,
        "operatingExpenses": 42000000,
        "costAndExpenses": 626000000,
        "interestIncome": 0,
        "interestExpense": 2000000,
        "depreciationAndAmortization": 27000000,
        "ebitda": 39000000,
        "ebitdaratio": 0.0618066561,
        "operatingIncome": 5000000,
        "operatingIncomeRatio": 0.0079239303,
        "totalOtherIncomeExpensesNet": 6000000,
        "incomeBeforeTax": 11000000,
        "incomeBeforeTaxRatio": 0.0174326466,
        "incomeTaxExpense": 4000000,
        "netIncome": 5000000,
        "netIncomeRatio": 0.0079239303,
        "eps": 0.18,
        "epsdiluted": 0.18,
        "weightedAverageShsOut": 28000000,
        "weightedAverageShsOutDil": 28400000,
        "link": "https://www.sec.gov/Archives/edgar/data/1111335/000111133521000042/0001111335-21-000042-index.htm",
        "finalLink": "https://www.sec.gov/Archives/edgar/data/1111335/000111133521000042/vc-20210930.htm"
    },
    {
        "date": "2021-06-30",
        "symbol": "VC",
        "reportedCurrency": "USD",
        "cik": "0001111335",
        "fillingDate": "2021-07-29",
        "acceptedDate": "2021-07-29 07:16:40",
        "calendarYear": "2021",
        "period": "Q2",
        "revenue": 610000000,
        "costOfRevenue": 575000000,
        "grossProfit": 35000000,
        "grossProfitRatio": 0.0573770492,
        "researchAndDevelopmentExpenses": 86000000,
        "generalAndAdministrativeExpenses": 0,
        "sellingAndMarketingExpenses": 0,
        "sellingGeneralAndAdministrativeExpenses": 44000000,
        "otherExpenses": -5000000,
        "operatingExpenses": 44000000,
        "costAndExpenses": 619000000,
        "interestIncome": 1000000,
        "interestExpense": 3000000,
        "depreciationAndAmortization": 28000000,
        "ebitda": 24000000,
        "ebitdaratio": 0.0393442623,
        "operatingIncome": -9000000,
        "operatingIncomeRatio": -0.0147540984,
        "totalOtherIncomeExpensesNet": 2000000,
        "incomeBeforeTax": -7000000,
        "incomeBeforeTaxRatio": -0.0114754098,
        "incomeTaxExpense": 4000000,
        "netIncome": -11000000,
        "netIncomeRatio": -0.0180327869,
        "eps": -0.39,
        "epsdiluted": -0.39,
        "weightedAverageShsOut": 28000000,
        "weightedAverageShsOutDil": 28000000,
        "link": "https://www.sec.gov/Archives/edgar/data/1111335/000111133521000028/0001111335-21-000028-index.htm",
        "finalLink": "https://www.sec.gov/Archives/edgar/data/1111335/000111133521000028/vc-20210630.htm"
    },
    {
        "date": "2021-03-31",
        "symbol": "VC",
        "reportedCurrency": "USD",
        "cik": "0001111335",
        "fillingDate": "2021-04-29",
        "acceptedDate": "2021-04-29 07:12:55",
        "calendarYear": "2021",
        "period": "Q1",
        "revenue": 746000000,
        "costOfRevenue": 673000000,
        "grossProfit": 73000000,
        "grossProfitRatio": 0.0978552279,
        "researchAndDevelopmentExpenses": 80000000,
        "generalAndAdministrativeExpenses": 0,
        "sellingAndMarketingExpenses": 0,
        "sellingGeneralAndAdministrativeExpenses": 45000000,
        "otherExpenses": -4000000,
        "operatingExpenses": 45000000,
        "costAndExpenses": 718000000,
        "interestIncome": 1000000,
        "interestExpense": 3000000,
        "depreciationAndAmortization": 27000000,
        "ebitda": 59000000,
        "ebitdaratio": 0.0790884718,
        "operatingIncome": 28000000,
        "operatingIncomeRatio": 0.0375335121,
        "totalOtherIncomeExpensesNet": 3000000,
        "incomeBeforeTax": 31000000,
        "incomeBeforeTaxRatio": 0.0415549598,
        "incomeTaxExpense": 12000000,
        "netIncome": 16000000,
        "netIncomeRatio": 0.0214477212,
        "eps": 0.57,
        "epsdiluted": 0.56,
        "weightedAverageShsOut": 27900000,
        "weightedAverageShsOutDil": 28400000,
        "link": "https://www.sec.gov/Archives/edgar/data/1111335/000111133521000012/0001111335-21-000012-index.htm",
        "finalLink": "https://www.sec.gov/Archives/edgar/data/1111335/000111133521000012/vc-20210331.htm"
    },
    {
        "date": "2020-12-31",
        "symbol": "VC",
        "reportedCurrency": "USD",
        "cik": "0001111335",
        "fillingDate": "2021-02-18",
        "acceptedDate": "2021-02-18 07:14:28",
        "calendarYear": "2020",
        "period": "Q4",
        "revenue": 787000000,
        "costOfRevenue": 698000000,
        "grossProfit": 89000000,
        "grossProfitRatio": 0.1130876747,
        "researchAndDevelopmentExpenses": 78000000,
        "generalAndAdministrativeExpenses": 0,
        "sellingAndMarketingExpenses": 0,
        "sellingGeneralAndAdministrativeExpenses": 53000000,
        "otherExpenses": -4000000,
        "operatingExpenses": 53000000,
        "costAndExpenses": 751000000,
        "interestIncome": 1000000,
        "interestExpense": 2000000,
        "depreciationAndAmortization": 29000000,
        "ebitda": 60000000,
        "ebitdaratio": 0.0762388818,
        "operatingIncome": 36000000,
        "operatingIncomeRatio": 0.0457433291,
        "totalOtherIncomeExpensesNet": -7000000,
        "incomeBeforeTax": 29000000,
        "incomeBeforeTaxRatio": 0.0368487929,
        "incomeTaxExpense": 9000000,
        "netIncome": 18000000,
        "netIncomeRatio": 0.0228716645,
        "eps": 0.65,
        "epsdiluted": 0.64,
        "weightedAverageShsOut": 27800000,
        "weightedAverageShsOutDil": 28200000,
        "link": "https://www.sec.gov/Archives/edgar/data/1111335/000111133521000006/0001111335-21-000006-index.htm",
        "finalLink": "https://www.sec.gov/Archives/edgar/data/1111335/000111133521000006/vc-20201231.htm"
    },
    {
        "date": "2020-09-30",
        "symbol": "VC",
        "reportedCurrency": "USD",
        "cik": "0001111335",
        "fillingDate": "2020-10-29",
        "acceptedDate": "2020-10-29 07:15:10",
        "calendarYear": "2020",
        "period": "Q3",
        "revenue": 747000000,
        "costOfRevenue": 648000000,
        "grossProfit": 99000000,
        "grossProfitRatio": 0.1325301205,
        "researchAndDevelopmentExpenses": 79000000,
        "generalAndAdministrativeExpenses": 0,
        "sellingAndMarketingExpenses": 0,
        "sellingGeneralAndAdministrativeExpenses": 45000000,
        "otherExpenses": -79000000,
        "operatingExpenses": 45000000,
        "costAndExpenses": 693000000,
        "interestIncome": 1000000,
        "interestExpense": 6000000,
        "depreciationAndAmortization": 25000000,
        "ebitda": 55000000,
        "ebitdaratio": 0.0736278447,
        "operatingIncome": 54000000,
        "operatingIncomeRatio": 0.0722891566,
        "totalOtherIncomeExpensesNet": -32000000,
        "incomeBeforeTax": 22000000,
        "incomeBeforeTaxRatio": 0.0294511379,
        "incomeTaxExpense": 12000000,
        "netIncome": 6000000,
        "netIncomeRatio": 0.0080321285,
        "eps": 0.22,
        "epsdiluted": 0.21,
        "weightedAverageShsOut": 27800000,
        "weightedAverageShsOutDil": 28000000,
        "link": "https://www.sec.gov/Archives/edgar/data/1111335/000111133520000068/0001111335-20-000068-index.htm",
        "finalLink": "https://www.sec.gov/Archives/edgar/data/1111335/000111133520000068/vc-20200930.htm"
    },
    {
        "date": "2020-06-30",
        "symbol": "VC",
        "reportedCurrency": "USD",
        "cik": "0001111335",
        "fillingDate": "2020-07-30",
        "acceptedDate": "2020-07-30 07:30:10",
        "calendarYear": "2020",
        "period": "Q2",
        "revenue": 371000000,
        "costOfRevenue": 367000000,
        "grossProfit": 4000000,
        "grossProfitRatio": 0.0107816712,
        "researchAndDevelopmentExpenses": 78000000,
        "generalAndAdministrativeExpenses": 0,
        "sellingAndMarketingExpenses": 0,
        "sellingGeneralAndAdministrativeExpenses": 41000000,
        "otherExpenses": -78000000,
        "operatingExpenses": 41000000,
        "costAndExpenses": 408000000,
        "interestIncome": 2000000,
        "interestExpense": 5000000,
        "depreciationAndAmortization": 25000000,
        "ebitda": -9000000,
        "ebitdaratio": -0.0242587601,
        "operatingIncome": -37000000,
        "operatingIncomeRatio": -0.0997304582,
        "totalOtherIncomeExpensesNet": -3000000,
        "incomeBeforeTax": -40000000,
        "incomeBeforeTaxRatio": -0.1078167116,
        "incomeTaxExpense": 2000000,
        "netIncome": -45000000,
        "netIncomeRatio": -0.1212938005,
        "eps": -1.62,
        "epsdiluted": -1.62,
        "weightedAverageShsOut": 27777777,
        "weightedAverageShsOutDil": 27800000,
        "link": "https://www.sec.gov/Archives/edgar/data/1111335/000111133520000038/0001111335-20-000038-index.htm",
        "finalLink": "https://www.sec.gov/Archives/edgar/data/1111335/000111133520000038/vc-20200630.htm"
    },
    {
        "date": "2020-03-31",
        "symbol": "VC",
        "reportedCurrency": "USD",
        "cik": "0001111335",
        "fillingDate": "2020-04-30",
        "acceptedDate": "2020-04-30 07:39:13",
        "calendarYear": "2020",
        "period": "Q1",
        "revenue": 643000000,
        "costOfRevenue": 590000000,
        "grossProfit": 53000000,
        "grossProfitRatio": 0.0824261275,
        "researchAndDevelopmentExpenses": 100000000,
        "generalAndAdministrativeExpenses": 0,
        "sellingAndMarketingExpenses": 0,
        "sellingGeneralAndAdministrativeExpenses": 54000000,
        "otherExpenses": -4000000,
        "operatingExpenses": 54000000,
        "costAndExpenses": 644000000,
        "interestIncome": 1000000,
        "interestExpense": 3000000,
        "depreciationAndAmortization": 25000000,
        "ebitda": -2000000,
        "ebitdaratio": -0.0031104199,
        "operatingIncome": -1000000,
        "operatingIncomeRatio": -0.00155521,
        "totalOtherIncomeExpensesNet": -30000000,
        "incomeBeforeTax": -31000000,
        "incomeBeforeTaxRatio": -0.0482115086,
        "incomeTaxExpense": 5000000,
        "netIncome": -35000000,
        "netIncomeRatio": -0.0544323484,
        "eps": -1.25,
        "epsdiluted": -1.25,
        "weightedAverageShsOut": 27900000,
        "weightedAverageShsOutDil": 27900000,
        "link": "https://www.sec.gov/Archives/edgar/data/1111335/000111133520000016/0001111335-20-000016-index.htm",
        "finalLink": "https://www.sec.gov/Archives/edgar/data/1111335/000111133520000016/visteonq1202010-q.htm"
    },
    {
        "date": "2019-12-31",
        "symbol": "VC",
        "reportedCurrency": "USD",
        "cik": "0001111335",
        "fillingDate": "2020-02-20",
        "acceptedDate": "2020-02-20 07:19:16",
        "calendarYear": "2019",
        "period": "Q4",
        "revenue": 744000000,
        "costOfRevenue": 640000000,
        "grossProfit": 104000000,
        "grossProfitRatio": 0.1397849462,
        "researchAndDevelopmentExpenses": 114000000,
        "generalAndAdministrativeExpenses": 0,
        "sellingAndMarketingExpenses": 0,
        "sellingGeneralAndAdministrativeExpenses": 54000000,
        "otherExpenses": -114000000,
        "operatingExpenses": 54000000,
        "costAndExpenses": 694000000,
        "interestIncome": 1000000,
        "interestExpense": 3000000,
        "depreciationAndAmortization": 26000000,
        "ebitda": 78000000,
        "ebitdaratio": 0.1048387097,
        "operatingIncome": 50000000,
        "operatingIncomeRatio": 0.0672043011,
        "totalOtherIncomeExpensesNet": -2000000,
        "incomeBeforeTax": 48000000,
        "incomeBeforeTaxRatio": 0.064516129,
        "incomeTaxExpense": 8000000,
        "netIncome": 35000000,
        "netIncomeRatio": 0.0470430108,
        "eps": 1.24,
        "epsdiluted": 1.24,
        "weightedAverageShsOut": 28000000,
        "weightedAverageShsOutDil": 28200000,
        "link": "https://www.sec.gov/Archives/edgar/data/1111335/000111133520000003/0001111335-20-000003-index.htm",
        "finalLink": "https://www.sec.gov/Archives/edgar/data/1111335/000111133520000003/visteon201910-k.htm"
    },
    {
        "date": "2019-09-30",
        "symbol": "VC",
        "reportedCurrency": "USD",
        "cik": "0001111335",
        "fillingDate": "2019-10-24",
        "acceptedDate": "2019-10-24 07:25:23",
        "calendarYear": "2019",
        "period": "Q3",
        "revenue": 731000000,
        "costOfRevenue": 647000000,
        "grossProfit": 84000000,
        "grossProfitRatio": 0.1149110807,
        "researchAndDevelopmentExpenses": 105000000,
        "generalAndAdministrativeExpenses": 0,
        "sellingAndMarketingExpenses": 0,
        "sellingGeneralAndAdministrativeExpenses": 52000000,
        "otherExpenses": -2000000,
        "operatingExpenses": 52000000,
        "costAndExpenses": 699000000,
        "interestIncome": 1000000,
        "interestExpense": 4000000,
        "depreciationAndAmortization": 25000000,
        "ebitda": 62000000,
        "ebitdaratio": 0.0848153215,
        "operatingIncome": 32000000,
        "operatingIncomeRatio": 0.0437756498,
        "totalOtherIncomeExpensesNet": -1000000,
        "incomeBeforeTax": 31000000,
        "incomeBeforeTaxRatio": 0.0424076607,
        "incomeTaxExpense": 13000000,
        "netIncome": 14000000,
        "netIncomeRatio": 0.0191518468,
        "eps": 0.5,
        "epsdiluted": 0.5,
        "weightedAverageShsOut": 28000000,
        "weightedAverageShsOutDil": 28100000,
        "link": "https://www.sec.gov/Archives/edgar/data/1111335/000111133519000015/0001111335-19-000015-index.htm",
        "finalLink": "https://www.sec.gov/Archives/edgar/data/1111335/000111133519000015/visteonq3201910-q.htm"
    },
    {
        "date": "2019-06-30",
        "symbol": "VC",
        "reportedCurrency": "USD",
        "cik": "0001111335",
        "fillingDate": "2019-07-25",
        "acceptedDate": "2019-07-25 07:15:12",
        "calendarYear": "2019",
        "period": "Q2",
        "revenue": 733000000,
        "costOfRevenue": 663000000,
        "grossProfit": 70000000,
        "grossProfitRatio": 0.0954979536,
        "researchAndDevelopmentExpenses": 113000000,
        "generalAndAdministrativeExpenses": 0,
        "sellingAndMarketingExpenses": 0,
        "sellingGeneralAndAdministrativeExpenses": 58000000,
        "otherExpenses": -3000000,
        "operatingExpenses": 58000000,
        "costAndExpenses": 721000000,
        "interestIncome": 1000000,
        "interestExpense": 3000000,
        "depreciationAndAmortization": 24000000,
        "ebitda": 45000000,
        "ebitdaratio": 0.0613915416,
        "operatingIncome": 12000000,
        "operatingIncomeRatio": 0.0163710778,
        "totalOtherIncomeExpensesNet": 4000000,
        "incomeBeforeTax": 16000000,
        "incomeBeforeTaxRatio": 0.0218281037,
        "incomeTaxExpense": 8000000,
        "netIncome": 7000000,
        "netIncomeRatio": 0.0095497954,
        "eps": 0.25,
        "epsdiluted": 0.25,
        "weightedAverageShsOut": 28100000,
        "weightedAverageShsOutDil": 28200000,
        "link": "https://www.sec.gov/Archives/edgar/data/1111335/000111133519000008/0001111335-19-000008-index.htm",
        "finalLink": "https://www.sec.gov/Archives/edgar/data/1111335/000111133519000008/visteonq2201910-q.htm"
    },
    {
        "date": "2019-03-31",
        "symbol": "VC",
        "reportedCurrency": "USD",
        "cik": "0001111335",
        "fillingDate": "2019-04-25",
        "acceptedDate": "2019-04-25 07:17:20",
        "calendarYear": "2019",
        "period": "Q1",
        "revenue": 737000000,
        "costOfRevenue": 671000000,
        "grossProfit": 66000000,
        "grossProfitRatio": 0.0895522388,
        "researchAndDevelopmentExpenses": 108000000,
        "generalAndAdministrativeExpenses": 0,
        "sellingAndMarketingExpenses": 0,
        "sellingGeneralAndAdministrativeExpenses": 57000000,
        "otherExpenses": -2000000,
        "operatingExpenses": 57000000,
        "costAndExpenses": 728000000,
        "interestIncome": 1000000,
        "interestExpense": 3000000,
        "depreciationAndAmortization": 25000000,
        "ebitda": 40000000,
        "ebitdaratio": 0.0542740841,
        "operatingIncome": 9000000,
        "operatingIncomeRatio": 0.0122116689,
        "totalOtherIncomeExpensesNet": 2000000,
        "incomeBeforeTax": 11000000,
        "incomeBeforeTaxRatio": 0.0149253731,
        "incomeTaxExpense": -5000000,
        "netIncome": 14000000,
        "netIncomeRatio": 0.0189959294,
        "eps": 0.5,
        "epsdiluted": 0.49,
        "weightedAverageShsOut": 28200000,
        "weightedAverageShsOutDil": 28400000,
        "link": "https://www.sec.gov/Archives/edgar/data/1111335/000111133519000006/0001111335-19-000006-index.htm",
        "finalLink": "https://www.sec.gov/Archives/edgar/data/1111335/000111133519000006/visteonq1201910-q.htm"
    },
    {
        "date": "2018-12-31",
        "symbol": "VC",
        "reportedCurrency": "USD",
        "cik": "0001111335",
        "fillingDate": "2019-02-21",
        "acceptedDate": "2019-02-21 16:42:11",
        "calendarYear": "2018",
        "period": "Q4",
        "revenue": 731000000,
        "costOfRevenue": 635000000,
        "grossProfit": 96000000,
        "grossProfitRatio": 0.1313269494,
        "researchAndDevelopmentExpenses": 127000000,
        "generalAndAdministrativeExpenses": 44000000,
        "sellingAndMarketingExpenses": 10000000,
        "sellingGeneralAndAdministrativeExpenses": 54000000,
        "otherExpenses": -4000000,
        "operatingExpenses": 54000000,
        "costAndExpenses": 689000000,
        "interestIncome": 2000000,
        "interestExpense": 1000000,
        "depreciationAndAmortization": 24000000,
        "ebitda": 72000000,
        "ebitdaratio": 0.098495212,
        "operatingIncome": 42000000,
        "operatingIncomeRatio": 0.0574555404,
        "totalOtherIncomeExpensesNet": 5000000,
        "incomeBeforeTax": 47000000,
        "incomeBeforeTaxRatio": 0.0642954856,
        "incomeTaxExpense": 1000000,
        "netIncome": 43000000,
        "netIncomeRatio": 0.0588235294,
        "eps": 1.5,
        "epsdiluted": 1.49,
        "weightedAverageShsOut": 28700000,
        "weightedAverageShsOutDil": 28900000,
        "link": "https://www.sec.gov/Archives/edgar/data/1111335/000111133519000003/0001111335-19-000003-index.htm",
        "finalLink": "https://www.sec.gov/Archives/edgar/data/1111335/000111133519000003/visteon201810-k.htm"
    },
    {
        "date": "2018-09-30",
        "symbol": "VC",
        "reportedCurrency": "USD",
        "cik": "0001111335",
        "fillingDate": "2018-10-25",
        "acceptedDate": "2018-10-25 07:18:46",
        "calendarYear": "2018",
        "period": "Q3",
        "revenue": 681000000,
        "costOfRevenue": 599000000,
        "grossProfit": 82000000,
        "grossProfitRatio": 0.1204111601,
        "researchAndDevelopmentExpenses": 111000000,
        "generalAndAdministrativeExpenses": 0,
        "sellingAndMarketingExpenses": 0,
        "sellingGeneralAndAdministrativeExpenses": 40000000,
        "otherExpenses": -111000000,
        "operatingExpenses": 40000000,
        "costAndExpenses": 639000000,
        "interestIncome": 2000000,
        "interestExpense": 4000000,
        "depreciationAndAmortization": 22000000,
        "ebitda": 59000000,
        "ebitdaratio": 0.0866372981,
        "operatingIncome": 42000000,
        "operatingIncomeRatio": 0.0616740088,
        "totalOtherIncomeExpensesNet": -10000000,
        "incomeBeforeTax": 32000000,
        "incomeBeforeTaxRatio": 0.046989721,
        "incomeTaxExpense": 9000000,
        "netIncome": 21000000,
        "netIncomeRatio": 0.0308370044,
        "eps": 0.71,
        "epsdiluted": 0.71,
        "weightedAverageShsOut": 29300000,
        "weightedAverageShsOutDil": 29500000,
        "link": "https://www.sec.gov/Archives/edgar/data/1111335/000111133518000016/0001111335-18-000016-index.htm",
        "finalLink": "https://www.sec.gov/Archives/edgar/data/1111335/000111133518000016/visteonq3201810-q.htm"
    },
    {
        "date": "2018-06-30",
        "symbol": "VC",
        "reportedCurrency": "USD",
        "cik": "0001111335",
        "fillingDate": "2018-07-26",
        "acceptedDate": "2018-07-26 07:29:27",
        "calendarYear": "2018",
        "period": "Q2",
        "revenue": 758000000,
        "costOfRevenue": 654000000,
        "grossProfit": 104000000,
        "grossProfitRatio": 0.1372031662,
        "researchAndDevelopmentExpenses": 104000000,
        "generalAndAdministrativeExpenses": 0,
        "sellingAndMarketingExpenses": 0,
        "sellingGeneralAndAdministrativeExpenses": 55000000,
        "otherExpenses": -104000000,
        "operatingExpenses": 55000000,
        "costAndExpenses": 709000000,
        "interestIncome": 1000000,
        "interestExpense": 3000000,
        "depreciationAndAmortization": 23000000,
        "ebitda": 75000000,
        "ebitdaratio": 0.098944591,
        "operatingIncome": 49000000,
        "operatingIncomeRatio": 0.0646437995,
        "totalOtherIncomeExpensesNet": 12000000,
        "incomeBeforeTax": 49000000,
        "incomeBeforeTaxRatio": 0.0646437995,
        "incomeTaxExpense": 12000000,
        "netIncome": 35000000,
        "netIncomeRatio": 0.0461741425,
        "eps": 1.19,
        "epsdiluted": 1.17,
        "weightedAverageShsOut": 29600000,
        "weightedAverageShsOutDil": 29900000,
        "link": "https://www.sec.gov/Archives/edgar/data/1111335/000111133518000012/0001111335-18-000012-index.htm",
        "finalLink": "https://www.sec.gov/Archives/edgar/data/1111335/000111133518000012/visteonq2201810-q.htm"
    },
    {
        "date": "2018-03-31",
        "symbol": "VC",
        "reportedCurrency": "USD",
        "cik": "0001111335",
        "fillingDate": "2018-04-26",
        "acceptedDate": "2018-04-26 07:20:46",
        "calendarYear": "2018",
        "period": "Q1",
        "revenue": 814000000,
        "costOfRevenue": 685000000,
        "grossProfit": 129000000,
        "grossProfitRatio": 0.1584766585,
        "researchAndDevelopmentExpenses": 95000000,
        "generalAndAdministrativeExpenses": 44000000,
        "sellingAndMarketingExpenses": 0,
        "sellingGeneralAndAdministrativeExpenses": 44000000,
        "otherExpenses": -95000000,
        "operatingExpenses": 44000000,
        "costAndExpenses": 729000000,
        "interestIncome": 2000000,
        "interestExpense": 4000000,
        "depreciationAndAmortization": 22000000,
        "ebitda": 100000000,
        "ebitdaratio": 0.1228501229,
        "operatingIncome": 67000000,
        "operatingIncomeRatio": 0.0823095823,
        "totalOtherIncomeExpensesNet": 21000000,
        "incomeBeforeTax": 88000000,
        "incomeBeforeTaxRatio": 0.1081081081,
        "incomeTaxExpense": 21000000,
        "netIncome": 65000000,
        "netIncomeRatio": 0.0798525799,
        "eps": 2.14,
        "epsdiluted": 2.11,
        "weightedAverageShsOut": 30500000,
        "weightedAverageShsOutDil": 30800000,
        "link": "https://www.sec.gov/Archives/edgar/data/1111335/000111133518000008/0001111335-18-000008-index.htm",
        "finalLink": "https://www.sec.gov/Archives/edgar/data/1111335/000111133518000008/visteonq1201810-q.htm"
    },
    {
        "date": "2017-12-31",
        "symbol": "VC",
        "reportedCurrency": "USD",
        "cik": "0001111335",
        "fillingDate": "2018-02-22",
        "acceptedDate": "2018-02-22 07:52:17",
        "calendarYear": "2017",
        "period": "Q4",
        "revenue": 797000000,
        "costOfRevenue": 657000000,
        "grossProfit": 140000000,
        "grossProfitRatio": 0.1756587202,
        "researchAndDevelopmentExpenses": 390000000,
        "generalAndAdministrativeExpenses": 0,
        "sellingAndMarketingExpenses": 0,
        "sellingGeneralAndAdministrativeExpenses": 64000000,
        "otherExpenses": -390000000,
        "operatingExpenses": 64000000,
        "costAndExpenses": 721000000,
        "interestIncome": 2000000,
        "interestExpense": 6000000,
        "depreciationAndAmortization": 25000000,
        "ebitda": 66000000,
        "ebitdaratio": 0.0828105395,
        "operatingIncome": 76000000,
        "operatingIncomeRatio": 0.095357591,
        "totalOtherIncomeExpensesNet": -41000000,
        "incomeBeforeTax": 35000000,
        "incomeBeforeTaxRatio": 0.0439146801,
        "incomeTaxExpense": 14000000,
        "netIncome": 25000000,
        "netIncomeRatio": 0.0313676286,
        "eps": 0.81,
        "epsdiluted": 0.79,
        "weightedAverageShsOut": 31000000,
        "weightedAverageShsOutDil": 31700000,
        "link": "https://www.sec.gov/Archives/edgar/data/1111335/000111133518000004/0001111335-18-000004-index.htm",
        "finalLink": "https://www.sec.gov/Archives/edgar/data/1111335/000111133518000004/visteon201710-k.htm"
    },
    {
        "date": "2017-09-30",
        "symbol": "VC",
        "reportedCurrency": "USD",
        "cik": "0001111335",
        "fillingDate": "2017-10-26",
        "acceptedDate": "2017-10-26 07:11:32",
        "calendarYear": "2017",
        "period": "Q3",
        "revenue": 765000000,
        "costOfRevenue": 649000000,
        "grossProfit": 116000000,
        "grossProfitRatio": 0.1516339869,
        "researchAndDevelopmentExpenses": 0,
        "generalAndAdministrativeExpenses": 0,
        "sellingAndMarketingExpenses": 0,
        "sellingGeneralAndAdministrativeExpenses": 54000000,
        "otherExpenses": 0,
        "operatingExpenses": 54000000,
        "costAndExpenses": 703000000,
        "interestIncome": 1000000,
        "interestExpense": 4000000,
        "depreciationAndAmortization": 21000000,
        "ebitda": 80000000,
        "ebitdaratio": 0.1045751634,
        "operatingIncome": 62000000,
        "operatingIncomeRatio": 0.0810457516,
        "totalOtherIncomeExpensesNet": -7000000,
        "incomeBeforeTax": 55000000,
        "incomeBeforeTaxRatio": 0.0718954248,
        "incomeTaxExpense": 8000000,
        "netIncome": 43000000,
        "netIncomeRatio": 0.0562091503,
        "eps": 1.38,
        "epsdiluted": 1.35,
        "weightedAverageShsOut": 31200000,
        "weightedAverageShsOutDil": 31800000,
        "link": "https://www.sec.gov/Archives/edgar/data/1111335/000111133517000012/0001111335-17-000012-index.htm",
        "finalLink": "https://www.sec.gov/Archives/edgar/data/1111335/000111133517000012/visteonq3201710-q.htm"
    },
    {
        "date": "2017-06-30",
        "symbol": "VC",
        "reportedCurrency": "USD",
        "cik": "0001111335",
        "fillingDate": "2017-07-27",
        "acceptedDate": "2017-07-27 07:36:47",
        "calendarYear": "2017",
        "period": "Q2",
        "revenue": 774000000,
        "costOfRevenue": 662000000,
        "grossProfit": 111000000,
        "grossProfitRatio": 0.1434108527,
        "researchAndDevelopmentExpenses": 0,
        "generalAndAdministrativeExpenses": 0,
        "sellingAndMarketingExpenses": 0,
        "sellingGeneralAndAdministrativeExpenses": 53000000,
        "otherExpenses": 0,
        "operatingExpenses": 53000000,
        "costAndExpenses": 715000000,
        "interestIncome": 1000000,
        "interestExpense": 5000000,
        "depreciationAndAmortization": 22000000,
        "ebitda": 84000000,
        "ebitdaratio": 0.1085271318,
        "operatingIncome": 57000000,
        "operatingIncomeRatio": 0.0736434109,
        "totalOtherIncomeExpensesNet": 1000000,
        "incomeBeforeTax": 58000000,
        "incomeBeforeTaxRatio": 0.0749354005,
        "incomeTaxExpense": 10000000,
        "netIncome": 45000000,
        "netIncomeRatio": 0.0581395349,
        "eps": 1.43,
        "epsdiluted": 1.41,
        "weightedAverageShsOut": 31500000,
        "weightedAverageShsOutDil": 32000000,
        "link": "https://www.sec.gov/Archives/edgar/data/1111335/000111133517000009/0001111335-17-000009-index.htm",
        "finalLink": "https://www.sec.gov/Archives/edgar/data/1111335/000111133517000009/visteonq2201710-q.htm"
    },
    {
        "date": "2017-03-31",
        "symbol": "VC",
        "reportedCurrency": "USD",
        "cik": "0001111335",
        "fillingDate": "2017-04-27",
        "acceptedDate": "2017-04-27 07:36:34",
        "calendarYear": "2017",
        "period": "Q1",
        "revenue": 810000000,
        "costOfRevenue": 679000000,
        "grossProfit": 129000000,
        "grossProfitRatio": 0.1592592593,
        "researchAndDevelopmentExpenses": 0,
        "generalAndAdministrativeExpenses": 0,
        "sellingAndMarketingExpenses": 0,
        "sellingGeneralAndAdministrativeExpenses": 51000000,
        "otherExpenses": 1000000,
        "operatingExpenses": 52000000,
        "costAndExpenses": 730000000,
        "interestIncome": 1000000,
        "interestExpense": 6000000,
        "depreciationAndAmortization": 19000000,
        "ebitda": 100000000,
        "ebitdaratio": 0.1234567901,
        "operatingIncome": 77000000,
        "operatingIncomeRatio": 0.0950617284,
        "totalOtherIncomeExpensesNet": -2000000,
        "incomeBeforeTax": 75000000,
        "incomeBeforeTaxRatio": 0.0925925926,
        "incomeTaxExpense": 16000000,
        "netIncome": 63000000,
        "netIncomeRatio": 0.0777777778,
        "eps": 1.94,
        "epsdiluted": 1.91,
        "weightedAverageShsOut": 32500000,
        "weightedAverageShsOutDil": 33000000,
        "link": "https://www.sec.gov/Archives/edgar/data/1111335/000111133517000006/0001111335-17-000006-index.htm",
        "finalLink": "https://www.sec.gov/Archives/edgar/data/1111335/000111133517000006/visteonq1201710-q.htm"
    },
    {
        "date": "2016-12-31",
        "symbol": "VC",
        "reportedCurrency": "USD",
        "cik": "0001111335",
        "fillingDate": "2017-02-23",
        "acceptedDate": "2017-02-23 07:56:59",
        "calendarYear": "2016",
        "period": "Q4",
        "revenue": 816000000,
        "costOfRevenue": 687000000,
        "grossProfit": 129000000,
        "grossProfitRatio": 0.1580882353,
        "researchAndDevelopmentExpenses": 405000000,
        "generalAndAdministrativeExpenses": 0,
        "sellingAndMarketingExpenses": 0,
        "sellingGeneralAndAdministrativeExpenses": 57000000,
        "otherExpenses": -405000000,
        "operatingExpenses": 57000000,
        "costAndExpenses": 744000000,
        "interestIncome": 2000000,
        "interestExpense": 4000000,
        "depreciationAndAmortization": 22000000,
        "ebitda": 63000000,
        "ebitdaratio": 0.0772058824,
        "operatingIncome": 72000000,
        "operatingIncomeRatio": 0.0882352941,
        "totalOtherIncomeExpensesNet": -38000000,
        "incomeBeforeTax": 34000000,
        "incomeBeforeTaxRatio": 0.0416666667,
        "incomeTaxExpense": 3000000,
        "netIncome": 2000000,
        "netIncomeRatio": 0.0024509804,
        "eps": 0.06,
        "epsdiluted": 0.06,
        "weightedAverageShsOut": 33100000,
        "weightedAverageShsOutDil": 33500000,
        "link": "https://www.sec.gov/Archives/edgar/data/1111335/000111133517000003/0001111335-17-000003-index.htm",
        "finalLink": "https://www.sec.gov/Archives/edgar/data/1111335/000111133517000003/visteon201610-k.htm"
    },
    {
        "date": "2016-09-30",
        "symbol": "VC",
        "reportedCurrency": "USD",
        "cik": "0001111335",
        "fillingDate": "2016-10-27",
        "acceptedDate": "2016-10-27 07:23:10",
        "calendarYear": "2016",
        "period": "Q3",
        "revenue": 770000000,
        "costOfRevenue": 665000000,
        "grossProfit": 105000000,
        "grossProfitRatio": 0.1363636364,
        "researchAndDevelopmentExpenses": 0,
        "generalAndAdministrativeExpenses": 0,
        "sellingAndMarketingExpenses": 0,
        "sellingGeneralAndAdministrativeExpenses": 53000000,
        "otherExpenses": 0,
        "operatingExpenses": 53000000,
        "costAndExpenses": 718000000,
        "interestIncome": 1000000,
        "interestExpense": 6000000,
        "depreciationAndAmortization": 21000000,
        "ebitda": 56000000,
        "ebitdaratio": 0.0727272727,
        "operatingIncome": 52000000,
        "operatingIncomeRatio": 0.0675324675,
        "totalOtherIncomeExpensesNet": -22000000,
        "incomeBeforeTax": 30000000,
        "incomeBeforeTaxRatio": 0.038961039,
        "incomeTaxExpense": 5000000,
        "netIncome": 28000000,
        "netIncomeRatio": 0.0363636364,
        "eps": 0.83,
        "epsdiluted": 0.81,
        "weightedAverageShsOut": 34000000,
        "weightedAverageShsOutDil": 34400000,
        "link": "https://www.sec.gov/Archives/edgar/data/1111335/000111133516000027/0001111335-16-000027-index.htm",
        "finalLink": "https://www.sec.gov/Archives/edgar/data/1111335/000111133516000027/visteonq3201610-q.htm"
    },
    {
        "date": "2016-06-30",
        "symbol": "VC",
        "reportedCurrency": "USD",
        "cik": "0001111335",
        "fillingDate": "2016-07-28",
        "acceptedDate": "2016-07-28 07:37:32",
        "calendarYear": "2016",
        "period": "Q2",
        "revenue": 773000000,
        "costOfRevenue": 664000000,
        "grossProfit": 109000000,
        "grossProfitRatio": 0.1410090556,
        "researchAndDevelopmentExpenses": 0,
        "generalAndAdministrativeExpenses": 0,
        "sellingAndMarketingExpenses": 0,
        "sellingGeneralAndAdministrativeExpenses": 54000000,
        "otherExpenses": 0,
        "operatingExpenses": 54000000,
        "costAndExpenses": 718000000,
        "interestIncome": 1000000,
        "interestExpense": 3000000,
        "depreciationAndAmortization": 20000000,
        "ebitda": 75000000,
        "ebitdaratio": 0.0970245796,
        "operatingIncome": 55000000,
        "operatingIncomeRatio": 0.0711513583,
        "totalOtherIncomeExpensesNet": -7000000,
        "incomeBeforeTax": 48000000,
        "incomeBeforeTaxRatio": 0.0620957309,
        "incomeTaxExpense": 9000000,
        "netIncome": 26000000,
        "netIncomeRatio": 0.0336351876,
        "eps": 0.77,
        "epsdiluted": 0.76,
        "weightedAverageShsOut": 34000000,
        "weightedAverageShsOutDil": 34400000,
        "link": "https://www.sec.gov/Archives/edgar/data/1111335/000111133516000024/0001111335-16-000024-index.htm",
        "finalLink": "https://www.sec.gov/Archives/edgar/data/1111335/000111133516000024/visteonq2201610-q.htm"
    },
    {
        "date": "2016-03-31",
        "symbol": "VC",
        "reportedCurrency": "USD",
        "cik": "0001111335",
        "fillingDate": "2016-04-28",
        "acceptedDate": "2016-04-28 07:15:48",
        "calendarYear": "2016",
        "period": "Q1",
        "revenue": 802000000,
        "costOfRevenue": 681000000,
        "grossProfit": 121000000,
        "grossProfitRatio": 0.150872818,
        "researchAndDevelopmentExpenses": 0,
        "generalAndAdministrativeExpenses": 0,
        "sellingAndMarketingExpenses": 0,
        "sellingGeneralAndAdministrativeExpenses": 56000000,
        "otherExpenses": 0,
        "operatingExpenses": 56000000,
        "costAndExpenses": 737000000,
        "interestIncome": 2000000,
        "interestExpense": 4000000,
        "depreciationAndAmortization": 21000000,
        "ebitda": 86000000,
        "ebitdaratio": 0.1072319202,
        "operatingIncome": 65000000,
        "operatingIncomeRatio": 0.0810473815,
        "totalOtherIncomeExpensesNet": -16000000,
        "incomeBeforeTax": 49000000,
        "incomeBeforeTaxRatio": 0.0610972569,
        "incomeTaxExpense": 13000000,
        "netIncome": 19000000,
        "netIncomeRatio": 0.0236907731,
        "eps": 0.5,
        "epsdiluted": 0.49,
        "weightedAverageShsOut": 38100000,
        "weightedAverageShsOutDil": 38500000,
        "link": "https://www.sec.gov/Archives/edgar/data/1111335/000111133516000021/0001111335-16-000021-index.htm",
        "finalLink": "https://www.sec.gov/Archives/edgar/data/1111335/000111133516000021/visteonq1201610-q.htm"
    },
    {
        "date": "2015-12-31",
        "symbol": "VC",
        "reportedCurrency": "USD",
        "cik": "0001111335",
        "fillingDate": "2016-02-25",
        "acceptedDate": "2016-02-25 07:43:20",
        "calendarYear": "2015",
        "period": "Q4",
        "revenue": 809000000,
        "costOfRevenue": 695000000,
        "grossProfit": 114000000,
        "grossProfitRatio": 0.1409147095,
        "researchAndDevelopmentExpenses": 383000000,
        "generalAndAdministrativeExpenses": 0,
        "sellingAndMarketingExpenses": 0,
        "sellingGeneralAndAdministrativeExpenses": 63000000,
        "otherExpenses": -383000000,
        "operatingExpenses": 63000000,
        "costAndExpenses": 758000000,
        "interestIncome": 3000000,
        "interestExpense": 1000000,
        "depreciationAndAmortization": 22000000,
        "ebitda": 62000000,
        "ebitdaratio": 0.0766378245,
        "operatingIncome": 51000000,
        "operatingIncomeRatio": 0.0630407911,
        "totalOtherIncomeExpensesNet": -135000000,
        "incomeBeforeTax": -84000000,
        "incomeBeforeTaxRatio": -0.1038318912,
        "incomeTaxExpense": -16000000,
        "netIncome": 21000000,
        "netIncomeRatio": 0.0259579728,
        "eps": 0.52,
        "epsdiluted": 0.52,
        "weightedAverageShsOut": 40500000,
        "weightedAverageShsOutDil": 40600000,
        "link": "https://www.sec.gov/Archives/edgar/data/1111335/000111133516000018/0001111335-16-000018-index.htm",
        "finalLink": "https://www.sec.gov/Archives/edgar/data/1111335/000111133516000018/visteon201510-k.htm"
    },
    {
        "date": "2015-09-30",
        "symbol": "VC",
        "reportedCurrency": "USD",
        "cik": "0001111335",
        "fillingDate": "2015-11-05",
        "acceptedDate": "2015-11-05 07:41:54",
        "calendarYear": "2015",
        "period": "Q3",
        "revenue": 808000000,
        "costOfRevenue": 703000000,
        "grossProfit": 105000000,
        "grossProfitRatio": 0.129950495,
        "researchAndDevelopmentExpenses": 0,
        "generalAndAdministrativeExpenses": 0,
        "sellingAndMarketingExpenses": 0,
        "sellingGeneralAndAdministrativeExpenses": 59000000,
        "otherExpenses": 0,
        "operatingExpenses": 59000000,
        "costAndExpenses": 762000000,
        "interestIncome": 1000000,
        "interestExpense": 3000000,
        "depreciationAndAmortization": 20000000,
        "ebitda": 66000000,
        "ebitdaratio": 0.0816831683,
        "operatingIncome": 46000000,
        "operatingIncomeRatio": 0.0569306931,
        "totalOtherIncomeExpensesNet": -15000000,
        "incomeBeforeTax": 31000000,
        "incomeBeforeTaxRatio": 0.0383663366,
        "incomeTaxExpense": 10000000,
        "netIncome": 5000000,
        "netIncomeRatio": 0.0061881188,
        "eps": 0.12,
        "epsdiluted": 0.12,
        "weightedAverageShsOut": 40500000,
        "weightedAverageShsOutDil": 41400000,
        "link": "https://www.sec.gov/Archives/edgar/data/1111335/000111133515000015/0001111335-15-000015-index.htm",
        "finalLink": "https://www.sec.gov/Archives/edgar/data/1111335/000111133515000015/visteonq3201510-q.htm"
    },
    {
        "date": "2015-06-30",
        "symbol": "VC",
        "reportedCurrency": "USD",
        "cik": "0001111335",
        "fillingDate": "2015-08-05",
        "acceptedDate": "2015-08-05 07:50:13",
        "calendarYear": "2015",
        "period": "Q2",
        "revenue": 812000000,
        "costOfRevenue": 713000000,
        "grossProfit": 99000000,
        "grossProfitRatio": 0.1219211823,
        "researchAndDevelopmentExpenses": 0,
        "generalAndAdministrativeExpenses": 0,
        "sellingAndMarketingExpenses": 0,
        "sellingGeneralAndAdministrativeExpenses": 65000000,
        "otherExpenses": 0,
        "operatingExpenses": 65000000,
        "costAndExpenses": 778000000,
        "interestIncome": 1000000,
        "interestExpense": 7000000,
        "depreciationAndAmortization": 59000000,
        "ebitda": 55000000,
        "ebitdaratio": 0.0677339901,
        "operatingIncome": 34000000,
        "operatingIncomeRatio": 0.0418719212,
        "totalOtherIncomeExpensesNet": 55000000,
        "incomeBeforeTax": 89000000,
        "incomeBeforeTaxRatio": 0.1096059113,
        "incomeTaxExpense": 24000000,
        "netIncome": 2208000000,
        "netIncomeRatio": 2.7192118227,
        "eps": 50.88,
        "epsdiluted": 49.73,
        "weightedAverageShsOut": 43400000,
        "weightedAverageShsOutDil": 44400000,
        "link": "https://www.sec.gov/Archives/edgar/data/1111335/000111133515000009/0001111335-15-000009-index.htm",
        "finalLink": "https://www.sec.gov/Archives/edgar/data/1111335/000111133515000009/visteonq2201510-q.htm"
    },
    {
        "date": "2015-03-31",
        "symbol": "VC",
        "reportedCurrency": "USD",
        "cik": "0001111335",
        "fillingDate": "2015-05-07",
        "acceptedDate": "2015-05-07 07:21:37",
        "calendarYear": "2015",
        "period": "Q1",
        "revenue": 2029000000,
        "costOfRevenue": 1817000000,
        "grossProfit": 212000000,
        "grossProfitRatio": 0.104484968,
        "researchAndDevelopmentExpenses": 0,
        "generalAndAdministrativeExpenses": 0,
        "sellingAndMarketingExpenses": 0,
        "sellingGeneralAndAdministrativeExpenses": 96000000,
        "otherExpenses": -38000000,
        "operatingExpenses": 96000000,
        "costAndExpenses": 1913000000,
        "interestIncome": 2000000,
        "interestExpense": 8000000,
        "depreciationAndAmortization": 68000000,
        "ebitda": 59000000,
        "ebitdaratio": 0.0290783637,
        "operatingIncome": 54000000,
        "operatingIncomeRatio": 0.0266140956,
        "totalOtherIncomeExpensesNet": -21000000,
        "incomeBeforeTax": 94000000,
        "incomeBeforeTaxRatio": 0.0463282405,
        "incomeTaxExpense": 1000000,
        "netIncome": 50000000,
        "netIncomeRatio": 0.0246426811,
        "eps": 1.13,
        "epsdiluted": 1.1,
        "weightedAverageShsOut": 44400000,
        "weightedAverageShsOutDil": 45500000,
        "link": "https://www.sec.gov/Archives/edgar/data/1111335/000111133515000006/0001111335-15-000006-index.htm",
        "finalLink": "https://www.sec.gov/Archives/edgar/data/1111335/000111133515000006/visteonq1201510-q.htm"
    },
    {
        "date": "2014-12-31",
        "symbol": "VC",
        "reportedCurrency": "USD",
        "cik": "0001111335",
        "fillingDate": "2015-02-26",
        "acceptedDate": "2015-02-26 07:51:24",
        "calendarYear": "2014",
        "period": "Q4",
        "revenue": 2039000000,
        "costOfRevenue": 1806000000,
        "grossProfit": 233000000,
        "grossProfitRatio": 0.1142717018,
        "researchAndDevelopmentExpenses": 264000000,
        "generalAndAdministrativeExpenses": 0,
        "sellingAndMarketingExpenses": 0,
        "sellingGeneralAndAdministrativeExpenses": 105000000,
        "otherExpenses": -232000000,
        "operatingExpenses": 105000000,
        "costAndExpenses": 1911000000,
        "interestIncome": 2000000,
        "interestExpense": 8000000,
        "depreciationAndAmortization": 65000000,
        "ebitda": 134000000,
        "ebitdaratio": 0.0657184895,
        "operatingIncome": 128000000,
        "operatingIncomeRatio": 0.0627758705,
        "totalOtherIncomeExpensesNet": -69000000,
        "incomeBeforeTax": 59000000,
        "incomeBeforeTaxRatio": 0.0289357528,
        "incomeTaxExpense": 30000000,
        "netIncome": -138000000,
        "netIncomeRatio": -0.0676802354,
        "eps": -3.12,
        "epsdiluted": -3.12,
        "weightedAverageShsOut": 44300000,
        "weightedAverageShsOutDil": 44300000,
        "link": "https://www.sec.gov/Archives/edgar/data/1111335/000111133515000003/0001111335-15-000003-index.htm",
        "finalLink": "https://www.sec.gov/Archives/edgar/data/1111335/000111133515000003/visteon201410-k.htm"
    },
    {
        "date": "2014-09-30",
        "symbol": "VC",
        "reportedCurrency": "USD",
        "cik": "0001111335",
        "fillingDate": "2014-11-06",
        "acceptedDate": "2014-11-06 07:23:43",
        "calendarYear": "2014",
        "period": "Q3",
        "revenue": 1970000000,
        "costOfRevenue": 1778000000,
        "grossProfit": 192000000,
        "grossProfitRatio": 0.0974619289,
        "researchAndDevelopmentExpenses": 0,
        "generalAndAdministrativeExpenses": 0,
        "sellingAndMarketingExpenses": 0,
        "sellingGeneralAndAdministrativeExpenses": 107000000,
        "otherExpenses": 0,
        "operatingExpenses": 107000000,
        "costAndExpenses": 1885000000,
        "interestIncome": 3000000,
        "interestExpense": 9000000,
        "depreciationAndAmortization": 75000000,
        "ebitda": 48000000,
        "ebitdaratio": 0.0243654822,
        "operatingIncome": 23000000,
        "operatingIncomeRatio": 0.0116751269,
        "totalOtherIncomeExpensesNet": -34000000,
        "incomeBeforeTax": 52000000,
        "incomeBeforeTaxRatio": 0.0263959391,
        "incomeTaxExpense": 22000000,
        "netIncome": -21000000,
        "netIncomeRatio": -0.0106598985,
        "eps": -0.48,
        "epsdiluted": -0.48,
        "weightedAverageShsOut": 43877551,
        "weightedAverageShsOutDil": 44000000,
        "link": "https://www.sec.gov/Archives/edgar/data/1111335/000111133514000015/0001111335-14-000015-index.htm",
        "finalLink": "https://www.sec.gov/Archives/edgar/data/1111335/000111133514000015/visteon10-qq32014.htm"
    },
    {
        "date": "2014-06-30",
        "symbol": "VC",
        "reportedCurrency": "USD",
        "cik": "0001111335",
        "fillingDate": "2014-08-06",
        "acceptedDate": "2014-08-06 07:21:34",
        "calendarYear": "2014",
        "period": "Q2",
        "revenue": 1782000000,
        "costOfRevenue": 1588000000,
        "grossProfit": 194000000,
        "grossProfitRatio": 0.1088664422,
        "researchAndDevelopmentExpenses": 0,
        "generalAndAdministrativeExpenses": 0,
        "sellingAndMarketingExpenses": 0,
        "sellingGeneralAndAdministrativeExpenses": 84000000,
        "otherExpenses": 8000000,
        "operatingExpenses": 92000000,
        "costAndExpenses": 1680000000,
        "interestIncome": 2000000,
        "interestExpense": 8000000,
        "depreciationAndAmortization": 64000000,
        "ebitda": 73000000,
        "ebitdaratio": 0.0409652076,
        "operatingIncome": 24000000,
        "operatingIncomeRatio": 0.0134680135,
        "totalOtherIncomeExpensesNet": 41000000,
        "incomeBeforeTax": 65000000,
        "incomeBeforeTaxRatio": 0.0364758698,
        "incomeTaxExpense": 41000000,
        "netIncome": -155000000,
        "netIncomeRatio": -0.0869809203,
        "eps": -3.35,
        "epsdiluted": -3.35,
        "weightedAverageShsOut": 46200000,
        "weightedAverageShsOutDil": 46200000,
        "link": "https://www.sec.gov/Archives/edgar/data/1111335/000111133514000012/0001111335-14-000012-index.htm",
        "finalLink": "https://www.sec.gov/Archives/edgar/data/1111335/000111133514000012/visteon10-qq22014.htm"
    },
    {
        "date": "2014-03-31",
        "symbol": "VC",
        "reportedCurrency": "USD",
        "cik": "0001111335",
        "fillingDate": "2014-05-08",
        "acceptedDate": "2014-05-08 07:15:26",
        "calendarYear": "2014",
        "period": "Q1",
        "revenue": 1982000000,
        "costOfRevenue": 1787000000,
        "grossProfit": 195000000,
        "grossProfitRatio": 0.0983854692,
        "researchAndDevelopmentExpenses": 0,
        "generalAndAdministrativeExpenses": 0,
        "sellingAndMarketingExpenses": 0,
        "sellingGeneralAndAdministrativeExpenses": 94000000,
        "otherExpenses": 0,
        "operatingExpenses": 94000000,
        "costAndExpenses": 1881000000,
        "interestIncome": 2000000,
        "interestExpense": 10000000,
        "depreciationAndAmortization": 66000000,
        "ebitda": 161000000,
        "ebitdaratio": 0.0812310797,
        "operatingIncome": 98000000,
        "operatingIncomeRatio": 0.049445005,
        "totalOtherIncomeExpensesNet": -13000000,
        "incomeBeforeTax": 83000000,
        "incomeBeforeTaxRatio": 0.041876892,
        "incomeTaxExpense": 35000000,
        "netIncome": 19000000,
        "netIncomeRatio": 0.0095862765,
        "eps": 0.39,
        "epsdiluted": 0.38,
        "weightedAverageShsOut": 48400000,
        "weightedAverageShsOutDil": 49600000,
        "link": "https://www.sec.gov/Archives/edgar/data/1111335/000111133514000006/0001111335-14-000006-index.htm",
        "finalLink": "https://www.sec.gov/Archives/edgar/data/1111335/000111133514000006/visteon10-qq12014.htm"
    },
    {
        "date": "2013-12-31",
        "symbol": "VC",
        "reportedCurrency": "USD",
        "cik": "0001111335",
        "fillingDate": "2014-02-25",
        "acceptedDate": "2014-02-25 07:38:46",
        "calendarYear": "2013",
        "period": "Q4",
        "revenue": 1958000000,
        "costOfRevenue": 1756000000,
        "grossProfit": 202000000,
        "grossProfitRatio": 0.1031664964,
        "researchAndDevelopmentExpenses": -814000000,
        "generalAndAdministrativeExpenses": 610000000,
        "sellingAndMarketingExpenses": -507000000,
        "sellingGeneralAndAdministrativeExpenses": 103000000,
        "otherExpenses": 814000000,
        "operatingExpenses": 103000000,
        "costAndExpenses": 1859000000,
        "interestIncome": 0,
        "interestExpense": 11000000,
        "depreciationAndAmortization": 62000000,
        "ebitda": 135000000,
        "ebitdaratio": 0.068947906,
        "operatingIncome": 99000000,
        "operatingIncomeRatio": 0.0505617978,
        "totalOtherIncomeExpensesNet": 512000000,
        "incomeBeforeTax": 611000000,
        "incomeBeforeTaxRatio": 0.3120531154,
        "incomeTaxExpense": 66000000,
        "netIncome": 513000000,
        "netIncomeRatio": 0.2620020429,
        "eps": 10.56,
        "epsdiluted": 10.32,
        "weightedAverageShsOut": 48600000,
        "weightedAverageShsOutDil": 49700000,
        "link": "https://www.sec.gov/Archives/edgar/data/1111335/000111133514000003/0001111335-14-000003-index.htm",
        "finalLink": "https://www.sec.gov/Archives/edgar/data/1111335/000111133514000003/visteon201310-k.htm"
    },
    {
        "date": "2013-09-30",
        "symbol": "VC",
        "reportedCurrency": "USD",
        "cik": "0001111335",
        "fillingDate": "2013-11-07",
        "acceptedDate": "2013-11-07 07:19:15",
        "calendarYear": "2013",
        "period": "Q3",
        "revenue": 1733000000,
        "costOfRevenue": 1590000000,
        "grossProfit": 143000000,
        "grossProfitRatio": 0.0825158684,
        "researchAndDevelopmentExpenses": 0,
        "generalAndAdministrativeExpenses": 0,
        "sellingAndMarketingExpenses": 0,
        "sellingGeneralAndAdministrativeExpenses": 87000000,
        "otherExpenses": 0,
        "operatingExpenses": 87000000,
        "costAndExpenses": 1677000000,
        "interestIncome": 3000000,
        "interestExpense": 12000000,
        "depreciationAndAmortization": 68000000,
        "ebitda": 130000000,
        "ebitdaratio": 0.0750144259,
        "operatingIncome": 62000000,
        "operatingIncomeRatio": 0.0357761108,
        "totalOtherIncomeExpensesNet": 23000000,
        "incomeBeforeTax": 80000000,
        "incomeBeforeTaxRatio": 0.0461627236,
        "incomeTaxExpense": 20000000,
        "netIncome": 43000000,
        "netIncomeRatio": 0.0248124639,
        "eps": 0.87,
        "epsdiluted": 0.85,
        "weightedAverageShsOut": 49400000,
        "weightedAverageShsOutDil": 50400000,
        "link": "https://www.sec.gov/Archives/edgar/data/1111335/000111133513000016/0001111335-13-000016-index.htm",
        "finalLink": "https://www.sec.gov/Archives/edgar/data/1111335/000111133513000016/visteon10qq32013.htm"
    },
    {
        "date": "2013-06-30",
        "symbol": "VC",
        "reportedCurrency": "USD",
        "cik": "0001111335",
        "fillingDate": "2013-08-08",
        "acceptedDate": "2013-08-08 07:17:18",
        "calendarYear": "2013",
        "period": "Q2",
        "revenue": 1892000000,
        "costOfRevenue": 1707000000,
        "grossProfit": 185000000,
        "grossProfitRatio": 0.0977801268,
        "researchAndDevelopmentExpenses": 0,
        "generalAndAdministrativeExpenses": 0,
        "sellingAndMarketingExpenses": 0,
        "sellingGeneralAndAdministrativeExpenses": 91000000,
        "otherExpenses": 0,
        "operatingExpenses": 91000000,
        "costAndExpenses": 1798000000,
        "interestIncome": 2000000,
        "interestExpense": 11000000,
        "depreciationAndAmortization": 65000000,
        "ebitda": 196000000,
        "ebitdaratio": 0.1035940803,
        "operatingIncome": 86000000,
        "operatingIncomeRatio": 0.0454545455,
        "totalOtherIncomeExpensesNet": 35000000,
        "incomeBeforeTax": 125000000,
        "incomeBeforeTaxRatio": 0.0660676533,
        "incomeTaxExpense": 39000000,
        "netIncome": 65000000,
        "netIncomeRatio": 0.0343551797,
        "eps": 1.3,
        "epsdiluted": 1.29,
        "weightedAverageShsOut": 50000000,
        "weightedAverageShsOutDil": 50500000,
        "link": "https://www.sec.gov/Archives/edgar/data/1111335/000111133513000013/0001111335-13-000013-index.htm",
        "finalLink": "https://www.sec.gov/Archives/edgar/data/1111335/000111133513000013/visteon10qq22013.htm"
    },
    {
        "date": "2013-03-31",
        "symbol": "VC",
        "reportedCurrency": "USD",
        "cik": "0001111335",
        "fillingDate": "2013-05-09",
        "acceptedDate": "2013-05-09 07:14:40",
        "calendarYear": "2013",
        "period": "Q1",
        "revenue": 1856000000,
        "costOfRevenue": 1702000000,
        "grossProfit": 154000000,
        "grossProfitRatio": 0.0829741379,
        "researchAndDevelopmentExpenses": 0,
        "generalAndAdministrativeExpenses": 0,
        "sellingAndMarketingExpenses": 0,
        "sellingGeneralAndAdministrativeExpenses": 86000000,
        "otherExpenses": 0,
        "operatingExpenses": 86000000,
        "costAndExpenses": 1788000000,
        "interestIncome": 3000000,
        "interestExpense": 13000000,
        "depreciationAndAmortization": 67000000,
        "ebitda": 146000000,
        "ebitdaratio": 0.0786637931,
        "operatingIncome": 68000000,
        "operatingIncomeRatio": 0.036637931,
        "totalOtherIncomeExpensesNet": -2000000,
        "incomeBeforeTax": 66000000,
        "incomeBeforeTaxRatio": 0.0355603448,
        "incomeTaxExpense": -18000000,
        "netIncome": 69000000,
        "netIncomeRatio": 0.0371767241,
        "eps": 1.34,
        "epsdiluted": 1.33,
        "weightedAverageShsOut": 51600000,
        "weightedAverageShsOutDil": 51900000,
        "link": "https://www.sec.gov/Archives/edgar/data/1111335/000111133513000007/0001111335-13-000007-index.htm",
        "finalLink": "https://www.sec.gov/Archives/edgar/data/1111335/000111133513000007/visteon10qq12013.htm"
    },
    {
        "date": "2012-12-31",
        "symbol": "VC",
        "reportedCurrency": "USD",
        "cik": "0001111335",
        "fillingDate": "2013-02-28",
        "acceptedDate": "2013-02-28 07:15:11",
        "calendarYear": "2012",
        "period": "Q4",
        "revenue": 1823000000,
        "costOfRevenue": 1625000000,
        "grossProfit": 198000000,
        "grossProfitRatio": 0.1086121777,
        "researchAndDevelopmentExpenses": 0,
        "generalAndAdministrativeExpenses": 510000000,
        "sellingAndMarketingExpenses": -408000000,
        "sellingGeneralAndAdministrativeExpenses": 102000000,
        "otherExpenses": 0,
        "operatingExpenses": 102000000,
        "costAndExpenses": 1727000000,
        "interestIncome": 3000000,
        "interestExpense": 10000000,
        "depreciationAndAmortization": 63000000,
        "ebitda": 152000000,
        "ebitdaratio": 0.0833790455,
        "operatingIncome": 96000000,
        "operatingIncomeRatio": 0.0526604498,
        "totalOtherIncomeExpensesNet": -17000000,
        "incomeBeforeTax": 79000000,
        "incomeBeforeTaxRatio": 0.0433351618,
        "incomeTaxExpense": 19000000,
        "netIncome": 39000000,
        "netIncomeRatio": 0.0213933077,
        "eps": 0.76,
        "epsdiluted": 0.75,
        "weightedAverageShsOut": 51600000,
        "weightedAverageShsOutDil": 51900000,
        "link": "https://www.sec.gov/Archives/edgar/data/1111335/000111133513000004/0001111335-13-000004-index.htm",
        "finalLink": "https://www.sec.gov/Archives/edgar/data/1111335/000111133513000004/visteon201210-k.htm"
    },
    {
        "date": "2012-09-30",
        "symbol": "VC",
        "reportedCurrency": "USD",
        "cik": "0001111335",
        "fillingDate": "2012-11-01",
        "acceptedDate": "2012-11-01 07:21:32",
        "calendarYear": "2012",
        "period": "Q3",
        "revenue": 1624000000,
        "costOfRevenue": 1495000000,
        "grossProfit": 129000000,
        "grossProfitRatio": 0.0794334975,
        "researchAndDevelopmentExpenses": 0,
        "generalAndAdministrativeExpenses": 0,
        "sellingAndMarketingExpenses": 0,
        "sellingGeneralAndAdministrativeExpenses": 89000000,
        "otherExpenses": 0,
        "operatingExpenses": 89000000,
        "costAndExpenses": 1584000000,
        "interestIncome": 4000000,
        "interestExpense": 17000000,
        "depreciationAndAmortization": 64000000,
        "ebitda": 153000000,
        "ebitdaratio": 0.0942118227,
        "operatingIncome": 40000000,
        "operatingIncomeRatio": 0.0246305419,
        "totalOtherIncomeExpensesNet": 32000000,
        "incomeBeforeTax": 72000000,
        "incomeBeforeTaxRatio": 0.0443349754,
        "incomeTaxExpense": 33000000,
        "netIncome": 15000000,
        "netIncomeRatio": 0.0092364532,
        "eps": 0.28,
        "epsdiluted": 0.28,
        "weightedAverageShsOut": 53300000,
        "weightedAverageShsOutDil": 53800000,
        "link": "https://www.sec.gov/Archives/edgar/data/1111335/000111133512000014/0001111335-12-000014-index.htm",
        "finalLink": "https://www.sec.gov/Archives/edgar/data/1111335/000111133512000014/visteon10qq32012.htm"
    },
    {
        "date": "2012-06-30",
        "symbol": "VC",
        "reportedCurrency": "USD",
        "cik": "0001111335",
        "fillingDate": "2012-08-02",
        "acceptedDate": "2012-08-02 07:17:41",
        "calendarYear": "2012",
        "period": "Q2",
        "revenue": 1693000000,
        "costOfRevenue": 1565000000,
        "grossProfit": 128000000,
        "grossProfitRatio": 0.0756054341,
        "researchAndDevelopmentExpenses": 0,
        "generalAndAdministrativeExpenses": 0,
        "sellingAndMarketingExpenses": 0,
        "sellingGeneralAndAdministrativeExpenses": 87000000,
        "otherExpenses": 0,
        "operatingExpenses": 87000000,
        "costAndExpenses": 1652000000,
        "interestIncome": 4000000,
        "interestExpense": 10000000,
        "depreciationAndAmortization": 67000000,
        "ebitda": 204000000,
        "ebitdaratio": 0.1204961607,
        "operatingIncome": 30000000,
        "operatingIncomeRatio": 0.0177200236,
        "totalOtherIncomeExpensesNet": 97000000,
        "incomeBeforeTax": 127000000,
        "incomeBeforeTaxRatio": 0.0750147667,
        "incomeTaxExpense": 42000000,
        "netIncome": 75000000,
        "netIncomeRatio": 0.0443000591,
        "eps": 1.41,
        "epsdiluted": 1.4,
        "weightedAverageShsOut": 50800000,
        "weightedAverageShsOutDil": 51300000,
        "link": "https://www.sec.gov/Archives/edgar/data/1111335/000111133512000011/0001111335-12-000011-index.htm",
        "finalLink": "https://www.sec.gov/Archives/edgar/data/1111335/000111133512000011/visteon10qq22012.htm"
    },
    {
        "date": "2012-03-31",
        "symbol": "VC",
        "reportedCurrency": "USD",
        "cik": "0001111335",
        "fillingDate": "2012-05-02",
        "acceptedDate": "2012-05-02 07:56:00",
        "calendarYear": "2012",
        "period": "Q1",
        "revenue": 1717000000,
        "costOfRevenue": 1583000000,
        "grossProfit": 134000000,
        "grossProfitRatio": 0.0780430984,
        "researchAndDevelopmentExpenses": 0,
        "generalAndAdministrativeExpenses": 0,
        "sellingAndMarketingExpenses": 0,
        "sellingGeneralAndAdministrativeExpenses": 91000000,
        "otherExpenses": 0,
        "operatingExpenses": 91000000,
        "costAndExpenses": 1674000000,
        "interestIncome": 3000000,
        "interestExpense": 12000000,
        "depreciationAndAmortization": 65000000,
        "ebitda": 90000000,
        "ebitdaratio": 0.0524170064,
        "operatingIncome": 43000000,
        "operatingIncomeRatio": 0.0250436808,
        "totalOtherIncomeExpensesNet": -30000000,
        "incomeBeforeTax": 13000000,
        "incomeBeforeTaxRatio": 0.0075713454,
        "incomeTaxExpense": 27000000,
        "netIncome": -29000000,
        "netIncomeRatio": -0.0168899243,
        "eps": -0.56,
        "epsdiluted": -0.56,
        "weightedAverageShsOut": 51900000,
        "weightedAverageShsOutDil": 51900000,
        "link": "https://www.sec.gov/Archives/edgar/data/1111335/000111133512000006/0001111335-12-000006-index.htm",
        "finalLink": "https://www.sec.gov/Archives/edgar/data/1111335/000111133512000006/visteon10qq12012.htm"
    },
    {
        "date": "2011-12-31",
        "symbol": "VC",
        "reportedCurrency": "USD",
        "cik": "0001111335",
        "fillingDate": "2012-02-27",
        "acceptedDate": "2012-02-27 07:45:12",
        "calendarYear": "2011",
        "period": "Q4",
        "revenue": 1859000000,
        "costOfRevenue": 1710000000,
        "grossProfit": 149000000,
        "grossProfitRatio": 0.0801506186,
        "researchAndDevelopmentExpenses": 0,
        "generalAndAdministrativeExpenses": 0,
        "sellingAndMarketingExpenses": 0,
        "sellingGeneralAndAdministrativeExpenses": 85000000,
        "otherExpenses": -18000000,
        "operatingExpenses": 67000000,
        "costAndExpenses": 1777000000,
        "interestIncome": 5000000,
        "interestExpense": 12000000,
        "depreciationAndAmortization": 68000000,
        "ebitda": 114000000,
        "ebitdaratio": 0.0613232921,
        "operatingIncome": 82000000,
        "operatingIncomeRatio": 0.0441097364,
        "totalOtherIncomeExpensesNet": -48000000,
        "incomeBeforeTax": 34000000,
        "incomeBeforeTaxRatio": 0.0182894029,
        "incomeTaxExpense": 40000000,
        "netIncome": -26000000,
        "netIncomeRatio": -0.013986014,
        "eps": -0.5,
        "epsdiluted": -0.5,
        "weightedAverageShsOut": 51500000,
        "weightedAverageShsOutDil": 51900000,
        "link": "https://www.sec.gov/Archives/edgar/data/1111335/000144530512000456/0001445305-12-000456-index.htm",
        "finalLink": "https://www.sec.gov/Archives/edgar/data/1111335/000144530512000456/visteon10kfromword.htm"
    },
    {
        "date": "2011-09-30",
        "symbol": "VC",
        "reportedCurrency": "USD",
        "cik": "0001111335",
        "fillingDate": "2011-11-03",
        "acceptedDate": "2011-11-03 07:03:57",
        "calendarYear": "2011",
        "period": "Q3",
        "revenue": 2037000000,
        "costOfRevenue": 1889000000,
        "grossProfit": 148000000,
        "grossProfitRatio": 0.0726558665,
        "researchAndDevelopmentExpenses": 0,
        "generalAndAdministrativeExpenses": 0,
        "sellingAndMarketingExpenses": 0,
        "sellingGeneralAndAdministrativeExpenses": 100000000,
        "otherExpenses": 1000000,
        "operatingExpenses": 101000000,
        "costAndExpenses": 1990000000,
        "interestIncome": 5000000,
        "interestExpense": 10000000,
        "depreciationAndAmortization": 86000000,
        "ebitda": 177000000,
        "ebitdaratio": 0.086892489,
        "operatingIncome": 44000000,
        "operatingIncomeRatio": 0.0216003927,
        "totalOtherIncomeExpensesNet": 37000000,
        "incomeBeforeTax": 85000000,
        "incomeBeforeTaxRatio": 0.0417280314,
        "incomeTaxExpense": 25000000,
        "netIncome": 41000000,
        "netIncomeRatio": 0.0201276387,
        "eps": 0.8,
        "epsdiluted": 0.79,
        "weightedAverageShsOut": 51500000,
        "weightedAverageShsOutDil": 52000000,
        "link": "https://www.sec.gov/Archives/edgar/data/1111335/000119312511293929/0001193125-11-293929-index.htm",
        "finalLink": "https://www.sec.gov/Archives/edgar/data/1111335/000119312511293929/d247681d10q.htm"
    },
    {
        "date": "2011-06-30",
        "symbol": "VC",
        "reportedCurrency": "USD",
        "cik": "0001111335",
        "fillingDate": "2011-08-04",
        "acceptedDate": "2011-08-04 16:42:51",
        "calendarYear": "2011",
        "period": "Q2",
        "revenue": 2178000000,
        "costOfRevenue": 1981000000,
        "grossProfit": 197000000,
        "grossProfitRatio": 0.0904499541,
        "researchAndDevelopmentExpenses": 0,
        "generalAndAdministrativeExpenses": 0,
        "sellingAndMarketingExpenses": 0,
        "sellingGeneralAndAdministrativeExpenses": 111000000,
        "otherExpenses": 19000000,
        "operatingExpenses": 130000000,
        "costAndExpenses": 2111000000,
        "interestIncome": 5000000,
        "interestExpense": 13000000,
        "depreciationAndAmortization": 85000000,
        "ebitda": 175000000,
        "ebitdaratio": 0.080348944,
        "operatingIncome": 67000000,
        "operatingIncomeRatio": 0.0307621671,
        "totalOtherIncomeExpensesNet": 11000000,
        "incomeBeforeTax": 78000000,
        "incomeBeforeTaxRatio": 0.0358126722,
        "incomeTaxExpense": 34000000,
        "netIncome": 26000000,
        "netIncomeRatio": 0.0119375574,
        "eps": 0.51,
        "epsdiluted": 0.5,
        "weightedAverageShsOut": 51000000,
        "weightedAverageShsOutDil": 51900000,
        "link": "https://www.sec.gov/Archives/edgar/data/1111335/000095012311072966/0000950123-11-072966-index.htm",
        "finalLink": "https://www.sec.gov/Archives/edgar/data/1111335/000095012311072966/k50440e10vq.htm"
    },
    {
        "date": "2011-03-31",
        "symbol": "VC",
        "reportedCurrency": "USD",
        "cik": "0001111335",
        "fillingDate": "2011-05-05",
        "acceptedDate": "2011-05-05 14:45:17",
        "calendarYear": "2011",
        "period": "Q1",
        "revenue": 1973000000,
        "costOfRevenue": 1824000000,
        "grossProfit": 149000000,
        "grossProfitRatio": 0.0755195134,
        "researchAndDevelopmentExpenses": 0,
        "generalAndAdministrativeExpenses": 0,
        "sellingAndMarketingExpenses": 0,
        "sellingGeneralAndAdministrativeExpenses": 102000000,
        "otherExpenses": -2000000,
        "operatingExpenses": 100000000,
        "costAndExpenses": 1924000000,
        "interestIncome": 6000000,
        "interestExpense": 15000000,
        "depreciationAndAmortization": 77000000,
        "ebitda": 172000000,
        "ebitdaratio": 0.087176888,
        "operatingIncome": 49000000,
        "operatingIncomeRatio": 0.0248352762,
        "totalOtherIncomeExpensesNet": 35000000,
        "incomeBeforeTax": 84000000,
        "incomeBeforeTaxRatio": 0.0425747592,
        "incomeTaxExpense": 28000000,
        "netIncome": 39000000,
        "netIncomeRatio": 0.0197668525,
        "eps": 0.77,
        "epsdiluted": 0.75,
        "weightedAverageShsOut": 50700000,
        "weightedAverageShsOutDil": 52000000,
        "link": "https://www.sec.gov/Archives/edgar/data/1111335/000095012311045538/0000950123-11-045538-index.htm",
        "finalLink": "https://www.sec.gov/Archives/edgar/data/1111335/000095012311045538/k50360e10vq.htm"
    },
    {
        "date": "2010-12-31",
        "symbol": "VC",
        "reportedCurrency": "USD",
        "cik": "0001111335",
        "fillingDate": "2011-03-09",
        "acceptedDate": "2011-03-09 14:38:50",
        "calendarYear": "2010",
        "period": "Q4",
        "revenue": 1887000000,
        "costOfRevenue": 1643000000,
        "grossProfit": 244000000,
        "grossProfitRatio": 0.1293057764,
        "researchAndDevelopmentExpenses": 0,
        "generalAndAdministrativeExpenses": 0,
        "sellingAndMarketingExpenses": 0,
        "sellingGeneralAndAdministrativeExpenses": 124000000,
        "otherExpenses": 0,
        "operatingExpenses": 124000000,
        "costAndExpenses": 1767000000,
        "interestIncome": 6000000,
        "interestExpense": 16000000,
        "depreciationAndAmortization": 73000000,
        "ebitda": 213000000,
        "ebitdaratio": 0.1128775835,
        "operatingIncome": 120000000,
        "operatingIncomeRatio": 0.0635930048,
        "totalOtherIncomeExpensesNet": 4000000,
        "incomeBeforeTax": 124000000,
        "incomeBeforeTaxRatio": 0.0657127716,
        "incomeTaxExpense": 19000000,
        "netIncome": 86000000,
        "netIncomeRatio": 0.0455749868,
        "eps": 1.71,
        "epsdiluted": 1.66,
        "weightedAverageShsOut": 50200000,
        "weightedAverageShsOutDil": 51700000,
        "link": "https://www.sec.gov/Archives/edgar/data/1111335/000095012311023581/0000950123-11-023581-index.htm",
        "finalLink": "https://www.sec.gov/Archives/edgar/data/1111335/000095012311023581/k50155e10vk.htm"
    },
    {
        "date": "2010-09-30",
        "symbol": "VC",
        "reportedCurrency": "USD",
        "cik": "0001111335",
        "fillingDate": "2010-10-27",
        "acceptedDate": "2010-10-27 15:16:22",
        "calendarYear": "2010",
        "period": "Q3",
        "revenue": 1730000000,
        "costOfRevenue": 1690000000,
        "grossProfit": 40000000,
        "grossProfitRatio": 0.0231213873,
        "researchAndDevelopmentExpenses": 0,
        "generalAndAdministrativeExpenses": 0,
        "sellingAndMarketingExpenses": 0,
        "sellingGeneralAndAdministrativeExpenses": 145000000,
        "otherExpenses": 0,
        "operatingExpenses": 145000000,
        "costAndExpenses": 1835000000,
        "interestIncome": 4000000,
        "interestExpense": 35000000,
        "depreciationAndAmortization": 67000000,
        "ebitda": -2000000,
        "ebitdaratio": -0.0011560694,
        "operatingIncome": -105000000,
        "operatingIncomeRatio": -0.0606936416,
        "totalOtherIncomeExpensesNet": 1000000,
        "incomeBeforeTax": -104000000,
        "incomeBeforeTaxRatio": -0.0601156069,
        "incomeTaxExpense": 19000000,
        "netIncome": -140000000,
        "netIncomeRatio": -0.0809248555,
        "eps": -1.08,
        "epsdiluted": -1.08,
        "weightedAverageShsOut": 129400000,
        "weightedAverageShsOutDil": 129400000,
        "link": "https://www.sec.gov/Archives/edgar/data/1111335/000095012310096589/0000950123-10-096589-index.htm",
        "finalLink": "https://www.sec.gov/Archives/edgar/data/1111335/000095012310096589/k49731e10vq.htm"
    },
    {
        "date": "2010-06-30",
        "symbol": "VC",
        "reportedCurrency": "USD",
        "cik": "0001111335",
        "fillingDate": "2010-08-09",
        "acceptedDate": "2010-08-09 16:45:43",
        "calendarYear": "2010",
        "period": "Q2",
        "revenue": 1945000000,
        "costOfRevenue": 1841000000,
        "grossProfit": 104000000,
        "grossProfitRatio": 0.053470437,
        "researchAndDevelopmentExpenses": 0,
        "generalAndAdministrativeExpenses": 0,
        "sellingAndMarketingExpenses": 0,
        "sellingGeneralAndAdministrativeExpenses": 127000000,
        "otherExpenses": 0,
        "operatingExpenses": 127000000,
        "costAndExpenses": 1968000000,
        "interestIncome": 3000000,
        "interestExpense": 129000000,
        "depreciationAndAmortization": 67000000,
        "ebitda": 69000000,
        "ebitdaratio": 0.0354755784,
        "operatingIncome": -23000000,
        "operatingIncomeRatio": -0.0118251928,
        "totalOtherIncomeExpensesNet": -104000000,
        "incomeBeforeTax": -127000000,
        "incomeBeforeTaxRatio": -0.0652956298,
        "incomeTaxExpense": 50000000,
        "netIncome": -201000000,
        "netIncomeRatio": -0.1033419023,
        "eps": -1.55,
        "epsdiluted": -1.55,
        "weightedAverageShsOut": 129400000,
        "weightedAverageShsOutDil": 129400000,
        "link": "https://www.sec.gov/Archives/edgar/data/1111335/000095012310075103/0000950123-10-075103-index.htm",
        "finalLink": "https://www.sec.gov/Archives/edgar/data/1111335/000095012310075103/k49419e10vq.htm"
    },
    {
        "date": "2010-03-31",
        "symbol": "VC",
        "reportedCurrency": "USD",
        "cik": "0001111335",
        "fillingDate": "2010-04-30",
        "acceptedDate": "2010-04-30 14:00:48",
        "calendarYear": "2010",
        "period": "Q1",
        "revenue": 1904000000,
        "costOfRevenue": 1486000000,
        "grossProfit": 418000000,
        "grossProfitRatio": 0.2195378151,
        "researchAndDevelopmentExpenses": 0,
        "generalAndAdministrativeExpenses": 0,
        "sellingAndMarketingExpenses": 0,
        "sellingGeneralAndAdministrativeExpenses": 113000000,
        "otherExpenses": 305000000,
        "operatingExpenses": 113000000,
        "costAndExpenses": 1599000000,
        "interestIncome": 3000000,
        "interestExpense": 6000000,
        "depreciationAndAmortization": 73000000,
        "ebitda": 352000000,
        "ebitdaratio": 0.1848739496,
        "operatingIncome": 422000000,
        "operatingIncomeRatio": 0.2216386555,
        "totalOtherIncomeExpensesNet": 936000000,
        "incomeBeforeTax": 273000000,
        "incomeBeforeTaxRatio": 0.1433823529,
        "incomeTaxExpense": 25000000,
        "netIncome": 233000000,
        "netIncomeRatio": 0.1223739496,
        "eps": 1.79,
        "epsdiluted": 1.79,
        "weightedAverageShsOut": 130300000,
        "weightedAverageShsOutDil": 130300000,
        "link": "https://www.sec.gov/Archives/edgar/data/1111335/000095012310041573/0000950123-10-041573-index.htm",
        "finalLink": "https://www.sec.gov/Archives/edgar/data/1111335/000095012310041573/k49152e10vq.htm"
    },
    {
        "date": "2009-12-31",
        "symbol": "VC",
        "reportedCurrency": "USD",
        "cik": "0001111335",
        "fillingDate": "2010-02-26",
        "acceptedDate": "2010-02-26 15:18:12",
        "calendarYear": "2009",
        "period": "Q4",
        "revenue": 2031000000,
        "costOfRevenue": 1675000000,
        "grossProfit": 356000000,
        "grossProfitRatio": 0.1752831118,
        "researchAndDevelopmentExpenses": 0,
        "generalAndAdministrativeExpenses": 0,
        "sellingAndMarketingExpenses": 0,
        "sellingGeneralAndAdministrativeExpenses": 31000000,
        "otherExpenses": 106000000,
        "operatingExpenses": 137000000,
        "costAndExpenses": 1812000000,
        "interestIncome": 3000000,
        "interestExpense": 7000000,
        "depreciationAndAmortization": 97000000,
        "ebitda": 418000000,
        "ebitdaratio": 0.2058099458,
        "operatingIncome": 219000000,
        "operatingIncomeRatio": 0.1078286558,
        "totalOtherIncomeExpensesNet": 95000000,
        "incomeBeforeTax": 314000000,
        "incomeBeforeTaxRatio": 0.1546036435,
        "incomeTaxExpense": 17000000,
        "netIncome": 276000000,
        "netIncomeRatio": 0.1358936484,
        "eps": 2.12,
        "epsdiluted": 2.12,
        "weightedAverageShsOut": 130300000,
        "weightedAverageShsOutDil": 130300000,
        "link": "https://www.sec.gov/Archives/edgar/data/1111335/000095012310018036/0000950123-10-018036-index.htm",
        "finalLink": "https://www.sec.gov/Archives/edgar/data/1111335/000095012310018036/k48891e10vk.htm"
    },
    {
        "date": "2009-09-30",
        "symbol": "VC",
        "reportedCurrency": "USD",
        "cik": "0001111335",
        "fillingDate": "2009-10-29",
        "acceptedDate": "2009-10-29 16:54:13",
        "calendarYear": "2009",
        "period": "Q3",
        "revenue": 1733000000,
        "costOfRevenue": 1617000000,
        "grossProfit": 116000000,
        "grossProfitRatio": 0.0669359492,
        "researchAndDevelopmentExpenses": 0,
        "generalAndAdministrativeExpenses": 0,
        "sellingAndMarketingExpenses": 0,
        "sellingGeneralAndAdministrativeExpenses": 95000000,
        "otherExpenses": 0,
        "operatingExpenses": 95000000,
        "costAndExpenses": 1712000000,
        "interestIncome": 2000000,
        "interestExpense": 8000000,
        "depreciationAndAmortization": 93000000,
        "ebitda": 96000000,
        "ebitdaratio": 0.0553952683,
        "operatingIncome": 21000000,
        "operatingIncomeRatio": 0.0121177149,
        "totalOtherIncomeExpensesNet": -26000000,
        "incomeBeforeTax": -5000000,
        "incomeBeforeTaxRatio": -0.0028851702,
        "incomeTaxExpense": 18000000,
        "netIncome": -38000000,
        "netIncomeRatio": -0.0219272937,
        "eps": -0.29,
        "epsdiluted": -0.29,
        "weightedAverageShsOut": 129400000,
        "weightedAverageShsOutDil": 129400000,
        "link": "https://www.sec.gov/Archives/edgar/data/1111335/000095012309054898/0000950123-09-054898-index.htm",
        "finalLink": "https://www.sec.gov/Archives/edgar/data/1111335/000095012309054898/k48448e10vq.htm"
    },
    {
        "date": "2009-06-30",
        "symbol": "VC",
        "reportedCurrency": "USD",
        "cik": "0001111335",
        "fillingDate": "2009-08-06",
        "acceptedDate": "2009-08-06 16:37:05",
        "calendarYear": "2009",
        "period": "Q2",
        "revenue": 1569000000,
        "costOfRevenue": 1489000000,
        "grossProfit": 80000000,
        "grossProfitRatio": 0.0509878904,
        "researchAndDevelopmentExpenses": 0,
        "generalAndAdministrativeExpenses": 0,
        "sellingAndMarketingExpenses": 0,
        "sellingGeneralAndAdministrativeExpenses": 97000000,
        "otherExpenses": -190000000,
        "operatingExpenses": 97000000,
        "costAndExpenses": 1586000000,
        "interestIncome": 2000000,
        "interestExpense": 47000000,
        "depreciationAndAmortization": 84000000,
        "ebitda": 63000000,
        "ebitdaratio": 0.0401529637,
        "operatingIncome": -42000000,
        "operatingIncomeRatio": -0.0267686424,
        "totalOtherIncomeExpensesNet": -26000000,
        "incomeBeforeTax": -68000000,
        "incomeBeforeTaxRatio": -0.0433397068,
        "incomeTaxExpense": 31000000,
        "netIncome": -112000000,
        "netIncomeRatio": -0.0713830465,
        "eps": -0.87,
        "epsdiluted": -0.87,
        "weightedAverageShsOut": 129400000,
        "weightedAverageShsOutDil": 129400000,
        "link": "https://www.sec.gov/Archives/edgar/data/1111335/000095012309031230/0000950123-09-031230-index.htm",
        "finalLink": "https://www.sec.gov/Archives/edgar/data/1111335/000095012309031230/k48164e10vq.htm"
    },
    {
        "date": "2009-03-31",
        "symbol": "VC",
        "reportedCurrency": "USD",
        "cik": "0001111335",
        "fillingDate": "2009-05-11",
        "acceptedDate": "2009-05-11 16:45:01",
        "calendarYear": "2009",
        "period": "Q1",
        "revenue": 1352000000,
        "costOfRevenue": 1307000000,
        "grossProfit": 45000000,
        "grossProfitRatio": 0.0332840237,
        "researchAndDevelopmentExpenses": 0,
        "generalAndAdministrativeExpenses": 0,
        "sellingAndMarketingExpenses": 0,
        "sellingGeneralAndAdministrativeExpenses": 108000000,
        "otherExpenses": -95000000,
        "operatingExpenses": 203000000,
        "costAndExpenses": 1510000000,
        "interestIncome": 4000000,
        "interestExpense": 55000000,
        "depreciationAndAmortization": 78000000,
        "ebitda": 156000000,
        "ebitdaratio": 0.1153846154,
        "operatingIncome": 67000000,
        "operatingIncomeRatio": 0.049556213,
        "totalOtherIncomeExpensesNet": 0,
        "incomeBeforeTax": 23000000,
        "incomeBeforeTaxRatio": 0.0170118343,
        "incomeTaxExpense": 14000000,
        "netIncome": 2000000,
        "netIncomeRatio": 0.0014792899,
        "eps": 0.02,
        "epsdiluted": 0.0153,
        "weightedAverageShsOut": 130500000,
        "weightedAverageShsOutDil": 130500000,
        "link": "https://www.sec.gov/Archives/edgar/data/1111335/000095015209005086/0000950152-09-005086-index.htm",
        "finalLink": "https://www.sec.gov/Archives/edgar/data/1111335/000095015209005086/k47836e10vq.htm"
    },
    {
        "date": "2008-12-31",
        "symbol": "VC",
        "reportedCurrency": "USD",
        "cik": "0001111335",
        "fillingDate": "2009-03-31",
        "acceptedDate": "2009-03-31 17:10:54",
        "calendarYear": "2008",
        "period": "Q4",
        "revenue": 1669000000,
        "costOfRevenue": 1679000000,
        "grossProfit": -10000000,
        "grossProfitRatio": -0.0059916117,
        "researchAndDevelopmentExpenses": 0,
        "generalAndAdministrativeExpenses": 0,
        "sellingAndMarketingExpenses": 0,
        "sellingGeneralAndAdministrativeExpenses": 111000000,
        "otherExpenses": -132000000,
        "operatingExpenses": 122000000,
        "costAndExpenses": 1801000000,
        "interestIncome": 0,
        "interestExpense": 215000000,
        "depreciationAndAmortization": 89000000,
        "ebitda": -265000000,
        "ebitdaratio": -0.1587777112,
        "operatingIncome": -441000000,
        "operatingIncomeRatio": -0.2642300779,
        "totalOtherIncomeExpensesNet": 42000000,
        "incomeBeforeTax": -365000000,
        "incomeBeforeTaxRatio": -0.2186938286,
        "incomeTaxExpense": -15000000,
        "netIncome": -346000000,
        "netIncomeRatio": -0.2073097663,
        "eps": -2.68,
        "epsdiluted": -2.67,
        "weightedAverageShsOut": 129100000,
        "weightedAverageShsOutDil": 129400000,
        "link": "https://www.sec.gov/Archives/edgar/data/1111335/000095015209003368/0000950152-09-003368-index.htm",
        "finalLink": "https://www.sec.gov/Archives/edgar/data/1111335/000095015209003368/k47622e10vk.htm"
    },
    {
        "date": "2008-09-30",
        "symbol": "VC",
        "reportedCurrency": "USD",
        "cik": "0001111335",
        "fillingDate": "2008-10-30",
        "acceptedDate": "2008-10-30 16:39:40",
        "calendarYear": "2008",
        "period": "Q3",
        "revenue": 2110000000,
        "costOfRevenue": 2067000000,
        "grossProfit": 43000000,
        "grossProfitRatio": 0.0203791469,
        "researchAndDevelopmentExpenses": 0,
        "generalAndAdministrativeExpenses": 0,
        "sellingAndMarketingExpenses": 0,
        "sellingGeneralAndAdministrativeExpenses": 138000000,
        "otherExpenses": -163000000,
        "operatingExpenses": 118000000,
        "costAndExpenses": 2185000000,
        "interestIncome": 10000000,
        "interestExpense": 48000000,
        "depreciationAndAmortization": 102000000,
        "ebitda": 252000000,
        "ebitdaratio": 0.1194312796,
        "operatingIncome": -188000000,
        "operatingIncomeRatio": -0.0890995261,
        "totalOtherIncomeExpensesNet": 31000000,
        "incomeBeforeTax": -150000000,
        "incomeBeforeTaxRatio": -0.0710900474,
        "incomeTaxExpense": 31000000,
        "netIncome": -188000000,
        "netIncomeRatio": -0.0890995261,
        "eps": -1.45,
        "epsdiluted": -1.44,
        "weightedAverageShsOut": 129400000,
        "weightedAverageShsOutDil": 130600000,
        "link": "https://www.sec.gov/Archives/edgar/data/1111335/000095015208008450/0000950152-08-008450-index.htm",
        "finalLink": "https://www.sec.gov/Archives/edgar/data/1111335/000095015208008450/k46819e10vq.htm"
    },
    {
        "date": "2008-06-30",
        "symbol": "VC",
        "reportedCurrency": "USD",
        "cik": "0001111335",
        "fillingDate": "2008-07-30",
        "acceptedDate": "2008-07-30 15:16:39",
        "calendarYear": "2008",
        "period": "Q2",
        "revenue": 2905000000,
        "costOfRevenue": 2674000000,
        "grossProfit": 231000000,
        "grossProfitRatio": 0.0795180723,
        "researchAndDevelopmentExpenses": 0,
        "generalAndAdministrativeExpenses": 0,
        "sellingAndMarketingExpenses": 0,
        "sellingGeneralAndAdministrativeExpenses": 156000000,
        "otherExpenses": -150000000,
        "operatingExpenses": 149000000,
        "costAndExpenses": 2823000000,
        "interestIncome": 13000000,
        "interestExpense": 55000000,
        "depreciationAndAmortization": 110000000,
        "ebitda": 191000000,
        "ebitdaratio": 0.0657487091,
        "operatingIncome": 75000000,
        "operatingIncomeRatio": 0.0258175559,
        "totalOtherIncomeExpensesNet": 0,
        "incomeBeforeTax": 26000000,
        "incomeBeforeTaxRatio": 0.0089500861,
        "incomeTaxExpense": 49000000,
        "netIncome": -42000000,
        "netIncomeRatio": -0.0144578313,
        "eps": -0.32,
        "epsdiluted": -0.32,
        "weightedAverageShsOut": 129500000,
        "weightedAverageShsOutDil": 129500000,
        "link": "https://www.sec.gov/Archives/edgar/data/1111335/000095013708009902/0000950137-08-009902-index.htm",
        "finalLink": "https://www.sec.gov/Archives/edgar/data/1111335/000095013708009902/k33460e10vq.htm"
    },
    {
        "date": "2008-03-31",
        "symbol": "VC",
        "reportedCurrency": "USD",
        "cik": "0001111335",
        "fillingDate": "2008-04-30",
        "acceptedDate": "2008-04-30 17:11:24",
        "calendarYear": "2008",
        "period": "Q1",
        "revenue": 2860000000,
        "costOfRevenue": 2665000000,
        "grossProfit": 195000000,
        "grossProfitRatio": 0.0681818182,
        "researchAndDevelopmentExpenses": 0,
        "generalAndAdministrativeExpenses": 0,
        "sellingAndMarketingExpenses": 0,
        "sellingGeneralAndAdministrativeExpenses": 148000000,
        "otherExpenses": 0,
        "operatingExpenses": 164000000,
        "costAndExpenses": 2829000000,
        "interestIncome": 15000000,
        "interestExpense": 57000000,
        "depreciationAndAmortization": 115000000,
        "ebitda": 130000000,
        "ebitdaratio": 0.0454545455,
        "operatingIncome": -105000000,
        "operatingIncomeRatio": -0.0367132867,
        "totalOtherIncomeExpensesNet": 51000000,
        "incomeBeforeTax": -42000000,
        "incomeBeforeTaxRatio": -0.0146853147,
        "incomeTaxExpense": 51000000,
        "netIncome": -105000000,
        "netIncomeRatio": -0.0367132867,
        "eps": -0.81,
        "epsdiluted": -0.81,
        "weightedAverageShsOut": 129500000,
        "weightedAverageShsOutDil": 129500000,
        "link": "https://www.sec.gov/Archives/edgar/data/1111335/000095012408002164/0000950124-08-002164-index.htm",
        "finalLink": "https://www.sec.gov/Archives/edgar/data/1111335/000095012408002164/k26002e10vq.htm"
    },
    {
        "date": "2007-12-31",
        "symbol": "VC",
        "reportedCurrency": "USD",
        "cik": "0001111335",
        "fillingDate": "2008-02-22",
        "acceptedDate": "2008-02-22 17:11:50",
        "calendarYear": "2007",
        "period": "Q4",
        "revenue": 2858000000,
        "costOfRevenue": 2656000000,
        "grossProfit": 202000000,
        "grossProfitRatio": 0.0706787964,
        "researchAndDevelopmentExpenses": 0,
        "generalAndAdministrativeExpenses": 0,
        "sellingAndMarketingExpenses": 0,
        "sellingGeneralAndAdministrativeExpenses": 191000000,
        "otherExpenses": -3000000,
        "operatingExpenses": 188000000,
        "costAndExpenses": 2844000000,
        "interestIncome": 0,
        "interestExpense": 225000000,
        "depreciationAndAmortization": 126000000,
        "ebitda": 140000000,
        "ebitdaratio": 0.0489853044,
        "operatingIncome": 14000000,
        "operatingIncomeRatio": 0.0048985304,
        "totalOtherIncomeExpensesNet": -91000000,
        "incomeBeforeTax": -77000000,
        "incomeBeforeTaxRatio": -0.0269419174,
        "incomeTaxExpense": -45000000,
        "netIncome": -43000000,
        "netIncomeRatio": -0.0150454864,
        "eps": -0.33,
        "epsdiluted": -0.33,
        "weightedAverageShsOut": 129629630,
        "weightedAverageShsOutDil": 129629630,
        "link": "https://www.sec.gov/Archives/edgar/data/1111335/000095012408000791/0000950124-08-000791-index.htm",
        "finalLink": "https://www.sec.gov/Archives/edgar/data/1111335/000095012408000791/k23981e10vk.htm"
    },
    {
        "date": "2007-09-30",
        "symbol": "VC",
        "reportedCurrency": "USD",
        "cik": "0001111335",
        "fillingDate": "2007-11-08",
        "acceptedDate": "2007-11-08 16:47:40",
        "calendarYear": "2007",
        "period": "Q3",
        "revenue": 2546000000,
        "costOfRevenue": 2447000000,
        "grossProfit": 99000000,
        "grossProfitRatio": 0.0388845247,
        "researchAndDevelopmentExpenses": 0,
        "generalAndAdministrativeExpenses": 0,
        "sellingAndMarketingExpenses": 0,
        "sellingGeneralAndAdministrativeExpenses": 131000000,
        "otherExpenses": -32000000,
        "operatingExpenses": 118000000,
        "costAndExpenses": 2565000000,
        "interestIncome": 17000000,
        "interestExpense": 59000000,
        "depreciationAndAmortization": 109000000,
        "ebitda": 90000000,
        "ebitdaratio": 0.0353495679,
        "operatingIncome": -46000000,
        "operatingIncomeRatio": -0.018067557,
        "totalOtherIncomeExpensesNet": -43000000,
        "incomeBeforeTax": -77000000,
        "incomeBeforeTaxRatio": -0.0302435192,
        "incomeTaxExpense": 20000000,
        "netIncome": -109000000,
        "netIncomeRatio": -0.0428122545,
        "eps": -0.84,
        "epsdiluted": -0.84,
        "weightedAverageShsOut": 129761905,
        "weightedAverageShsOutDil": 129761905,
        "link": "https://www.sec.gov/Archives/edgar/data/1111335/000095012407005684/0000950124-07-005684-index.htm",
        "finalLink": "https://www.sec.gov/Archives/edgar/data/1111335/000095012407005684/k21193e10vq.htm"
    },
    {
        "date": "2007-06-30",
        "symbol": "VC",
        "reportedCurrency": "USD",
        "cik": "0001111335",
        "fillingDate": "2007-08-08",
        "acceptedDate": "2007-08-08 15:33:05",
        "calendarYear": "2007",
        "period": "Q2",
        "revenue": 2974000000,
        "costOfRevenue": 2819000000,
        "grossProfit": 155000000,
        "grossProfitRatio": 0.0521183591,
        "researchAndDevelopmentExpenses": 0,
        "generalAndAdministrativeExpenses": 0,
        "sellingAndMarketingExpenses": 0,
        "sellingGeneralAndAdministrativeExpenses": 145000000,
        "otherExpenses": 10000000,
        "operatingExpenses": 109000000,
        "costAndExpenses": 2928000000,
        "interestIncome": 14000000,
        "interestExpense": 55000000,
        "depreciationAndAmortization": 116000000,
        "ebitda": 162000000,
        "ebitdaratio": 0.0544720915,
        "operatingIncome": 46000000,
        "operatingIncomeRatio": 0.015467384,
        "totalOtherIncomeExpensesNet": 0,
        "incomeBeforeTax": -18000000,
        "incomeBeforeTaxRatio": -0.0060524546,
        "incomeTaxExpense": 28000000,
        "netIncome": -67000000,
        "netIncomeRatio": -0.022528581,
        "eps": -0.52,
        "epsdiluted": -0.52,
        "weightedAverageShsOut": 128846154,
        "weightedAverageShsOutDil": 128846154,
        "link": "https://www.sec.gov/Archives/edgar/data/1111335/000095012407004069/0000950124-07-004069-index.htm",
        "finalLink": "https://www.sec.gov/Archives/edgar/data/1111335/000095012407004069/k17353e10vq.htm"
    },
    {
        "date": "2007-03-31",
        "symbol": "VC",
        "reportedCurrency": "USD",
        "cik": "0001111335",
        "fillingDate": "2007-05-09",
        "acceptedDate": "2007-05-09 15:03:52",
        "calendarYear": "2007",
        "period": "Q1",
        "revenue": 2927000000,
        "costOfRevenue": 2816000000,
        "grossProfit": 111000000,
        "grossProfitRatio": 0.0379227878,
        "researchAndDevelopmentExpenses": 0,
        "generalAndAdministrativeExpenses": 0,
        "sellingAndMarketingExpenses": 0,
        "sellingGeneralAndAdministrativeExpenses": 170000000,
        "otherExpenses": 9000000,
        "operatingExpenses": 179000000,
        "costAndExpenses": 2995000000,
        "interestIncome": 0,
        "interestExpense": 0,
        "depreciationAndAmortization": 121000000,
        "ebitda": 64000000,
        "ebitdaratio": 0.0218653912,
        "operatingIncome": -99000000,
        "operatingIncomeRatio": -0.033823027,
        "totalOtherIncomeExpensesNet": -37000000,
        "incomeBeforeTax": -130000000,
        "incomeBeforeTaxRatio": -0.0444140758,
        "incomeTaxExpense": 17000000,
        "netIncome": -153000000,
        "netIncomeRatio": -0.0522719508,
        "eps": -1.53,
        "epsdiluted": -1.53,
        "weightedAverageShsOut": 100000000,
        "weightedAverageShsOutDil": 100000000,
        "link": "https://www.sec.gov/Archives/edgar/data/1111335/000095013707007085/0000950137-07-007085-index.htm",
        "finalLink": "https://www.sec.gov/Archives/edgar/data/1111335/000095013707007085/k14915e10vq.htm"
    },
    {
        "date": "2006-12-31",
        "symbol": "VC",
        "reportedCurrency": "USD",
        "cik": "0001111335",
        "fillingDate": "2007-02-28",
        "acceptedDate": "2007-02-28 15:03:39",
        "calendarYear": "2006",
        "period": "Q4",
        "revenue": 2841000000,
        "costOfRevenue": 2709000000,
        "grossProfit": 132000000,
        "grossProfitRatio": 0.0464625132,
        "researchAndDevelopmentExpenses": 0,
        "generalAndAdministrativeExpenses": 0,
        "sellingAndMarketingExpenses": 0,
        "sellingGeneralAndAdministrativeExpenses": 177000000,
        "otherExpenses": -71000000,
        "operatingExpenses": 120000000,
        "costAndExpenses": 2829000000,
        "interestIncome": 0,
        "interestExpense": 190000000,
        "depreciationAndAmortization": 115000000,
        "ebitda": 127000000,
        "ebitdaratio": 0.0447025695,
        "operatingIncome": -69000000,
        "operatingIncomeRatio": -0.0242872228,
        "totalOtherIncomeExpensesNet": -20000000,
        "incomeBeforeTax": -62000000,
        "incomeBeforeTaxRatio": -0.0218233017,
        "incomeTaxExpense": -32000000,
        "netIncome": -39000000,
        "netIncomeRatio": -0.0137275607,
        "eps": -0.3,
        "epsdiluted": -0.3,
        "weightedAverageShsOut": 128571429,
        "weightedAverageShsOutDil": 128571429,
        "link": "https://www.sec.gov/Archives/edgar/data/1111335/000095012407001192/0000950124-07-001192-index.htm",
        "finalLink": "https://www.sec.gov/Archives/edgar/data/1111335/000095012407001192/k12710e10vk.htm"
    },
    {
        "date": "2006-09-30",
        "symbol": "VC",
        "reportedCurrency": "USD",
        "cik": "0001111335",
        "fillingDate": "2006-11-07",
        "acceptedDate": "2006-11-07 14:58:53",
        "calendarYear": "2006",
        "period": "Q3",
        "revenue": 2615000000,
        "costOfRevenue": 2568000000,
        "grossProfit": 47000000,
        "grossProfitRatio": 0.0179732314,
        "researchAndDevelopmentExpenses": 0,
        "generalAndAdministrativeExpenses": 0,
        "sellingAndMarketingExpenses": 0,
        "sellingGeneralAndAdministrativeExpenses": 177000000,
        "otherExpenses": -28000000,
        "operatingExpenses": 163000000,
        "costAndExpenses": 2731000000,
        "interestIncome": 6000000,
        "interestExpense": 46000000,
        "depreciationAndAmortization": 107000000,
        "ebitda": 23000000,
        "ebitdaratio": 0.0087954111,
        "operatingIncome": -130000000,
        "operatingIncomeRatio": -0.0497131931,
        "totalOtherIncomeExpensesNet": -37000000,
        "incomeBeforeTax": -162000000,
        "incomeBeforeTaxRatio": -0.0619502868,
        "incomeTaxExpense": 10000000,
        "netIncome": -177000000,
        "netIncomeRatio": -0.0676864245,
        "eps": -1.38,
        "epsdiluted": -1.38,
        "weightedAverageShsOut": 128260870,
        "weightedAverageShsOutDil": 128260870,
        "link": "https://www.sec.gov/Archives/edgar/data/1111335/000095012406006554/0000950124-06-006554-index.htm",
        "finalLink": "https://www.sec.gov/Archives/edgar/data/1111335/000095012406006554/k09651e10vq.htm"
    },
    {
        "date": "2006-06-30",
        "symbol": "VC",
        "reportedCurrency": "USD",
        "cik": "0001111335",
        "fillingDate": "2006-08-08",
        "acceptedDate": "2006-08-08 16:51:21",
        "calendarYear": "2006",
        "period": "Q2",
        "revenue": 3001000000,
        "costOfRevenue": 2690000000,
        "grossProfit": 311000000,
        "grossProfitRatio": 0.1036321226,
        "researchAndDevelopmentExpenses": 0,
        "generalAndAdministrativeExpenses": 0,
        "sellingAndMarketingExpenses": 0,
        "sellingGeneralAndAdministrativeExpenses": 194000000,
        "otherExpenses": -4000000,
        "operatingExpenses": 204000000,
        "costAndExpenses": 2894000000,
        "interestIncome": 7000000,
        "interestExpense": 53000000,
        "depreciationAndAmortization": 106000000,
        "ebitda": 215000000,
        "ebitdaratio": 0.0716427857,
        "operatingIncome": 95000000,
        "operatingIncomeRatio": 0.0316561146,
        "totalOtherIncomeExpensesNet": -36000000,
        "incomeBeforeTax": 69000000,
        "incomeBeforeTaxRatio": 0.0229923359,
        "incomeTaxExpense": 17000000,
        "netIncome": 50000000,
        "netIncomeRatio": 0.016661113,
        "eps": 0.39,
        "epsdiluted": 0.39,
        "weightedAverageShsOut": 138461538,
        "weightedAverageShsOutDil": 138461538,
        "link": "https://www.sec.gov/Archives/edgar/data/1111335/000095012406004319/0000950124-06-004319-index.htm",
        "finalLink": "https://www.sec.gov/Archives/edgar/data/1111335/000095012406004319/k07551e10vq.htm"
    },
    {
        "date": "2006-03-31",
        "symbol": "VC",
        "reportedCurrency": "USD",
        "cik": "0001111335",
        "fillingDate": "2006-05-10",
        "acceptedDate": "2006-05-10 08:42:47",
        "calendarYear": "2006",
        "period": "Q1",
        "revenue": 2961000000,
        "costOfRevenue": 2717000000,
        "grossProfit": 244000000,
        "grossProfitRatio": 0.082404593,
        "researchAndDevelopmentExpenses": 0,
        "generalAndAdministrativeExpenses": 0,
        "sellingAndMarketingExpenses": 0,
        "sellingGeneralAndAdministrativeExpenses": 168000000,
        "otherExpenses": -23000000,
        "operatingExpenses": 159000000,
        "costAndExpenses": 2876000000,
        "interestIncome": 8000000,
        "interestExpense": 47000000,
        "depreciationAndAmortization": 102000000,
        "ebitda": 187000000,
        "ebitdaratio": 0.0631543398,
        "operatingIncome": 76000000,
        "operatingIncomeRatio": 0.0256670044,
        "totalOtherIncomeExpensesNet": -39000000,
        "incomeBeforeTax": 44000000,
        "incomeBeforeTaxRatio": 0.0148598446,
        "incomeTaxExpense": 30000000,
        "netIncome": 3000000,
        "netIncomeRatio": 0.0010131712,
        "eps": 0.02,
        "epsdiluted": 0.02,
        "weightedAverageShsOut": 150000000,
        "weightedAverageShsOutDil": 150000000,
        "link": "https://www.sec.gov/Archives/edgar/data/1111335/000095012406002619/0000950124-06-002619-index.htm",
        "finalLink": "https://www.sec.gov/Archives/edgar/data/1111335/000095012406002619/k05108e10vq.htm"
    },
    {
        "date": "2005-12-31",
        "symbol": "VC",
        "reportedCurrency": "USD",
        "cik": "0001111335",
        "fillingDate": "2006-03-16",
        "acceptedDate": "2006-03-16 16:58:14",
        "calendarYear": "2005",
        "period": "Q4",
        "revenue": 2865000000,
        "costOfRevenue": 1607000000,
        "grossProfit": 1258000000,
        "grossProfitRatio": 0.4390924956,
        "researchAndDevelopmentExpenses": 0,
        "generalAndAdministrativeExpenses": 0,
        "sellingAndMarketingExpenses": 0,
        "sellingGeneralAndAdministrativeExpenses": 183000000,
        "otherExpenses": -372000000,
        "operatingExpenses": -189000000,
        "costAndExpenses": 1418000000,
        "interestIncome": 0,
        "interestExpense": 156000000,
        "depreciationAndAmortization": 122000000,
        "ebitda": 1569000000,
        "ebitdaratio": 0.5476439791,
        "operatingIncome": 1075000000,
        "operatingIncomeRatio": 0.3752181501,
        "totalOtherIncomeExpensesNet": 262000000,
        "incomeBeforeTax": 1370000000,
        "incomeBeforeTaxRatio": 0.4781849913,
        "incomeTaxExpense": 23000000,
        "netIncome": 1338000000,
        "netIncomeRatio": 0.4670157068,
        "eps": 8.92,
        "epsdiluted": 8.92,
        "weightedAverageShsOut": 150000000,
        "weightedAverageShsOutDil": 150000000,
        "link": "https://www.sec.gov/Archives/edgar/data/1111335/000095012406001280/0000950124-06-001280-index.htm",
        "finalLink": "https://www.sec.gov/Archives/edgar/data/1111335/000095012406001280/k02515e10vk.htm"
    },
    {
        "date": "2005-09-30",
        "symbol": "VC",
        "reportedCurrency": "USD",
        "cik": "0001111335",
        "fillingDate": "2005-11-22",
        "acceptedDate": "2005-11-22 17:04:13",
        "calendarYear": "2005",
        "period": "Q3",
        "revenue": 4121000000,
        "costOfRevenue": 4032000000,
        "grossProfit": 89000000,
        "grossProfitRatio": 0.0215966998,
        "researchAndDevelopmentExpenses": 0,
        "generalAndAdministrativeExpenses": 0,
        "sellingAndMarketingExpenses": 0,
        "sellingGeneralAndAdministrativeExpenses": 239000000,
        "otherExpenses": 0,
        "operatingExpenses": 239000000,
        "costAndExpenses": 4271000000,
        "interestIncome": 0,
        "interestExpense": 0,
        "depreciationAndAmortization": 117000000,
        "ebitda": -33000000,
        "ebitdaratio": -0.0080077651,
        "operatingIncome": -150000000,
        "operatingIncomeRatio": -0.0363989323,
        "totalOtherIncomeExpensesNet": -30000000,
        "incomeBeforeTax": -180000000,
        "incomeBeforeTaxRatio": -0.0436787188,
        "incomeTaxExpense": 21000000,
        "netIncome": -207000000,
        "netIncomeRatio": -0.0502305266,
        "eps": -1.64,
        "epsdiluted": -1.64,
        "weightedAverageShsOut": 126219512,
        "weightedAverageShsOutDil": 126219512,
        "link": "https://www.sec.gov/Archives/edgar/data/1111335/000095012405006591/0000950124-05-006591-index.htm",
        "finalLink": "https://www.sec.gov/Archives/edgar/data/1111335/000095012405006591/k99364e10vq.htm"
    },
    {
        "date": "2005-06-30",
        "symbol": "VC",
        "reportedCurrency": "USD",
        "cik": "0001111335",
        "fillingDate": "2005-11-22",
        "acceptedDate": "2005-11-22 16:59:32",
        "calendarYear": "2005",
        "period": "Q2",
        "revenue": 5003000000,
        "costOfRevenue": 5936000000,
        "grossProfit": -933000000,
        "grossProfitRatio": -0.1864881071,
        "researchAndDevelopmentExpenses": 0,
        "generalAndAdministrativeExpenses": 0,
        "sellingAndMarketingExpenses": 0,
        "sellingGeneralAndAdministrativeExpenses": 274000000,
        "otherExpenses": 0,
        "operatingExpenses": 274000000,
        "costAndExpenses": 6210000000,
        "interestIncome": 0,
        "interestExpense": 0,
        "depreciationAndAmortization": 180000000,
        "ebitda": -1027000000,
        "ebitdaratio": -0.2052768339,
        "operatingIncome": -1207000000,
        "operatingIncomeRatio": -0.2412552469,
        "totalOtherIncomeExpensesNet": -33000000,
        "incomeBeforeTax": -1230000000,
        "incomeBeforeTaxRatio": -0.2458524885,
        "incomeTaxExpense": -2000000,
        "netIncome": -1238000000,
        "netIncomeRatio": -0.2474515291,
        "eps": -9.85,
        "epsdiluted": -9.85,
        "weightedAverageShsOut": 125685279,
        "weightedAverageShsOutDil": 125685279,
        "link": "https://www.sec.gov/Archives/edgar/data/1111335/000095012405006590/0000950124-05-006590-index.htm",
        "finalLink": "https://www.sec.gov/Archives/edgar/data/1111335/000095012405006590/k00149e10vq.htm"
    },
    {
        "date": "2005-03-31",
        "symbol": "VC",
        "reportedCurrency": "USD",
        "cik": "0001111335",
        "fillingDate": "2005-11-22",
        "acceptedDate": "2005-11-22 16:57:30",
        "calendarYear": "2005",
        "period": "Q1",
        "revenue": 4987000000,
        "costOfRevenue": 4847000000,
        "grossProfit": 140000000,
        "grossProfitRatio": 0.0280729898,
        "researchAndDevelopmentExpenses": 0,
        "generalAndAdministrativeExpenses": 0,
        "sellingAndMarketingExpenses": 0,
        "sellingGeneralAndAdministrativeExpenses": 250000000,
        "otherExpenses": 0,
        "operatingExpenses": 250000000,
        "costAndExpenses": 5097000000,
        "interestIncome": 0,
        "interestExpense": 0,
        "depreciationAndAmortization": 176000000,
        "ebitda": 59000000,
        "ebitdaratio": 0.01183076,
        "operatingIncome": -110000000,
        "operatingIncomeRatio": -0.0220573491,
        "totalOtherIncomeExpensesNet": -31000000,
        "incomeBeforeTax": -133000000,
        "incomeBeforeTaxRatio": -0.0266693403,
        "incomeTaxExpense": 22000000,
        "netIncome": -163000000,
        "netIncomeRatio": -0.032684981,
        "eps": -1.3,
        "epsdiluted": -1.3,
        "weightedAverageShsOut": 125384615,
        "weightedAverageShsOutDil": 125384615,
        "link": "https://www.sec.gov/Archives/edgar/data/1111335/000095012405006589/0000950124-05-006589-index.htm",
        "finalLink": "https://www.sec.gov/Archives/edgar/data/1111335/000095012405006589/k00148e10vq.htm"
    },
    {
        "date": "2004-12-31",
        "symbol": "VC",
        "reportedCurrency": "USD",
        "cik": "0001111335",
        "fillingDate": "2005-03-16",
        "acceptedDate": "2005-03-16 17:17:28",
        "calendarYear": "2004",
        "period": "Q4",
        "revenue": 4661000000,
        "costOfRevenue": 4533000000,
        "grossProfit": 128000000,
        "grossProfitRatio": 0.027461918,
        "researchAndDevelopmentExpenses": 0,
        "generalAndAdministrativeExpenses": 0,
        "sellingAndMarketingExpenses": 0,
        "sellingGeneralAndAdministrativeExpenses": 272000000,
        "otherExpenses": 0,
        "operatingExpenses": 272000000,
        "costAndExpenses": 4805000000,
        "interestIncome": 23000000,
        "interestExpense": 103000000,
        "depreciationAndAmortization": 0,
        "ebitda": -144000000,
        "ebitdaratio": -0.0308946578,
        "operatingIncome": 304000000,
        "operatingIncomeRatio": 0.0652220554,
        "totalOtherIncomeExpensesNet": -40000000,
        "incomeBeforeTax": -196000000,
        "incomeBeforeTaxRatio": -0.042051062,
        "incomeTaxExpense": 32000000,
        "netIncome": -200000000,
        "netIncomeRatio": -0.0429092469,
        "eps": -1.6,
        "epsdiluted": -1.6,
        "weightedAverageShsOut": 125335473,
        "weightedAverageShsOutDil": 125384615,
        "link": "https://www.sec.gov/Archives/edgar/data/1111335/000095012405001608/0000950124-05-001608-index.htm",
        "finalLink": "https://www.sec.gov/Archives/edgar/data/1111335/000095012405001608/k91895e10vk.htm"
    },
    {
        "date": "2004-09-30",
        "symbol": "VC",
        "reportedCurrency": "USD",
        "cik": "0001111335",
        "fillingDate": "2004-11-04",
        "acceptedDate": "2004-11-04 12:00:53",
        "calendarYear": "2004",
        "period": "Q3",
        "revenue": 4154000000,
        "costOfRevenue": 4366000000,
        "grossProfit": -212000000,
        "grossProfitRatio": -0.0510351468,
        "researchAndDevelopmentExpenses": 0,
        "generalAndAdministrativeExpenses": 0,
        "sellingAndMarketingExpenses": 0,
        "sellingGeneralAndAdministrativeExpenses": 223000000,
        "otherExpenses": 0,
        "operatingExpenses": 223000000,
        "costAndExpenses": 4589000000,
        "interestIncome": 0,
        "interestExpense": 0,
        "depreciationAndAmortization": 0,
        "ebitda": -276000000,
        "ebitdaratio": -0.0664419836,
        "operatingIncome": -435000000,
        "operatingIncomeRatio": -0.1047183438,
        "totalOtherIncomeExpensesNet": 1339000000,
        "incomeBeforeTax": -449000000,
        "incomeBeforeTaxRatio": -0.1080885893,
        "incomeTaxExpense": 904000000,
        "netIncome": -1360000000,
        "netIncomeRatio": -0.3273952817,
        "eps": -10.85,
        "epsdiluted": -10.7,
        "weightedAverageShsOut": 125348432,
        "weightedAverageShsOutDil": 127083333,
        "link": "https://www.sec.gov/Archives/edgar/data/1111335/000095012404005305/0000950124-04-005305-index.htm",
        "finalLink": "https://www.sec.gov/Archives/edgar/data/1111335/000095012404005305/k88716e10vq.htm"
    },
    {
        "date": "2004-06-30",
        "symbol": "VC",
        "reportedCurrency": "USD",
        "cik": "0001111335",
        "fillingDate": "2004-07-30",
        "acceptedDate": "2004-07-30 12:53:26",
        "calendarYear": "2004",
        "period": "Q2",
        "revenue": 4870000000,
        "costOfRevenue": 4567000000,
        "grossProfit": 303000000,
        "grossProfitRatio": 0.0622176591,
        "researchAndDevelopmentExpenses": 0,
        "generalAndAdministrativeExpenses": 0,
        "sellingAndMarketingExpenses": 0,
        "sellingGeneralAndAdministrativeExpenses": 236000000,
        "otherExpenses": 0,
        "operatingExpenses": 236000000,
        "costAndExpenses": 4803000000,
        "interestIncome": 0,
        "interestExpense": 0,
        "depreciationAndAmortization": 11000000,
        "ebitda": 219000000,
        "ebitdaratio": 0.0449691992,
        "operatingIncome": 67000000,
        "operatingIncomeRatio": 0.0137577002,
        "totalOtherIncomeExpensesNet": -24000000,
        "incomeBeforeTax": 55000000,
        "incomeBeforeTaxRatio": 0.0112936345,
        "incomeTaxExpense": 12000000,
        "netIncome": 31000000,
        "netIncomeRatio": 0.0063655031,
        "eps": 0.16,
        "epsdiluted": 0.16,
        "weightedAverageShsOut": 125000000,
        "weightedAverageShsOutDil": 125000000,
        "link": "https://www.sec.gov/Archives/edgar/data/1111335/000095012404003498/0000950124-04-003498-index.htm",
        "finalLink": "https://www.sec.gov/Archives/edgar/data/1111335/000095012404003498/k86674e10vq.htm"
    },
    {
        "date": "2004-03-31",
        "symbol": "VC",
        "reportedCurrency": "USD",
        "cik": "0001111335",
        "fillingDate": "2004-05-03",
        "acceptedDate": "2004-05-03 14:54:10",
        "calendarYear": "2004",
        "period": "Q1",
        "revenue": 4972000000,
        "costOfRevenue": 4645000000,
        "grossProfit": 327000000,
        "grossProfitRatio": 0.0657683025,
        "researchAndDevelopmentExpenses": 0,
        "generalAndAdministrativeExpenses": 0,
        "sellingAndMarketingExpenses": 0,
        "sellingGeneralAndAdministrativeExpenses": 263000000,
        "otherExpenses": 0,
        "operatingExpenses": 263000000,
        "costAndExpenses": 4908000000,
        "interestIncome": 0,
        "interestExpense": 0,
        "depreciationAndAmortization": 0,
        "ebitda": 64000000,
        "ebitdaratio": 0.0128720837,
        "operatingIncome": 64000000,
        "operatingIncomeRatio": 0.0128720837,
        "totalOtherIncomeExpensesNet": -8000000,
        "incomeBeforeTax": 56000000,
        "incomeBeforeTaxRatio": 0.0112630732,
        "incomeTaxExpense": 17000000,
        "netIncome": 30000000,
        "netIncomeRatio": 0.0060337892,
        "eps": 0.17,
        "epsdiluted": 0.16,
        "weightedAverageShsOut": 123529412,
        "weightedAverageShsOutDil": 131250000,
        "link": "https://www.sec.gov/Archives/edgar/data/1111335/000095012404001996/0000950124-04-001996-index.htm",
        "finalLink": "https://www.sec.gov/Archives/edgar/data/1111335/000095012404001996/k84913e10vq.htm"
    },
    {
        "date": "2003-12-31",
        "symbol": "VC",
        "reportedCurrency": "USD",
        "cik": "0001111335",
        "fillingDate": "2004-02-13",
        "acceptedDate": "2004-02-13 14:39:18",
        "calendarYear": "2003",
        "period": "Q4",
        "revenue": 4459000000,
        "costOfRevenue": 4805000000,
        "grossProfit": -346000000,
        "grossProfitRatio": -0.0775958735,
        "researchAndDevelopmentExpenses": 0,
        "generalAndAdministrativeExpenses": 0,
        "sellingAndMarketingExpenses": 0,
        "sellingGeneralAndAdministrativeExpenses": 259000000,
        "otherExpenses": 0,
        "operatingExpenses": 259000000,
        "costAndExpenses": 5064000000,
        "interestIncome": 0,
        "interestExpense": 0,
        "depreciationAndAmortization": 0,
        "ebitda": -605000000,
        "ebitdaratio": -0.1356806459,
        "operatingIncome": 523000000,
        "operatingIncomeRatio": 0.1172908724,
        "totalOtherIncomeExpensesNet": 50000000,
        "incomeBeforeTax": -640000000,
        "incomeBeforeTaxRatio": -0.1435299394,
        "incomeTaxExpense": 243000000,
        "netIncome": -863000000,
        "netIncomeRatio": -0.1935411527,
        "eps": -6.9,
        "epsdiluted": -6.62,
        "weightedAverageShsOut": 125000000,
        "weightedAverageShsOutDil": 130434783,
        "link": "https://www.sec.gov/Archives/edgar/data/1111335/000095012404000444/0000950124-04-000444-index.htm",
        "finalLink": "https://www.sec.gov/Archives/edgar/data/1111335/000095012404000444/k82535e10vk.htm"
    },
    {
        "date": "2003-09-30",
        "symbol": "VC",
        "reportedCurrency": "USD",
        "cik": "0001111335",
        "fillingDate": "2003-10-28",
        "acceptedDate": "2003-10-28 14:46:31",
        "calendarYear": "2003",
        "period": "Q3",
        "revenue": 3884000000,
        "costOfRevenue": 3879000000,
        "grossProfit": 5000000,
        "grossProfitRatio": 0.0012873326,
        "researchAndDevelopmentExpenses": 0,
        "generalAndAdministrativeExpenses": 0,
        "sellingAndMarketingExpenses": 0,
        "sellingGeneralAndAdministrativeExpenses": 262000000,
        "otherExpenses": 0,
        "operatingExpenses": 262000000,
        "costAndExpenses": 4141000000,
        "interestIncome": 0,
        "interestExpense": 0,
        "depreciationAndAmortization": 0,
        "ebitda": -257000000,
        "ebitdaratio": -0.066168898,
        "operatingIncome": -257000000,
        "operatingIncomeRatio": -0.066168898,
        "totalOtherIncomeExpensesNet": -10000000,
        "incomeBeforeTax": -264000000,
        "incomeBeforeTaxRatio": -0.0679711637,
        "incomeTaxExpense": -99000000,
        "netIncome": -168000000,
        "netIncomeRatio": -0.0432543769,
        "eps": -1.34,
        "epsdiluted": -1.34,
        "weightedAverageShsOut": 125373134,
        "weightedAverageShsOutDil": 125373134,
        "link": "https://www.sec.gov/Archives/edgar/data/1111335/000095012403003351/0000950124-03-003351-index.htm",
        "finalLink": "https://www.sec.gov/Archives/edgar/data/1111335/000095012403003351/k80327e10vq.htm"
    },
    {
        "date": "2003-06-30",
        "symbol": "VC",
        "reportedCurrency": "USD",
        "cik": "0001111335",
        "fillingDate": "2003-07-29",
        "acceptedDate": "2003-07-29 15:24:37",
        "calendarYear": "2003",
        "period": "Q2",
        "revenue": 4613000000,
        "costOfRevenue": 4625000000,
        "grossProfit": -12000000,
        "grossProfitRatio": -0.002601344,
        "researchAndDevelopmentExpenses": 0,
        "generalAndAdministrativeExpenses": 0,
        "sellingAndMarketingExpenses": 0,
        "sellingGeneralAndAdministrativeExpenses": 239000000,
        "otherExpenses": 0,
        "operatingExpenses": 239000000,
        "costAndExpenses": 4864000000,
        "interestIncome": 0,
        "interestExpense": 0,
        "depreciationAndAmortization": 0,
        "ebitda": -251000000,
        "ebitdaratio": -0.0544114459,
        "operatingIncome": -251000000,
        "operatingIncomeRatio": -0.0544114459,
        "totalOtherIncomeExpensesNet": -14000000,
        "incomeBeforeTax": -256000000,
        "incomeBeforeTaxRatio": -0.0554953393,
        "incomeTaxExpense": -98000000,
        "netIncome": -167000000,
        "netIncomeRatio": -0.0362020377,
        "eps": -1.33,
        "epsdiluted": -1.33,
        "weightedAverageShsOut": 125563910,
        "weightedAverageShsOutDil": 125563910,
        "link": "https://www.sec.gov/Archives/edgar/data/1111335/000095012403002472/0000950124-03-002472-index.htm",
        "finalLink": "https://www.sec.gov/Archives/edgar/data/1111335/000095012403002472/k78450e10vq.htm"
    },
    {
        "date": "2003-03-31",
        "symbol": "VC",
        "reportedCurrency": "USD",
        "cik": "0001111335",
        "fillingDate": "2003-05-07",
        "acceptedDate": "2003-05-07 15:50:28",
        "calendarYear": "2003",
        "period": "Q1",
        "revenue": 4704000000,
        "costOfRevenue": 4477000000,
        "grossProfit": 227000000,
        "grossProfitRatio": 0.0482568027,
        "researchAndDevelopmentExpenses": 0,
        "generalAndAdministrativeExpenses": 0,
        "sellingAndMarketingExpenses": 0,
        "sellingGeneralAndAdministrativeExpenses": 242000000,
        "otherExpenses": 0,
        "operatingExpenses": 242000000,
        "costAndExpenses": 4719000000,
        "interestIncome": 0,
        "interestExpense": 0,
        "depreciationAndAmortization": 0,
        "ebitda": -15000000,
        "ebitdaratio": -0.0031887755,
        "operatingIncome": -15000000,
        "operatingIncomeRatio": -0.0031887755,
        "totalOtherIncomeExpensesNet": -4000000,
        "incomeBeforeTax": -19000000,
        "incomeBeforeTaxRatio": -0.0040391156,
        "incomeTaxExpense": -12000000,
        "netIncome": -15000000,
        "netIncomeRatio": -0.0031887755,
        "eps": -0.12,
        "epsdiluted": -0.12,
        "weightedAverageShsOut": 125000000,
        "weightedAverageShsOutDil": 125000000,
        "link": "https://www.sec.gov/Archives/edgar/data/1111335/000095012403001554/0000950124-03-001554-index.htm",
        "finalLink": "https://www.sec.gov/Archives/edgar/data/1111335/000095012403001554/k76748e10vq.htm"
    },
    {
        "date": "2002-12-31",
        "symbol": "VC",
        "reportedCurrency": "USD",
        "cik": "0001111335",
        "fillingDate": "2003-02-14",
        "acceptedDate": "2003-02-14 15:42:55",
        "calendarYear": "2002",
        "period": "Q4",
        "revenue": 4543000000,
        "costOfRevenue": 4324000000,
        "grossProfit": 219000000,
        "grossProfitRatio": 0.0482060313,
        "researchAndDevelopmentExpenses": 0,
        "generalAndAdministrativeExpenses": 625000000,
        "sellingAndMarketingExpenses": -362000000,
        "sellingGeneralAndAdministrativeExpenses": 263000000,
        "otherExpenses": 0,
        "operatingExpenses": 263000000,
        "costAndExpenses": 4587000000,
        "interestIncome": 0,
        "interestExpense": 0,
        "depreciationAndAmortization": -498000000,
        "ebitda": -44000000,
        "ebitdaratio": -0.00968523,
        "operatingIncome": -44000000,
        "operatingIncomeRatio": -0.00968523,
        "totalOtherIncomeExpensesNet": -298000000,
        "incomeBeforeTax": -49000000,
        "incomeBeforeTaxRatio": -0.0107858243,
        "incomeTaxExpense": -23000000,
        "netIncome": -34000000,
        "netIncomeRatio": -0.0074840414,
        "eps": -0.27,
        "epsdiluted": -0.27,
        "weightedAverageShsOut": 125000000,
        "weightedAverageShsOutDil": 125000000,
        "link": "https://www.sec.gov/Archives/edgar/data/1111335/000095012403000355/0000950124-03-000355-index.htm",
        "finalLink": "https://www.sec.gov/Archives/edgar/data/1111335/000095012403000355/k74415e10vk.htm"
    },
    {
        "date": "2002-09-30",
        "symbol": "VC",
        "reportedCurrency": "USD",
        "cik": "0001111335",
        "fillingDate": "2002-11-13",
        "acceptedDate": "2002-11-12 17:38:02",
        "calendarYear": "2002",
        "period": "Q3",
        "revenue": 4344000000,
        "costOfRevenue": 4212000000,
        "grossProfit": 132000000,
        "grossProfitRatio": 0.0303867403,
        "researchAndDevelopmentExpenses": 0,
        "generalAndAdministrativeExpenses": 207000000,
        "sellingAndMarketingExpenses": 0,
        "sellingGeneralAndAdministrativeExpenses": 207000000,
        "otherExpenses": 0,
        "operatingExpenses": 207000000,
        "costAndExpenses": 4419000000,
        "interestIncome": 0,
        "interestExpense": 0,
        "depreciationAndAmortization": 0,
        "ebitda": -75000000,
        "ebitdaratio": -0.0172651934,
        "operatingIncome": -75000000,
        "operatingIncomeRatio": -0.0172651934,
        "totalOtherIncomeExpensesNet": -3000000,
        "incomeBeforeTax": -78000000,
        "incomeBeforeTaxRatio": -0.0179558011,
        "incomeTaxExpense": -33000000,
        "netIncome": -52000000,
        "netIncomeRatio": -0.0119705341,
        "eps": -0.4,
        "epsdiluted": -0.4,
        "weightedAverageShsOut": 130000000,
        "weightedAverageShsOutDil": 130000000,
        "link": "https://www.sec.gov/Archives/edgar/data/1111335/000095012402003451/0000950124-02-003451-index.htm",
        "finalLink": "https://www.sec.gov/Archives/edgar/data/1111335/000095012402003451/k72444e10vq.htm"
    },
    {
        "date": "2002-06-30",
        "symbol": "VC",
        "reportedCurrency": "USD",
        "cik": "0001111335",
        "fillingDate": "2002-08-13",
        "acceptedDate": "2002-08-13 14:32:53",
        "calendarYear": "2002",
        "period": "Q2",
        "revenue": 5039000000,
        "costOfRevenue": 4696000000,
        "grossProfit": 343000000,
        "grossProfitRatio": 0.0680690613,
        "researchAndDevelopmentExpenses": 0,
        "generalAndAdministrativeExpenses": 216000000,
        "sellingAndMarketingExpenses": 0,
        "sellingGeneralAndAdministrativeExpenses": 216000000,
        "otherExpenses": 0,
        "operatingExpenses": 216000000,
        "costAndExpenses": 4912000000,
        "interestIncome": 0,
        "interestExpense": 0,
        "depreciationAndAmortization": 0,
        "ebitda": 127000000,
        "ebitdaratio": 0.0252034134,
        "operatingIncome": 127000000,
        "operatingIncomeRatio": 0.0252034134,
        "totalOtherIncomeExpensesNet": -10000000,
        "incomeBeforeTax": 117000000,
        "incomeBeforeTaxRatio": 0.0232188926,
        "incomeTaxExpense": 38000000,
        "netIncome": 72000000,
        "netIncomeRatio": 0.0142885493,
        "eps": 0.56,
        "epsdiluted": 0.56,
        "weightedAverageShsOut": 131000000,
        "weightedAverageShsOutDil": 131000000,
        "link": "https://www.sec.gov/Archives/edgar/data/1111335/000095012402002664/0000950124-02-002664-index.htm",
        "finalLink": "https://www.sec.gov/Archives/edgar/data/1111335/000095012402002664/k71007e10vq.htm"
    },
    {
        "date": "2002-03-31",
        "symbol": "VC",
        "reportedCurrency": "USD",
        "cik": "0001111335",
        "fillingDate": "2002-05-01",
        "acceptedDate": "2002-05-01 15:24:55",
        "calendarYear": "2002",
        "period": "Q1",
        "revenue": 4469000000,
        "costOfRevenue": 4356000000,
        "grossProfit": 113000000,
        "grossProfitRatio": 0.0252852987,
        "researchAndDevelopmentExpenses": 0,
        "generalAndAdministrativeExpenses": 202000000,
        "sellingAndMarketingExpenses": 0,
        "sellingGeneralAndAdministrativeExpenses": 202000000,
        "otherExpenses": 0,
        "operatingExpenses": 202000000,
        "costAndExpenses": 4558000000,
        "interestIncome": 0,
        "interestExpense": 131000000,
        "depreciationAndAmortization": 498000000,
        "ebitda": 519000000,
        "ebitdaratio": 0.1161333632,
        "operatingIncome": -89000000,
        "operatingIncomeRatio": -0.0199149698,
        "totalOtherIncomeExpensesNet": -18000000,
        "incomeBeforeTax": -107000000,
        "incomeBeforeTaxRatio": -0.0239427165,
        "incomeTaxExpense": -40000000,
        "netIncome": -338000000,
        "netIncomeRatio": -0.0756321325,
        "eps": -2.58,
        "epsdiluted": -2.58,
        "weightedAverageShsOut": 131000000,
        "weightedAverageShsOutDil": 131000000,
        "link": "https://www.sec.gov/Archives/edgar/data/1111335/000095012402001515/0000950124-02-001515-index.htm",
        "finalLink": "https://www.sec.gov/Archives/edgar/data/1111335/000095012402001515/k69232e10-q.htm"
    },
    {
        "date": "2001-12-31",
        "symbol": "VC",
        "reportedCurrency": "USD",
        "cik": "0001111335",
        "fillingDate": "2002-03-29",
        "acceptedDate": "2002-03-29 00:00:00",
        "calendarYear": "2001",
        "period": "Q4",
        "revenue": 4493000000,
        "costOfRevenue": 4319000000,
        "grossProfit": 174000000,
        "grossProfitRatio": 0.0387269085,
        "researchAndDevelopmentExpenses": 0,
        "generalAndAdministrativeExpenses": 187000000,
        "sellingAndMarketingExpenses": 0,
        "sellingGeneralAndAdministrativeExpenses": 187000000,
        "otherExpenses": -1000000,
        "operatingExpenses": 186000000,
        "costAndExpenses": 4505000000,
        "interestIncome": 0,
        "interestExpense": 131000000,
        "depreciationAndAmortization": 328000000,
        "ebitda": 316000000,
        "ebitdaratio": 0.070331627,
        "operatingIncome": -12000000,
        "operatingIncomeRatio": -0.0026708213,
        "totalOtherIncomeExpensesNet": 2000000,
        "incomeBeforeTax": -21000000,
        "incomeBeforeTaxRatio": -0.0046739372,
        "incomeTaxExpense": -11000000,
        "netIncome": -14000000,
        "netIncomeRatio": -0.0031159582,
        "eps": -0.11,
        "epsdiluted": -0.11,
        "weightedAverageShsOut": 131000000,
        "weightedAverageShsOutDil": 131000000,
        "link": "https://www.sec.gov/Archives/edgar/data/1111335/000095012402001109/0000950124-02-001109-index.htm",
        "finalLink": "https://www.sec.gov/Archives/edgar/data/1111335/000095012402001109/k66225e10-k405.htm"
    },
    {
        "date": "2001-09-30",
        "symbol": "VC",
        "reportedCurrency": "USD",
        "cik": "0001111335",
        "fillingDate": "2001-11-14",
        "acceptedDate": "2001-11-14 00:00:00",
        "calendarYear": "2001",
        "period": "Q3",
        "revenue": 3722000000,
        "costOfRevenue": 3677000000,
        "grossProfit": 45000000,
        "grossProfitRatio": 0.012090274,
        "researchAndDevelopmentExpenses": 0,
        "generalAndAdministrativeExpenses": 176000000,
        "sellingAndMarketingExpenses": 0,
        "sellingGeneralAndAdministrativeExpenses": 176000000,
        "otherExpenses": 0,
        "operatingExpenses": 176000000,
        "costAndExpenses": 3853000000,
        "interestIncome": 0,
        "interestExpense": 0,
        "depreciationAndAmortization": 0,
        "ebitda": -131000000,
        "ebitdaratio": -0.0351961311,
        "operatingIncome": -131000000,
        "operatingIncomeRatio": -0.0351961311,
        "totalOtherIncomeExpensesNet": -4000000,
        "incomeBeforeTax": -146000000,
        "incomeBeforeTaxRatio": -0.0392262225,
        "incomeTaxExpense": -57000000,
        "netIncome": -95000000,
        "netIncomeRatio": -0.0255239119,
        "eps": -0.73,
        "epsdiluted": -0.73,
        "weightedAverageShsOut": 130000000,
        "weightedAverageShsOutDil": 130000000,
        "link": "https://www.sec.gov/Archives/edgar/data/1111335/000095012401504076/0000950124-01-504076-index.htm",
        "finalLink": "https://www.sec.gov/Archives/edgar/data/1111335/000095012401504076/k65579e10-q.htm"
    },
    {
        "date": "2001-06-30",
        "symbol": "VC",
        "reportedCurrency": "USD",
        "cik": "0001111335",
        "fillingDate": "2001-07-26",
        "acceptedDate": "2001-07-26 00:00:00",
        "calendarYear": "2001",
        "period": "Q2",
        "revenue": 4905000000,
        "costOfRevenue": 4686000000,
        "grossProfit": 219000000,
        "grossProfitRatio": 0.044648318,
        "researchAndDevelopmentExpenses": 0,
        "generalAndAdministrativeExpenses": 261000000,
        "sellingAndMarketingExpenses": 0,
        "sellingGeneralAndAdministrativeExpenses": 261000000,
        "otherExpenses": 0,
        "operatingExpenses": 261000000,
        "costAndExpenses": 4947000000,
        "interestIncome": 0,
        "interestExpense": 0,
        "depreciationAndAmortization": 168000000,
        "ebitda": 126000000,
        "ebitdaratio": 0.0256880734,
        "operatingIncome": -42000000,
        "operatingIncomeRatio": -0.0085626911,
        "totalOtherIncomeExpensesNet": -21000000,
        "incomeBeforeTax": -63000000,
        "incomeBeforeTaxRatio": -0.0128440367,
        "incomeTaxExpense": -23000000,
        "netIncome": -40000000,
        "netIncomeRatio": -0.0081549439,
        "eps": -0.31,
        "epsdiluted": -0.31,
        "weightedAverageShsOut": 131000000,
        "weightedAverageShsOutDil": 131000000,
        "link": "https://www.sec.gov/Archives/edgar/data/1111335/000095012401502427/0000950124-01-502427-index.htm",
        "finalLink": "https://www.sec.gov/Archives/edgar/data/1111335/000095012401502427/k63963e10-q.htm"
    },
    {
        "date": "2001-03-31",
        "symbol": "VC",
        "reportedCurrency": "USD",
        "cik": "0001111335",
        "fillingDate": "2001-05-03",
        "acceptedDate": "2001-05-03 00:00:00",
        "calendarYear": "2001",
        "period": "Q1",
        "revenue": 4723000000,
        "costOfRevenue": 4466000000,
        "grossProfit": 257000000,
        "grossProfitRatio": 0.054414567,
        "researchAndDevelopmentExpenses": 0,
        "generalAndAdministrativeExpenses": 189000000,
        "sellingAndMarketingExpenses": 0,
        "sellingGeneralAndAdministrativeExpenses": 189000000,
        "otherExpenses": 0,
        "operatingExpenses": 189000000,
        "costAndExpenses": 4655000000,
        "interestIncome": 0,
        "interestExpense": 0,
        "depreciationAndAmortization": 170000000,
        "ebitda": 238000000,
        "ebitdaratio": 0.0503917002,
        "operatingIncome": 68000000,
        "operatingIncomeRatio": 0.0143976286,
        "totalOtherIncomeExpensesNet": -18000000,
        "incomeBeforeTax": 50000000,
        "incomeBeforeTaxRatio": 0.0105864916,
        "incomeTaxExpense": 19000000,
        "netIncome": 31000000,
        "netIncomeRatio": 0.0065636248,
        "eps": 0.24,
        "epsdiluted": 0.24,
        "weightedAverageShsOut": 131000000,
        "weightedAverageShsOutDil": 131000000,
        "link": "https://www.sec.gov/Archives/edgar/data/1111335/000095012401500739/0000950124-01-500739-index.htm",
        "finalLink": "https://www.sec.gov/Archives/edgar/data/1111335/000095012401500739/k62027e10-q.htm"
    },
    {
        "date": "2000-12-31",
        "symbol": "VC",
        "reportedCurrency": "USD",
        "cik": "0001111335",
        "fillingDate": "2001-02-27",
        "acceptedDate": "2001-02-27 00:00:00",
        "calendarYear": "2000",
        "period": "Q4",
        "revenue": 4529000000,
        "costOfRevenue": 4090000000,
        "grossProfit": 439000000,
        "grossProfitRatio": 0.0969308898,
        "researchAndDevelopmentExpenses": 0,
        "generalAndAdministrativeExpenses": 229000000,
        "sellingAndMarketingExpenses": 0,
        "sellingGeneralAndAdministrativeExpenses": 229000000,
        "otherExpenses": 163000000,
        "operatingExpenses": 392000000,
        "costAndExpenses": 4482000000,
        "interestIncome": 0,
        "interestExpense": 0,
        "depreciationAndAmortization": 163000000,
        "ebitda": 210000000,
        "ebitdaratio": 0.0463678516,
        "operatingIncome": 47000000,
        "operatingIncomeRatio": 0.0103775668,
        "totalOtherIncomeExpensesNet": -200000000,
        "incomeBeforeTax": -153000000,
        "incomeBeforeTaxRatio": -0.0337822919,
        "incomeTaxExpense": -66000000,
        "netIncome": -87000000,
        "netIncomeRatio": -0.0192095385,
        "eps": -0.67,
        "epsdiluted": -0.66,
        "weightedAverageShsOut": 130000000,
        "weightedAverageShsOutDil": 131000000,
        "link": "https://www.sec.gov/Archives/edgar/data/1111335/000095012401001074/0000950124-01-001074-index.htm",
        "finalLink": "https://www.sec.gov/Archives/edgar/data/1111335/000095012401001074/k60196e10-k405.htm"
    },
    {
        "date": "2000-09-30",
        "symbol": "VC",
        "reportedCurrency": "USD",
        "cik": "0001111335",
        "fillingDate": "2000-11-08",
        "acceptedDate": "2000-11-08 00:00:00",
        "calendarYear": "2000",
        "period": "Q3",
        "revenue": 4404000000,
        "costOfRevenue": 3957000000,
        "grossProfit": 447000000,
        "grossProfitRatio": 0.1014986376,
        "researchAndDevelopmentExpenses": 0,
        "generalAndAdministrativeExpenses": 183000000,
        "sellingAndMarketingExpenses": 0,
        "sellingGeneralAndAdministrativeExpenses": 183000000,
        "otherExpenses": 171000000,
        "operatingExpenses": 354000000,
        "costAndExpenses": 4311000000,
        "interestIncome": 0,
        "interestExpense": 0,
        "depreciationAndAmortization": 171000000,
        "ebitda": 264000000,
        "ebitdaratio": 0.0599455041,
        "operatingIncome": 93000000,
        "operatingIncomeRatio": 0.0211171662,
        "totalOtherIncomeExpensesNet": -18000000,
        "incomeBeforeTax": 75000000,
        "incomeBeforeTaxRatio": 0.0170299728,
        "incomeTaxExpense": 27000000,
        "netIncome": 48000000,
        "netIncomeRatio": 0.0108991826,
        "eps": 0.37,
        "epsdiluted": 0.37,
        "weightedAverageShsOut": 131000000,
        "weightedAverageShsOutDil": 131000000,
        "link": "https://www.sec.gov/Archives/edgar/data/1111335/000095012400006507/0000950124-00-006507-index.htm",
        "finalLink": "https://www.sec.gov/Archives/edgar/data/1111335/000095012400006507/k57967e10-q.htm"
    },
    {
        "date": "2000-06-30",
        "symbol": "VC",
        "reportedCurrency": "USD",
        "cik": "0001111335",
        "fillingDate": "2000-07-24",
        "acceptedDate": "2000-07-24 00:00:00",
        "calendarYear": "2000",
        "period": "Q2",
        "revenue": 5309000000,
        "costOfRevenue": 4673000000,
        "grossProfit": 636000000,
        "grossProfitRatio": 0.1197965719,
        "researchAndDevelopmentExpenses": 0,
        "generalAndAdministrativeExpenses": 192000000,
        "sellingAndMarketingExpenses": 0,
        "sellingGeneralAndAdministrativeExpenses": 192000000,
        "otherExpenses": 176000000,
        "operatingExpenses": 368000000,
        "costAndExpenses": 5041000000,
        "interestIncome": 0,
        "interestExpense": 0,
        "depreciationAndAmortization": 176000000,
        "ebitda": 444000000,
        "ebitdaratio": 0.083631569,
        "operatingIncome": 268000000,
        "operatingIncomeRatio": 0.0504803164,
        "totalOtherIncomeExpensesNet": -10000000,
        "incomeBeforeTax": 258000000,
        "incomeBeforeTaxRatio": 0.0485967225,
        "incomeTaxExpense": 96000000,
        "netIncome": 162000000,
        "netIncomeRatio": 0.0305142211,
        "eps": 1.25,
        "epsdiluted": 1.25,
        "weightedAverageShsOut": 130000000,
        "weightedAverageShsOutDil": 130000000,
        "link": "https://www.sec.gov/Archives/edgar/data/1111335/000095012400004347/0000950124-00-004347-index.htm",
        "finalLink": "https://www.sec.gov/Archives/edgar/data/1111335/000095012400004347/e10-q.htm"
    },
    {
        "date": "2000-03-31",
        "symbol": "VC",
        "reportedCurrency": "USD",
        "cik": "0001111335",
        "fillingDate": "2000-03-31",
        "acceptedDate": "2000-03-30 19:00:00",
        "calendarYear": "2000",
        "period": "Q1",
        "revenue": 5225000000,
        "costOfRevenue": 4629000000,
        "grossProfit": 596000000,
        "grossProfitRatio": 0.1140669856,
        "researchAndDevelopmentExpenses": 0,
        "generalAndAdministrativeExpenses": 177000000,
        "sellingAndMarketingExpenses": 0,
        "sellingGeneralAndAdministrativeExpenses": 177000000,
        "otherExpenses": 166000000,
        "operatingExpenses": 343000000,
        "costAndExpenses": 4972000000,
        "interestIncome": 0,
        "interestExpense": 0,
        "depreciationAndAmortization": 166000000,
        "ebitda": 419000000,
        "ebitdaratio": 0.0801913876,
        "operatingIncome": 253000000,
        "operatingIncomeRatio": 0.0484210526,
        "totalOtherIncomeExpensesNet": -20000000,
        "incomeBeforeTax": 233000000,
        "incomeBeforeTaxRatio": 0.0445933014,
        "incomeTaxExpense": 86000000,
        "netIncome": 147000000,
        "netIncomeRatio": 0.0281339713,
        "eps": 1.13,
        "epsdiluted": 1.13,
        "weightedAverageShsOut": 130000000,
        "weightedAverageShsOutDil": 130000000,
        "link": "",
        "finalLink": ""
    },
    {
        "date": "1999-12-31",
        "symbol": "VC",
        "reportedCurrency": "USD",
        "cik": "0001111335",
        "fillingDate": "1999-12-31",
        "acceptedDate": "1999-12-30 19:00:00",
        "calendarYear": "1999",
        "period": "Q4",
        "revenue": 4931000000,
        "costOfRevenue": 4586000000,
        "grossProfit": 345000000,
        "grossProfitRatio": 0.0699655242,
        "researchAndDevelopmentExpenses": 0,
        "generalAndAdministrativeExpenses": 195000000,
        "sellingAndMarketingExpenses": 0,
        "sellingGeneralAndAdministrativeExpenses": 195000000,
        "otherExpenses": 0,
        "operatingExpenses": 195000000,
        "costAndExpenses": 4781000000,
        "interestIncome": 0,
        "interestExpense": 0,
        "depreciationAndAmortization": -5000000,
        "ebitda": 145000000,
        "ebitdaratio": 0.0294058,
        "operatingIncome": 150000000,
        "operatingIncomeRatio": 0.0304197931,
        "totalOtherIncomeExpensesNet": -15000000,
        "incomeBeforeTax": 150000000,
        "incomeBeforeTaxRatio": 0.0304197931,
        "incomeTaxExpense": 50000000,
        "netIncome": 95000000,
        "netIncomeRatio": 0.019265869,
        "eps": 0.73,
        "epsdiluted": 0.73,
        "weightedAverageShsOut": 130000000,
        "weightedAverageShsOutDil": 130000000,
        "link": "",
        "finalLink": ""
    },
    {
        "date": "1999-09-30",
        "symbol": "VC",
        "reportedCurrency": "USD",
        "cik": "0001111335",
        "fillingDate": "1999-09-30",
        "acceptedDate": "1999-09-29 20:00:00",
        "calendarYear": "1999",
        "period": "Q3",
        "revenue": 4600000000,
        "costOfRevenue": 4146000000,
        "grossProfit": 454000000,
        "grossProfitRatio": 0.0986956522,
        "researchAndDevelopmentExpenses": 0,
        "generalAndAdministrativeExpenses": 174000000,
        "sellingAndMarketingExpenses": 0,
        "sellingGeneralAndAdministrativeExpenses": 174000000,
        "otherExpenses": 0,
        "operatingExpenses": 174000000,
        "costAndExpenses": 4320000000,
        "interestIncome": 0,
        "interestExpense": -20000000,
        "depreciationAndAmortization": -49000000,
        "ebitda": 931000000,
        "ebitdaratio": 0.2023913043,
        "operatingIncome": 280000000,
        "operatingIncomeRatio": 0.0608695652,
        "totalOtherIncomeExpensesNet": -20000000,
        "incomeBeforeTax": 260000000,
        "incomeBeforeTaxRatio": 0.0565217391,
        "incomeTaxExpense": 96000000,
        "netIncome": 155000000,
        "netIncomeRatio": 0.0336956522,
        "eps": 1.19,
        "epsdiluted": 1.19,
        "weightedAverageShsOut": 130000000,
        "weightedAverageShsOutDil": 130000000,
        "link": "",
        "finalLink": ""
    },
    {
        "date": "1999-06-30",
        "symbol": "VC",
        "reportedCurrency": "USD",
        "cik": "0001111335",
        "fillingDate": "1999-06-30",
        "acceptedDate": "1999-06-29 20:00:00",
        "calendarYear": "1999",
        "period": "Q2",
        "revenue": 5063000000,
        "costOfRevenue": 4430000000,
        "grossProfit": 633000000,
        "grossProfitRatio": 0.1250246889,
        "researchAndDevelopmentExpenses": 0,
        "generalAndAdministrativeExpenses": 172000000,
        "sellingAndMarketingExpenses": 0,
        "sellingGeneralAndAdministrativeExpenses": 172000000,
        "otherExpenses": 0,
        "operatingExpenses": 172000000,
        "costAndExpenses": 4602000000,
        "interestIncome": 0,
        "interestExpense": -12000000,
        "depreciationAndAmortization": -29000000,
        "ebitda": 1132000000,
        "ebitdaratio": 0.223582856,
        "operatingIncome": 461000000,
        "operatingIncomeRatio": 0.0910527355,
        "totalOtherIncomeExpensesNet": -12000000,
        "incomeBeforeTax": 449000000,
        "incomeBeforeTaxRatio": 0.0886825992,
        "incomeTaxExpense": 164000000,
        "netIncome": 280000000,
        "netIncomeRatio": 0.0553031799,
        "eps": 2.15,
        "epsdiluted": 2.15,
        "weightedAverageShsOut": 130000000,
        "weightedAverageShsOutDil": 130000000,
        "link": "",
        "finalLink": ""
    },
    {
        "date": "1999-03-31",
        "symbol": "VC",
        "reportedCurrency": "USD",
        "cik": "0001111335",
        "fillingDate": "1999-03-31",
        "acceptedDate": "1999-03-30 19:00:00",
        "calendarYear": "1999",
        "period": "Q1",
        "revenue": 4772000000,
        "costOfRevenue": 4341000000,
        "grossProfit": 431000000,
        "grossProfitRatio": 0.0903185247,
        "researchAndDevelopmentExpenses": 0,
        "generalAndAdministrativeExpenses": 133000000,
        "sellingAndMarketingExpenses": 0,
        "sellingGeneralAndAdministrativeExpenses": 133000000,
        "otherExpenses": 0,
        "operatingExpenses": 133000000,
        "costAndExpenses": 4474000000,
        "interestIncome": 0,
        "interestExpense": 15000000,
        "depreciationAndAmortization": 34000000,
        "ebitda": 1032000000,
        "ebitdaratio": 0.2162615256,
        "operatingIncome": 298000000,
        "operatingIncomeRatio": 0.0624476111,
        "totalOtherIncomeExpensesNet": 0,
        "incomeBeforeTax": 313000000,
        "incomeBeforeTaxRatio": 0.0655909472,
        "incomeTaxExpense": 112000000,
        "netIncome": 205000000,
        "netIncomeRatio": 0.0429589271,
        "eps": 1.58,
        "epsdiluted": 1.58,
        "weightedAverageShsOut": 130000000,
        "weightedAverageShsOutDil": 130000000,
        "link": "",
        "finalLink": ""
    }
]