[
    {
        "date": "2025-09-27",
        "symbol": "VFC",
        "reportedCurrency": "USD",
        "cik": "0000103379",
        "fillingDate": "2025-10-28",
        "acceptedDate": "2025-10-28 13:55:26",
        "calendarYear": "2026",
        "period": "Q2",
        "revenue": 2802706000,
        "costOfRevenue": 1340262000,
        "grossProfit": 1462444000,
        "grossProfitRatio": 0.5217971489,
        "researchAndDevelopmentExpenses": 0,
        "generalAndAdministrativeExpenses": 0,
        "sellingAndMarketingExpenses": 0,
        "sellingGeneralAndAdministrativeExpenses": 1149824000,
        "otherExpenses": 0,
        "operatingExpenses": 1149824000,
        "costAndExpenses": 2490086000,
        "interestIncome": 3408000,
        "interestExpense": 49617000,
        "depreciationAndAmortization": 74092000,
        "ebitda": 391990000,
        "ebitdaratio": 0.1398612627,
        "operatingIncome": 312620000,
        "operatingIncomeRatio": 0.1115422024,
        "totalOtherIncomeExpensesNet": -44339000,
        "incomeBeforeTax": 268281000,
        "incomeBeforeTaxRatio": 0.0957221343,
        "incomeTaxExpense": 78516000,
        "netIncome": 189765000,
        "netIncomeRatio": 0.0677077796,
        "eps": 0.48,
        "epsdiluted": 0.48,
        "weightedAverageShsOut": 390648000,
        "weightedAverageShsOutDil": 393986000,
        "link": "https://www.sec.gov/Archives/edgar/data/103379/000010337925000060/0000103379-25-000060-index.htm",
        "finalLink": "https://www.sec.gov/Archives/edgar/data/103379/000010337925000060/vfc-20250927.htm"
    },
    {
        "date": "2025-06-28",
        "symbol": "VFC",
        "reportedCurrency": "USD",
        "cik": "0000103379",
        "fillingDate": "2025-07-30",
        "acceptedDate": "2025-07-30 11:48:23",
        "calendarYear": "2026",
        "period": "Q1",
        "revenue": 1760666000,
        "costOfRevenue": 807439000,
        "grossProfit": 953227000,
        "grossProfitRatio": 0.5414013788,
        "researchAndDevelopmentExpenses": 0,
        "generalAndAdministrativeExpenses": 0,
        "sellingAndMarketingExpenses": 0,
        "sellingGeneralAndAdministrativeExpenses": 1022164000,
        "otherExpenses": 17672000,
        "operatingExpenses": 1039836000,
        "costAndExpenses": 1847275000,
        "interestIncome": 2518000,
        "interestExpense": 43638000,
        "depreciationAndAmortization": 64362000,
        "ebitda": -4575000,
        "ebitdaratio": -0.0025984485,
        "operatingIncome": -86609000,
        "operatingIncomeRatio": -0.0491910448,
        "totalOtherIncomeExpensesNet": -39984000,
        "incomeBeforeTax": -126593000,
        "incomeBeforeTaxRatio": -0.0719006331,
        "incomeTaxExpense": -10185000,
        "netIncome": -116408000,
        "netIncomeRatio": -0.0661158902,
        "eps": -0.3,
        "epsdiluted": -0.3,
        "weightedAverageShsOut": 390024000,
        "weightedAverageShsOutDil": 390024000,
        "link": "https://www.sec.gov/Archives/edgar/data/103379/000010337925000036/0000103379-25-000036-index.htm",
        "finalLink": "https://www.sec.gov/Archives/edgar/data/103379/000010337925000036/vfc-20250628.htm"
    },
    {
        "date": "2025-03-29",
        "symbol": "VFC",
        "reportedCurrency": "USD",
        "cik": "0000103379",
        "fillingDate": "2025-05-22",
        "acceptedDate": "2025-05-22 14:33:14",
        "calendarYear": "2025",
        "period": "Q4",
        "revenue": 2143771000,
        "costOfRevenue": 999823000,
        "grossProfit": 1143948000,
        "grossProfitRatio": 0.5336148311,
        "researchAndDevelopmentExpenses": 0,
        "generalAndAdministrativeExpenses": 321234000,
        "sellingAndMarketingExpenses": 818800000,
        "sellingGeneralAndAdministrativeExpenses": 1140034000,
        "otherExpenses": 76801000,
        "operatingExpenses": 1216835000,
        "costAndExpenses": 2216658000,
        "interestIncome": 10994000,
        "interestExpense": 40086000,
        "depreciationAndAmortization": 72760000,
        "ebitda": 76674000,
        "ebitdaratio": 0.035765947,
        "operatingIncome": -72887000,
        "operatingIncomeRatio": -0.0339994337,
        "totalOtherIncomeExpensesNet": -43723000,
        "incomeBeforeTax": -116610000,
        "incomeBeforeTaxRatio": -0.0543948024,
        "incomeTaxExpense": 33657000,
        "netIncome": -150788000,
        "netIncomeRatio": -0.0703377366,
        "eps": -0.39,
        "epsdiluted": -0.39,
        "weightedAverageShsOut": 389605000,
        "weightedAverageShsOutDil": 389605000,
        "link": "https://www.sec.gov/Archives/edgar/data/103379/000010337925000023/0000103379-25-000023-index.htm",
        "finalLink": "https://www.sec.gov/Archives/edgar/data/103379/000010337925000023/vfc-20250329.htm"
    },
    {
        "date": "2024-12-28",
        "symbol": "VFC",
        "reportedCurrency": "USD",
        "cik": "0000103379",
        "fillingDate": "2025-01-29",
        "acceptedDate": "2025-01-29 11:02:10",
        "calendarYear": "2025",
        "period": "Q3",
        "revenue": 2833912000,
        "costOfRevenue": 1238738000,
        "grossProfit": 1595174000,
        "grossProfitRatio": 0.5628876267,
        "researchAndDevelopmentExpenses": 0,
        "generalAndAdministrativeExpenses": 0,
        "sellingAndMarketingExpenses": 0,
        "sellingGeneralAndAdministrativeExpenses": 1299033000,
        "otherExpenses": 70364000,
        "operatingExpenses": 1369397000,
        "costAndExpenses": 2608135000,
        "interestIncome": 6826000,
        "interestExpense": 43342000,
        "depreciationAndAmortization": 60022000,
        "ebitda": 356163000,
        "ebitdaratio": 0.1256789202,
        "operatingIncome": 225777000,
        "operatingIncomeRatio": 0.0796697286,
        "totalOtherIncomeExpensesNet": -29108000,
        "incomeBeforeTax": 196669000,
        "incomeBeforeTaxRatio": 0.0693984146,
        "incomeTaxExpense": 27560000,
        "netIncome": 167780000,
        "netIncomeRatio": 0.059204379,
        "eps": 0.43,
        "epsdiluted": 0.43,
        "weightedAverageShsOut": 389218000,
        "weightedAverageShsOutDil": 393908000,
        "link": "https://www.sec.gov/Archives/edgar/data/103379/000010337925000007/0000103379-25-000007-index.htm",
        "finalLink": "https://www.sec.gov/Archives/edgar/data/103379/000010337925000007/vfc-20241228.htm"
    },
    {
        "date": "2024-09-28",
        "symbol": "VFC",
        "reportedCurrency": "USD",
        "cik": "0000103379",
        "fillingDate": "2024-10-30",
        "acceptedDate": "2024-10-30 13:07:29",
        "calendarYear": "2025",
        "period": "Q2",
        "revenue": 2757948000,
        "costOfRevenue": 1317391000,
        "grossProfit": 1440557000,
        "grossProfitRatio": 0.5223292825,
        "researchAndDevelopmentExpenses": 0,
        "generalAndAdministrativeExpenses": 0,
        "sellingAndMarketingExpenses": 0,
        "sellingGeneralAndAdministrativeExpenses": 1155987000,
        "otherExpenses": 10667000,
        "operatingExpenses": 1166654000,
        "costAndExpenses": 2484045000,
        "interestIncome": 3678000,
        "interestExpense": 46366000,
        "depreciationAndAmortization": 58597000,
        "ebitda": 343167000,
        "ebitdaratio": 0.1244283794,
        "operatingIncome": 273903000,
        "operatingIncomeRatio": 0.0993140552,
        "totalOtherIncomeExpensesNet": -43348000,
        "incomeBeforeTax": 230555000,
        "incomeBeforeTaxRatio": 0.0835965725,
        "incomeTaxExpense": 28046000,
        "netIncome": 52178000,
        "netIncomeRatio": 0.0189191384,
        "eps": 0.13,
        "epsdiluted": 0.13,
        "weightedAverageShsOut": 389044000,
        "weightedAverageShsOutDil": 390945000,
        "link": "https://www.sec.gov/Archives/edgar/data/103379/000010337924000030/0000103379-24-000030-index.htm",
        "finalLink": "https://www.sec.gov/Archives/edgar/data/103379/000010337924000030/vfc-20240928.htm"
    },
    {
        "date": "2024-06-29",
        "symbol": "VFC",
        "reportedCurrency": "USD",
        "cik": "0000103379",
        "fillingDate": "2024-08-07",
        "acceptedDate": "2024-08-07 16:26:25",
        "calendarYear": "2025",
        "period": "Q1",
        "revenue": 1769060000,
        "costOfRevenue": 863027000,
        "grossProfit": 906033000,
        "grossProfitRatio": 0.5121550428,
        "researchAndDevelopmentExpenses": 0,
        "generalAndAdministrativeExpenses": 0,
        "sellingAndMarketingExpenses": 0,
        "sellingGeneralAndAdministrativeExpenses": 1016291000,
        "otherExpenses": 12762000,
        "operatingExpenses": 1029053000,
        "costAndExpenses": 1892080000,
        "interestIncome": 3554000,
        "interestExpense": 59231000,
        "depreciationAndAmortization": 63747000,
        "ebitda": -46511000,
        "ebitdaratio": -0.0262913638,
        "operatingIncome": -123020000,
        "operatingIncomeRatio": -0.0695397556,
        "totalOtherIncomeExpensesNet": -42433000,
        "incomeBeforeTax": -165453000,
        "incomeBeforeTaxRatio": -0.0935259403,
        "incomeTaxExpense": -13426000,
        "netIncome": -258886000,
        "netIncomeRatio": -0.1463409947,
        "eps": -0.67,
        "epsdiluted": -0.67,
        "weightedAverageShsOut": 388741000,
        "weightedAverageShsOutDil": 388741000,
        "link": "https://www.sec.gov/Archives/edgar/data/103379/000010337924000018/0000103379-24-000018-index.htm",
        "finalLink": "https://www.sec.gov/Archives/edgar/data/103379/000010337924000018/vfc-20240629.htm"
    },
    {
        "date": "2024-03-30",
        "symbol": "VFC",
        "reportedCurrency": "USD",
        "cik": "0000103379",
        "fillingDate": "2024-05-23",
        "acceptedDate": "2024-05-23 14:00:17",
        "calendarYear": "2024",
        "period": "Q4",
        "revenue": 2247298000,
        "costOfRevenue": 1172062000,
        "grossProfit": 1075236000,
        "grossProfitRatio": 0.4784572407,
        "researchAndDevelopmentExpenses": 0,
        "generalAndAdministrativeExpenses": 318609000,
        "sellingAndMarketingExpenses": 820600000,
        "sellingGeneralAndAdministrativeExpenses": 1139209000,
        "otherExpenses": 309410000,
        "operatingExpenses": 1448619000,
        "costAndExpenses": 2620681000,
        "interestIncome": 7115000,
        "interestExpense": 61822000,
        "depreciationAndAmortization": 84782000,
        "ebitda": 20809000,
        "ebitdaratio": 0.0092595642,
        "operatingIncome": -373383000,
        "operatingIncomeRatio": -0.1661475247,
        "totalOtherIncomeExpensesNet": -38381000,
        "incomeBeforeTax": -411764000,
        "incomeBeforeTaxRatio": -0.1832262566,
        "incomeTaxExpense": 360000,
        "netIncome": -418308000,
        "netIncomeRatio": -0.186138198,
        "eps": -1.08,
        "epsdiluted": -1.08,
        "weightedAverageShsOut": 388559000,
        "weightedAverageShsOutDil": 388559000,
        "link": "https://www.sec.gov/Archives/edgar/data/103379/000010337924000008/0000103379-24-000008-index.htm",
        "finalLink": "https://www.sec.gov/Archives/edgar/data/103379/000010337924000008/vfc-20240330.htm"
    },
    {
        "date": "2023-12-30",
        "symbol": "VFC",
        "reportedCurrency": "USD",
        "cik": "0000103379",
        "fillingDate": "2024-02-07",
        "acceptedDate": "2024-02-07 15:58:05",
        "calendarYear": "2024",
        "period": "Q3",
        "revenue": 2780194000,
        "costOfRevenue": 1256978000,
        "grossProfit": 1523216000,
        "grossProfitRatio": 0.547881191,
        "researchAndDevelopmentExpenses": 0,
        "generalAndAdministrativeExpenses": 0,
        "sellingAndMarketingExpenses": 0,
        "sellingGeneralAndAdministrativeExpenses": 1306437000,
        "otherExpenses": 308021000,
        "operatingExpenses": 1614458000,
        "costAndExpenses": 2871436000,
        "interestIncome": 3565000,
        "interestExpense": 52661000,
        "depreciationAndAmortization": 85810000,
        "ebitda": 302589000,
        "ebitdaratio": 0.1088373689,
        "operatingIncome": -91242000,
        "operatingIncomeRatio": -0.0328185731,
        "totalOtherIncomeExpensesNet": -20092000,
        "incomeBeforeTax": -111334000,
        "incomeBeforeTaxRatio": -0.0400454069,
        "incomeTaxExpense": -19598000,
        "netIncome": -42452000,
        "netIncomeRatio": -0.015269438,
        "eps": -0.11,
        "epsdiluted": -0.11,
        "weightedAverageShsOut": 388383000,
        "weightedAverageShsOutDil": 388383000,
        "link": "https://www.sec.gov/Archives/edgar/data/103379/000010337924000003/0000103379-24-000003-index.htm",
        "finalLink": "https://www.sec.gov/Archives/edgar/data/103379/000010337924000003/vfc-20231230.htm"
    },
    {
        "date": "2023-09-30",
        "symbol": "VFC",
        "reportedCurrency": "USD",
        "cik": "0000103379",
        "fillingDate": "2023-11-03",
        "acceptedDate": "2023-11-03 15:41:53",
        "calendarYear": "2024",
        "period": "Q2",
        "revenue": 2920123000,
        "costOfRevenue": 1430194000,
        "grossProfit": 1489929000,
        "grossProfitRatio": 0.510228165,
        "researchAndDevelopmentExpenses": 0,
        "generalAndAdministrativeExpenses": 0,
        "sellingAndMarketingExpenses": 0,
        "sellingGeneralAndAdministrativeExpenses": 1138868000,
        "otherExpenses": 522000,
        "operatingExpenses": 1139390000,
        "costAndExpenses": 2569584000,
        "interestIncome": 4548000,
        "interestExpense": 45659000,
        "depreciationAndAmortization": 69861000,
        "ebitda": 420922000,
        "ebitdaratio": 0.144145298,
        "operatingIncome": 350539000,
        "operatingIncomeRatio": 0.1200425462,
        "totalOtherIncomeExpensesNet": -43294000,
        "incomeBeforeTax": 307245000,
        "incomeBeforeTaxRatio": 0.1052164583,
        "incomeTaxExpense": 758887000,
        "netIncome": -450697000,
        "netIncomeRatio": -0.1543417863,
        "eps": -1.16,
        "epsdiluted": -1.16,
        "weightedAverageShsOut": 388338000,
        "weightedAverageShsOutDil": 388338000,
        "link": "https://www.sec.gov/Archives/edgar/data/103379/000010337923000018/0000103379-23-000018-index.htm",
        "finalLink": "https://www.sec.gov/Archives/edgar/data/103379/000010337923000018/vfc-20230930.htm"
    },
    {
        "date": "2023-07-01",
        "symbol": "VFC",
        "reportedCurrency": "USD",
        "cik": "0000103379",
        "fillingDate": "2023-08-03",
        "acceptedDate": "2023-08-03 11:44:26",
        "calendarYear": "2024",
        "period": "Q1",
        "revenue": 1968063000,
        "costOfRevenue": 939634000,
        "grossProfit": 1028429000,
        "grossProfitRatio": 0.5225589831,
        "researchAndDevelopmentExpenses": 0,
        "generalAndAdministrativeExpenses": 0,
        "sellingAndMarketingExpenses": 0,
        "sellingGeneralAndAdministrativeExpenses": 1060906999,
        "otherExpenses": -2628999,
        "operatingExpenses": 1058278000,
        "costAndExpenses": 1997912000,
        "interestIncome": 5494000,
        "interestExpense": 55213000,
        "depreciationAndAmortization": 67075000,
        "ebitda": 34597000,
        "ebitdaratio": 0.0175792137,
        "operatingIncome": -29849000,
        "operatingIncomeRatio": -0.0151666893,
        "totalOtherIncomeExpensesNet": -39219000,
        "incomeBeforeTax": -69068000,
        "incomeBeforeTaxRatio": -0.035094405,
        "incomeTaxExpense": -6093000,
        "netIncome": -57425000,
        "netIncomeRatio": -0.0291784359,
        "eps": -0.15,
        "epsdiluted": -0.15,
        "weightedAverageShsOut": 388160000,
        "weightedAverageShsOutDil": 388160000,
        "link": "https://www.sec.gov/Archives/edgar/data/103379/000010337923000015/0000103379-23-000015-index.htm",
        "finalLink": "https://www.sec.gov/Archives/edgar/data/103379/000010337923000015/vfc-20230701.htm"
    },
    {
        "date": "2023-04-01",
        "symbol": "VFC",
        "reportedCurrency": "USD",
        "cik": "0000103379",
        "fillingDate": "2023-05-25",
        "acceptedDate": "2023-05-25 15:17:17",
        "calendarYear": "2023",
        "period": "Q4",
        "revenue": 2739613000,
        "costOfRevenue": 1376789000,
        "grossProfit": 1362824000,
        "grossProfitRatio": 0.4974512824,
        "researchAndDevelopmentExpenses": 0,
        "generalAndAdministrativeExpenses": 362570000,
        "sellingAndMarketingExpenses": 861800000,
        "sellingGeneralAndAdministrativeExpenses": 1224370000,
        "otherExpenses": 299337000,
        "operatingExpenses": 1523707000,
        "costAndExpenses": 2900496000,
        "interestIncome": 3738000,
        "interestExpense": 52975000,
        "depreciationAndAmortization": 69410000,
        "ebitda": 207864000,
        "ebitdaratio": 0.0758734902,
        "operatingIncome": -160883000,
        "operatingIncomeRatio": -0.0587247177,
        "totalOtherIncomeExpensesNet": -55116000,
        "incomeBeforeTax": -215999000,
        "incomeBeforeTaxRatio": -0.0788428877,
        "incomeTaxExpense": -1107000,
        "netIncome": -214892000,
        "netIncomeRatio": -0.078438816,
        "eps": -0.55,
        "epsdiluted": -0.55,
        "weightedAverageShsOut": 388062000,
        "weightedAverageShsOutDil": 388062000,
        "link": "https://www.sec.gov/Archives/edgar/data/103379/000010337923000006/0000103379-23-000006-index.htm",
        "finalLink": "https://www.sec.gov/Archives/edgar/data/103379/000010337923000006/vfc-20230401.htm"
    },
    {
        "date": "2022-12-31",
        "symbol": "VFC",
        "reportedCurrency": "USD",
        "cik": "0000103379",
        "fillingDate": "2023-02-08",
        "acceptedDate": "2023-02-08 14:16:18",
        "calendarYear": "2023",
        "period": "Q3",
        "revenue": 3530667000,
        "costOfRevenue": 1593048000,
        "grossProfit": 1937619000,
        "grossProfitRatio": 0.5487968704,
        "researchAndDevelopmentExpenses": 0,
        "generalAndAdministrativeExpenses": 0,
        "sellingAndMarketingExpenses": 0,
        "sellingGeneralAndAdministrativeExpenses": 1421334000,
        "otherExpenses": 252000,
        "operatingExpenses": 1421586000,
        "costAndExpenses": 3014634000,
        "interestIncome": 3914000,
        "interestExpense": 54144000,
        "depreciationAndAmortization": 61526000,
        "ebitda": 577811000,
        "ebitdaratio": 0.1636549128,
        "operatingIncome": 516033000,
        "operatingIncomeRatio": 0.1461573691,
        "totalOtherIncomeExpensesNet": -60131000,
        "incomeBeforeTax": 455902000,
        "incomeBeforeTaxRatio": 0.1291263096,
        "incomeTaxExpense": -51966000,
        "netIncome": 507868000,
        "netIncomeRatio": 0.1438447749,
        "eps": 1.31,
        "epsdiluted": 1.31,
        "weightedAverageShsOut": 387739000,
        "weightedAverageShsOutDil": 388192000,
        "link": "https://www.sec.gov/Archives/edgar/data/103379/000010337923000003/0000103379-23-000003-index.htm",
        "finalLink": "https://www.sec.gov/Archives/edgar/data/103379/000010337923000003/vfc-20221231.htm"
    },
    {
        "date": "2022-10-01",
        "symbol": "VFC",
        "reportedCurrency": "USD",
        "cik": "0000103379",
        "fillingDate": "2022-11-02",
        "acceptedDate": "2022-11-02 16:35:29",
        "calendarYear": "2023",
        "period": "Q2",
        "revenue": 3080600000,
        "costOfRevenue": 1498177000,
        "grossProfit": 1582423000,
        "grossProfitRatio": 0.513673635,
        "researchAndDevelopmentExpenses": 0,
        "generalAndAdministrativeExpenses": 0,
        "sellingAndMarketingExpenses": 0,
        "sellingGeneralAndAdministrativeExpenses": 1251090000,
        "otherExpenses": 422152000,
        "operatingExpenses": 1673242000,
        "costAndExpenses": 3171419000,
        "interestIncome": 823000,
        "interestExpense": 34726000,
        "depreciationAndAmortization": 60286000,
        "ebitda": 391619000,
        "ebitdaratio": 0.1271242615,
        "operatingIncome": -90819000,
        "operatingIncomeRatio": -0.0294809453,
        "totalOtherIncomeExpensesNet": -43183000,
        "incomeBeforeTax": -134002000,
        "incomeBeforeTaxRatio": -0.0434986691,
        "incomeTaxExpense": -15570000,
        "netIncome": -118432000,
        "netIncomeRatio": -0.0384444589,
        "eps": -0.31,
        "epsdiluted": -0.31,
        "weightedAverageShsOut": 387688000,
        "weightedAverageShsOutDil": 387688000,
        "link": "https://www.sec.gov/Archives/edgar/data/103379/000010337922000016/0000103379-22-000016-index.htm",
        "finalLink": "https://www.sec.gov/Archives/edgar/data/103379/000010337922000016/vfc-20221001.htm"
    },
    {
        "date": "2022-07-02",
        "symbol": "VFC",
        "reportedCurrency": "USD",
        "cik": "0000103379",
        "fillingDate": "2022-08-05",
        "acceptedDate": "2022-08-05 13:43:49",
        "calendarYear": "2023",
        "period": "Q1",
        "revenue": 2261595000,
        "costOfRevenue": 1042982000,
        "grossProfit": 1218613000,
        "grossProfitRatio": 0.5388290123,
        "researchAndDevelopmentExpenses": 0,
        "generalAndAdministrativeExpenses": 0,
        "sellingAndMarketingExpenses": 0,
        "sellingGeneralAndAdministrativeExpenses": 1146525000,
        "otherExpenses": 8726000,
        "operatingExpenses": 1155251000,
        "costAndExpenses": 2198233000,
        "interestIncome": 1283000,
        "interestExpense": 32545000,
        "depreciationAndAmortization": 63086000,
        "ebitda": 135174000,
        "ebitdaratio": 0.0597693221,
        "operatingIncome": 63362000,
        "operatingIncomeRatio": 0.0280165105,
        "totalOtherIncomeExpensesNet": -125976000,
        "incomeBeforeTax": -62614000,
        "incomeBeforeTaxRatio": -0.0276857704,
        "incomeTaxExpense": -6654000,
        "netIncome": -55960000,
        "netIncomeRatio": -0.0247435991,
        "eps": -0.14,
        "epsdiluted": -0.14,
        "weightedAverageShsOut": 387563000,
        "weightedAverageShsOutDil": 387563000,
        "link": "https://www.sec.gov/Archives/edgar/data/103379/000010337922000013/0000103379-22-000013-index.htm",
        "finalLink": "https://www.sec.gov/Archives/edgar/data/103379/000010337922000013/vfc-20220702.htm"
    },
    {
        "date": "2022-04-02",
        "symbol": "VFC",
        "reportedCurrency": "USD",
        "cik": "0000103379",
        "fillingDate": "2022-05-26",
        "acceptedDate": "2022-05-26 16:44:50",
        "calendarYear": "2022",
        "period": "Q4",
        "revenue": 2824664000,
        "costOfRevenue": 1357092000,
        "grossProfit": 1467572000,
        "grossProfitRatio": 0.5195563083,
        "researchAndDevelopmentExpenses": 0,
        "generalAndAdministrativeExpenses": 250327000,
        "sellingAndMarketingExpenses": 840600000,
        "sellingGeneralAndAdministrativeExpenses": 1090927000,
        "otherExpenses": 184253000,
        "operatingExpenses": 1275180000,
        "costAndExpenses": 2632272000,
        "interestIncome": 740000,
        "interestExpense": 31670000,
        "depreciationAndAmortization": 64324000,
        "ebitda": 440969000,
        "ebitdaratio": 0.1561137891,
        "operatingIncome": 192392000,
        "operatingIncomeRatio": 0.0681114639,
        "totalOtherIncomeExpensesNet": -21271000,
        "incomeBeforeTax": 171121000,
        "incomeBeforeTaxRatio": 0.0605810107,
        "incomeTaxExpense": 90678000,
        "netIncome": 80842000,
        "netIncomeRatio": 0.0286200412,
        "eps": 0.21,
        "epsdiluted": 0.21,
        "weightedAverageShsOut": 387604000,
        "weightedAverageShsOutDil": 389002000,
        "link": "https://www.sec.gov/Archives/edgar/data/103379/000010337922000006/0000103379-22-000006-index.htm",
        "finalLink": "https://www.sec.gov/Archives/edgar/data/103379/000010337922000006/vfc-20220402.htm"
    },
    {
        "date": "2022-01-01",
        "symbol": "VFC",
        "reportedCurrency": "USD",
        "cik": "0000103379",
        "fillingDate": "2022-01-28",
        "acceptedDate": "2022-01-28 14:24:20",
        "calendarYear": "2022",
        "period": "Q3",
        "revenue": 3624384000,
        "costOfRevenue": 1592604000,
        "grossProfit": 2031780000,
        "grossProfitRatio": 0.5605862955,
        "researchAndDevelopmentExpenses": 0,
        "generalAndAdministrativeExpenses": 0,
        "sellingAndMarketingExpenses": 0,
        "sellingGeneralAndAdministrativeExpenses": 1396064000,
        "otherExpenses": -42726000,
        "operatingExpenses": 1353338000,
        "costAndExpenses": 2945942000,
        "interestIncome": 606000,
        "interestExpense": 33994000,
        "depreciationAndAmortization": 64509000,
        "ebitda": 700225000,
        "ebitdaratio": 0.1931983476,
        "operatingIncome": 678442000,
        "operatingIncomeRatio": 0.1871882229,
        "totalOtherIncomeExpensesNet": -37128000,
        "incomeBeforeTax": 641314000,
        "incomeBeforeTaxRatio": 0.1769442752,
        "incomeTaxExpense": 123513000,
        "netIncome": 517801000,
        "netIncomeRatio": 0.1428659325,
        "eps": 1.33,
        "epsdiluted": 1.32,
        "weightedAverageShsOut": 390430000,
        "weightedAverageShsOutDil": 392495000,
        "link": "https://www.sec.gov/Archives/edgar/data/103379/000010337922000003/0000103379-22-000003-index.htm",
        "finalLink": "https://www.sec.gov/Archives/edgar/data/103379/000010337922000003/vfc-20220101.htm"
    },
    {
        "date": "2021-10-02",
        "symbol": "VFC",
        "reportedCurrency": "USD",
        "cik": "0000103379",
        "fillingDate": "2021-11-03",
        "acceptedDate": "2021-11-03 15:38:36",
        "calendarYear": "2022",
        "period": "Q2",
        "revenue": 3198235000,
        "costOfRevenue": 1479446000,
        "grossProfit": 1718789000,
        "grossProfitRatio": 0.5374179821,
        "researchAndDevelopmentExpenses": 0,
        "generalAndAdministrativeExpenses": 0,
        "sellingAndMarketingExpenses": 0,
        "sellingGeneralAndAdministrativeExpenses": 1188056000,
        "otherExpenses": -27753000,
        "operatingExpenses": 1160303000,
        "costAndExpenses": 2639749000,
        "interestIncome": 1518000,
        "interestExpense": 35888000,
        "depreciationAndAmortization": 64467000,
        "ebitda": 595200000,
        "ebitdaratio": 0.1861026472,
        "operatingIncome": 558486000,
        "operatingIncomeRatio": 0.1746231906,
        "totalOtherIncomeExpensesNet": -26821000,
        "incomeBeforeTax": 531664999,
        "incomeBeforeTaxRatio": 0.1662370026,
        "incomeTaxExpense": 67612000,
        "netIncome": 464053000,
        "netIncomeRatio": 0.1450965923,
        "eps": 1.18,
        "epsdiluted": 1.18,
        "weightedAverageShsOut": 391779000,
        "weightedAverageShsOutDil": 394017000,
        "link": "https://www.sec.gov/Archives/edgar/data/103379/000010337921000017/0000103379-21-000017-index.htm",
        "finalLink": "https://www.sec.gov/Archives/edgar/data/103379/000010337921000017/vfc-20211002.htm"
    },
    {
        "date": "2021-07-03",
        "symbol": "VFC",
        "reportedCurrency": "USD",
        "cik": "0000103379",
        "fillingDate": "2021-08-06",
        "acceptedDate": "2021-08-06 15:03:35",
        "calendarYear": "2022",
        "period": "Q1",
        "revenue": 2194557000,
        "costOfRevenue": 955551000,
        "grossProfit": 1239006000,
        "grossProfitRatio": 0.5645813711,
        "researchAndDevelopmentExpenses": 0,
        "generalAndAdministrativeExpenses": 0,
        "sellingAndMarketingExpenses": 0,
        "sellingGeneralAndAdministrativeExpenses": 1101934000,
        "otherExpenses": -65812000,
        "operatingExpenses": 1036122000,
        "costAndExpenses": 1991673000,
        "interestIncome": 2142000,
        "interestExpense": 34917000,
        "depreciationAndAmortization": 66619000,
        "ebitda": 203691000,
        "ebitdaratio": 0.0928164545,
        "operatingIncome": 202884000,
        "operatingIncomeRatio": 0.0924487266,
        "totalOtherIncomeExpensesNet": -23734000,
        "incomeBeforeTax": 179150000,
        "incomeBeforeTaxRatio": 0.0816337876,
        "incomeTaxExpense": 25178000,
        "netIncome": 324245000,
        "netIncomeRatio": 0.1477496369,
        "eps": 0.83,
        "epsdiluted": 0.82,
        "weightedAverageShsOut": 391351000,
        "weightedAverageShsOutDil": 394128000,
        "link": "https://www.sec.gov/Archives/edgar/data/103379/000010337921000014/0000103379-21-000014-index.htm",
        "finalLink": "https://www.sec.gov/Archives/edgar/data/103379/000010337921000014/vfc-20210703.htm"
    },
    {
        "date": "2021-04-03",
        "symbol": "VFC",
        "reportedCurrency": "USD",
        "cik": "0000103379",
        "fillingDate": "2021-05-27",
        "acceptedDate": "2021-05-27 16:24:05",
        "calendarYear": "2021",
        "period": "Q4",
        "revenue": 2582672000,
        "costOfRevenue": 1192499000,
        "grossProfit": 1390173000,
        "grossProfitRatio": 0.5382692808,
        "researchAndDevelopmentExpenses": 0,
        "generalAndAdministrativeExpenses": 499053000,
        "sellingAndMarketingExpenses": 608100000,
        "sellingGeneralAndAdministrativeExpenses": 1107153000,
        "otherExpenses": 160527000,
        "operatingExpenses": 1267680000,
        "costAndExpenses": 2460179000,
        "interestIncome": 2127000,
        "interestExpense": 37971000,
        "depreciationAndAmortization": 63328000,
        "ebitda": 346348000,
        "ebitdaratio": 0.1341045243,
        "operatingIncome": 122493000,
        "operatingIncomeRatio": 0.0474287869,
        "totalOtherIncomeExpensesNet": -33444000,
        "incomeBeforeTax": 89049000,
        "incomeBeforeTaxRatio": 0.0344794074,
        "incomeTaxExpense": 27306000,
        "netIncome": 89520000,
        "netIncomeRatio": 0.0346617766,
        "eps": 0.23,
        "epsdiluted": 0.23,
        "weightedAverageShsOut": 390747000,
        "weightedAverageShsOutDil": 393575000,
        "link": "https://www.sec.gov/Archives/edgar/data/103379/000010337921000006/0000103379-21-000006-index.htm",
        "finalLink": "https://www.sec.gov/Archives/edgar/data/103379/000010337921000006/vfc-20210403.htm"
    },
    {
        "date": "2020-12-26",
        "symbol": "VFC",
        "reportedCurrency": "USD",
        "cik": "0000103379",
        "fillingDate": "2021-02-02",
        "acceptedDate": "2021-02-02 17:02:18",
        "calendarYear": "2021",
        "period": "Q3",
        "revenue": 2971541000,
        "costOfRevenue": 1345024000,
        "grossProfit": 1626517000,
        "grossProfitRatio": 0.5473648185,
        "researchAndDevelopmentExpenses": 0,
        "generalAndAdministrativeExpenses": 0,
        "sellingAndMarketingExpenses": 0,
        "sellingGeneralAndAdministrativeExpenses": 1216453000,
        "otherExpenses": -1935000,
        "operatingExpenses": 1214518000,
        "costAndExpenses": 2559542000,
        "interestIncome": 2539000,
        "interestExpense": 34315000,
        "depreciationAndAmortization": 62298000,
        "ebitda": 472362000,
        "ebitdaratio": 0.1589619662,
        "operatingIncome": 411999000,
        "operatingIncomeRatio": 0.1386482636,
        "totalOtherIncomeExpensesNet": -25292000,
        "incomeBeforeTax": 386707000,
        "incomeBeforeTaxRatio": 0.1301368549,
        "incomeTaxExpense": 59048000,
        "netIncome": 347240000,
        "netIncomeRatio": 0.116855194,
        "eps": 0.89,
        "epsdiluted": 0.88,
        "weightedAverageShsOut": 389872000,
        "weightedAverageShsOutDil": 392851000,
        "link": "https://www.sec.gov/Archives/edgar/data/103379/000010337921000003/0000103379-21-000003-index.htm",
        "finalLink": "https://www.sec.gov/Archives/edgar/data/103379/000010337921000003/vfc-20201226.htm"
    },
    {
        "date": "2020-09-26",
        "symbol": "VFC",
        "reportedCurrency": "USD",
        "cik": "0000103379",
        "fillingDate": "2020-10-28",
        "acceptedDate": "2020-10-28 15:59:03",
        "calendarYear": "2021",
        "period": "Q2",
        "revenue": 2608324000,
        "costOfRevenue": 1282406000,
        "grossProfit": 1325918000,
        "grossProfitRatio": 0.5083409883,
        "researchAndDevelopmentExpenses": 0,
        "generalAndAdministrativeExpenses": 0,
        "sellingAndMarketingExpenses": 0,
        "sellingGeneralAndAdministrativeExpenses": 1017561000,
        "otherExpenses": -11591000,
        "operatingExpenses": 1005970000,
        "costAndExpenses": 2288376000,
        "interestIncome": 3176000,
        "interestExpense": 34107000,
        "depreciationAndAmortization": 72970000,
        "ebitda": 381327000,
        "ebitdaratio": 0.1461961781,
        "operatingIncome": 319948000,
        "operatingIncomeRatio": 0.1226642089,
        "totalOtherIncomeExpensesNet": -26287000,
        "incomeBeforeTax": 293661000,
        "incomeBeforeTaxRatio": 0.1125860898,
        "incomeTaxExpense": 50415000,
        "netIncome": 256721999,
        "netIncomeRatio": 0.0984241222,
        "eps": 0.66,
        "epsdiluted": 0.66,
        "weightedAverageShsOut": 389219000,
        "weightedAverageShsOutDil": 391180000,
        "link": "https://www.sec.gov/Archives/edgar/data/103379/000010337920000018/0000103379-20-000018-index.htm",
        "finalLink": "https://www.sec.gov/Archives/edgar/data/103379/000010337920000018/vfc-20200926.htm"
    },
    {
        "date": "2020-06-27",
        "symbol": "VFC",
        "reportedCurrency": "USD",
        "cik": "0000103379",
        "fillingDate": "2020-08-04",
        "acceptedDate": "2020-08-04 17:24:44",
        "calendarYear": "2021",
        "period": "Q1",
        "revenue": 1076293000,
        "costOfRevenue": 506951000,
        "grossProfit": 569342000,
        "grossProfitRatio": 0.5289842078,
        "researchAndDevelopmentExpenses": 0,
        "generalAndAdministrativeExpenses": 0,
        "sellingAndMarketingExpenses": 0,
        "sellingGeneralAndAdministrativeExpenses": 810406000,
        "otherExpenses": 5745000,
        "operatingExpenses": 816151000,
        "costAndExpenses": 1323102000,
        "interestIncome": 1313000,
        "interestExpense": 29262000,
        "depreciationAndAmortization": 59219000,
        "ebitda": -181845000,
        "ebitdaratio": -0.1689549221,
        "operatingIncome": -246809000,
        "operatingIncomeRatio": -0.2293139508,
        "totalOtherIncomeExpensesNet": -66136000,
        "incomeBeforeTax": -312945000,
        "incomeBeforeTaxRatio": -0.2907619022,
        "incomeTaxExpense": -35203000,
        "netIncome": -285613000,
        "netIncomeRatio": -0.2653673303,
        "eps": -0.73,
        "epsdiluted": -0.73,
        "weightedAverageShsOut": 388695000,
        "weightedAverageShsOutDil": 390791000,
        "link": "https://www.sec.gov/Archives/edgar/data/103379/000010337920000013/0000103379-20-000013-index.htm",
        "finalLink": "https://www.sec.gov/Archives/edgar/data/103379/000010337920000013/vfc-20200627.htm"
    },
    {
        "date": "2020-03-28",
        "symbol": "VFC",
        "reportedCurrency": "USD",
        "cik": "0000103379",
        "fillingDate": "2020-05-27",
        "acceptedDate": "2020-05-27 13:28:25",
        "calendarYear": "2020",
        "period": "Q4",
        "revenue": 2102420999,
        "costOfRevenue": 966866000,
        "grossProfit": 1135555000,
        "grossProfitRatio": 0.5401177978,
        "researchAndDevelopmentExpenses": 0,
        "generalAndAdministrativeExpenses": 263189000,
        "sellingAndMarketingExpenses": 756300000,
        "sellingGeneralAndAdministrativeExpenses": 1019489000,
        "otherExpenses": 372826999,
        "operatingExpenses": 1392315999,
        "costAndExpenses": 2359181999,
        "interestIncome": 2266000,
        "interestExpense": 26802000,
        "depreciationAndAmortization": 72972000,
        "ebitda": 189038000,
        "ebitdaratio": 0.0899144368,
        "operatingIncome": -256761000,
        "operatingIncomeRatio": -0.1221263487,
        "totalOtherIncomeExpensesNet": -132930000,
        "incomeBeforeTax": -389691000,
        "incomeBeforeTaxRatio": -0.1853534569,
        "incomeTaxExpense": 93395000,
        "netIncome": -483776000,
        "netIncomeRatio": -0.2301042466,
        "eps": -1.24,
        "epsdiluted": -1.24,
        "weightedAverageShsOut": 391227000,
        "weightedAverageShsOutDil": 391227000,
        "link": "https://www.sec.gov/Archives/edgar/data/103379/000010337920000006/0000103379-20-000006-index.htm",
        "finalLink": "https://www.sec.gov/Archives/edgar/data/103379/000010337920000006/vfc328202010-k.htm"
    },
    {
        "date": "2019-12-28",
        "symbol": "VFC",
        "reportedCurrency": "USD",
        "cik": "0000103379",
        "fillingDate": "2020-02-04",
        "acceptedDate": "2020-02-04 11:10:28",
        "calendarYear": "2020",
        "period": "Q3",
        "revenue": 3155723000,
        "costOfRevenue": 1351653000,
        "grossProfit": 1804070000,
        "grossProfitRatio": 0.5716819886,
        "researchAndDevelopmentExpenses": 0,
        "generalAndAdministrativeExpenses": 0,
        "sellingAndMarketingExpenses": 0,
        "sellingGeneralAndAdministrativeExpenses": 1284595000,
        "otherExpenses": -20564000,
        "operatingExpenses": 1264031000,
        "costAndExpenses": 2615684000,
        "interestIncome": 4966000,
        "interestExpense": 22303000,
        "depreciationAndAmortization": 69488000,
        "ebitda": 588963000,
        "ebitdaratio": 0.1866333008,
        "operatingIncome": 540039000,
        "operatingIncomeRatio": 0.171130039,
        "totalOtherIncomeExpensesNet": -39481000,
        "incomeBeforeTax": 500558000,
        "incomeBeforeTaxRatio": 0.1586191183,
        "incomeTaxExpense": 78976000,
        "netIncome": 465003000,
        "netIncomeRatio": 0.1473522866,
        "eps": 1.17,
        "epsdiluted": 1.16,
        "weightedAverageShsOut": 395940000,
        "weightedAverageShsOutDil": 400322000,
        "link": "https://www.sec.gov/Archives/edgar/data/103379/000010337920000003/0000103379-20-000003-index.htm",
        "finalLink": "https://www.sec.gov/Archives/edgar/data/103379/000010337920000003/vfcq3202010-q.htm"
    },
    {
        "date": "2019-09-28",
        "symbol": "VFC",
        "reportedCurrency": "USD",
        "cik": "0000103379",
        "fillingDate": "2019-10-31",
        "acceptedDate": "2019-10-31 14:04:03",
        "calendarYear": "2020",
        "period": "Q2",
        "revenue": 3179758000,
        "costOfRevenue": 1456317000,
        "grossProfit": 1723441000,
        "grossProfitRatio": 0.5420038254,
        "researchAndDevelopmentExpenses": 0,
        "generalAndAdministrativeExpenses": 0,
        "sellingAndMarketingExpenses": 0,
        "sellingGeneralAndAdministrativeExpenses": 1171016000,
        "otherExpenses": 3863000,
        "operatingExpenses": 1174879000,
        "costAndExpenses": 2631196000,
        "interestIncome": 4424000,
        "interestExpense": 20810000,
        "depreciationAndAmortization": 62923000,
        "ebitda": 615348000,
        "ebitdaratio": 0.1935203874,
        "operatingIncome": 548562000,
        "operatingIncomeRatio": 0.1725169022,
        "totalOtherIncomeExpensesNet": -18157000,
        "incomeBeforeTax": 530405000,
        "incomeBeforeTaxRatio": 0.1668067193,
        "incomeTaxExpense": -94972000,
        "netIncome": 649001000,
        "netIncomeRatio": 0.2041038972,
        "eps": 1.63,
        "epsdiluted": 1.61,
        "weightedAverageShsOut": 397751000,
        "weightedAverageShsOutDil": 402261000,
        "link": "https://www.sec.gov/Archives/edgar/data/103379/000010337919000014/0000103379-19-000014-index.htm",
        "finalLink": "https://www.sec.gov/Archives/edgar/data/103379/000010337919000014/vfcq2202010-q.htm"
    },
    {
        "date": "2019-06-29",
        "symbol": "VFC",
        "reportedCurrency": "USD",
        "cik": "0000103379",
        "fillingDate": "2019-08-08",
        "acceptedDate": "2019-08-08 11:34:39",
        "calendarYear": "2020",
        "period": "Q1",
        "revenue": 2050654000,
        "costOfRevenue": 896284000,
        "grossProfit": 1154370000,
        "grossProfitRatio": 0.5629277294,
        "researchAndDevelopmentExpenses": 0,
        "generalAndAdministrativeExpenses": 0,
        "sellingAndMarketingExpenses": 0,
        "sellingGeneralAndAdministrativeExpenses": 1054020000,
        "otherExpenses": 4385000,
        "operatingExpenses": 1058405000,
        "costAndExpenses": 1954689000,
        "interestIncome": 6544000,
        "interestExpense": 22127000,
        "depreciationAndAmortization": 62236000,
        "ebitda": 162586000,
        "ebitdaratio": 0.0792849501,
        "operatingIncome": 95965000,
        "operatingIncomeRatio": 0.0467972657,
        "totalOtherIncomeExpensesNet": -10029000,
        "incomeBeforeTax": 85936000,
        "incomeBeforeTaxRatio": 0.0419066308,
        "incomeTaxExpense": 20663000,
        "netIncome": 49221000,
        "netIncomeRatio": 0.0240025865,
        "eps": 0.12,
        "epsdiluted": 0.12,
        "weightedAverageShsOut": 396727000,
        "weightedAverageShsOutDil": 401914000,
        "link": "https://www.sec.gov/Archives/edgar/data/103379/000010337919000010/0000103379-19-000010-index.htm",
        "finalLink": "https://www.sec.gov/Archives/edgar/data/103379/000010337919000010/vfcq1202010-q.htm"
    },
    {
        "date": "2019-03-30",
        "symbol": "VFC",
        "reportedCurrency": "USD",
        "cik": "0000103379",
        "fillingDate": "2019-05-24",
        "acceptedDate": "2019-05-24 15:55:36",
        "calendarYear": "2019",
        "period": "Q4",
        "revenue": 1682650000,
        "costOfRevenue": 626285000,
        "grossProfit": 1056365000,
        "grossProfitRatio": 0.6277984132,
        "researchAndDevelopmentExpenses": 0,
        "generalAndAdministrativeExpenses": 199811000,
        "sellingAndMarketingExpenses": 700500000,
        "sellingGeneralAndAdministrativeExpenses": 900311000,
        "otherExpenses": 144777000,
        "operatingExpenses": 1045088000,
        "costAndExpenses": 1671373000,
        "interestIncome": 11855000,
        "interestExpense": 24036000,
        "depreciationAndAmortization": 63680000,
        "ebitda": 219734000,
        "ebitdaratio": 0.1305880605,
        "operatingIncome": 11277000,
        "operatingIncomeRatio": 0.0067019285,
        "totalOtherIncomeExpensesNet": -22553000,
        "incomeBeforeTax": -11276000,
        "incomeBeforeTaxRatio": -0.0067013342,
        "incomeTaxExpense": 4906000,
        "netIncome": 128804000,
        "netIncomeRatio": 0.0765483018,
        "eps": 0.33,
        "epsdiluted": 0.32,
        "weightedAverageShsOut": 395405000,
        "weightedAverageShsOutDil": 400731000,
        "link": "https://www.sec.gov/Archives/edgar/data/103379/000010337919000006/0000103379-19-000006-index.htm",
        "finalLink": "https://www.sec.gov/Archives/edgar/data/103379/000010337919000006/vfc330201910-k.htm"
    },
    {
        "date": "2018-12-29",
        "symbol": "VFC",
        "reportedCurrency": "USD",
        "cik": "0000103379",
        "fillingDate": "2019-02-04",
        "acceptedDate": "2019-02-04 14:50:50",
        "calendarYear": "2019",
        "period": "Q3",
        "revenue": 3227712000,
        "costOfRevenue": 1464761000,
        "grossProfit": 1762951000,
        "grossProfitRatio": 0.5461921634,
        "researchAndDevelopmentExpenses": 0,
        "generalAndAdministrativeExpenses": 0,
        "sellingAndMarketingExpenses": 0,
        "sellingGeneralAndAdministrativeExpenses": 1242033000,
        "otherExpenses": 98000,
        "operatingExpenses": 1242131000,
        "costAndExpenses": 2706892000,
        "interestIncome": 4550000,
        "interestExpense": 28397000,
        "depreciationAndAmortization": 62790000,
        "ebitda": 583708000,
        "ebitdaratio": 0.1808426526,
        "operatingIncome": 520820000,
        "operatingIncomeRatio": 0.1613588821,
        "totalOtherIncomeExpensesNet": -26247000,
        "incomeBeforeTax": 494573000,
        "incomeBeforeTaxRatio": 0.1532271157,
        "incomeTaxExpense": 85453000,
        "netIncome": 463509000,
        "netIncomeRatio": 0.1436029609,
        "eps": 1.17,
        "epsdiluted": 1.16,
        "weightedAverageShsOut": 395294000,
        "weightedAverageShsOutDil": 399767000,
        "link": "https://www.sec.gov/Archives/edgar/data/103379/000010337919000003/0000103379-19-000003-index.htm",
        "finalLink": "https://www.sec.gov/Archives/edgar/data/103379/000010337919000003/vfcq3201910-q.htm"
    },
    {
        "date": "2018-09-29",
        "symbol": "VFC",
        "reportedCurrency": "USD",
        "cik": "0000103379",
        "fillingDate": "2018-10-31",
        "acceptedDate": "2018-10-31 15:14:32",
        "calendarYear": "2019",
        "period": "Q2",
        "revenue": 3219390000,
        "costOfRevenue": 1545391000,
        "grossProfit": 1673999000,
        "grossProfitRatio": 0.5199739702,
        "researchAndDevelopmentExpenses": 0,
        "generalAndAdministrativeExpenses": 0,
        "sellingAndMarketingExpenses": 0,
        "sellingGeneralAndAdministrativeExpenses": 1128749000,
        "otherExpenses": 264000,
        "operatingExpenses": 1129013000,
        "costAndExpenses": 2674404000,
        "interestIncome": 2845000,
        "interestExpense": 28358000,
        "depreciationAndAmortization": 76363000,
        "ebitda": 621613000,
        "ebitdaratio": 0.1930840936,
        "operatingIncome": 544986000,
        "operatingIncomeRatio": 0.1692823796,
        "totalOtherIncomeExpensesNet": -58791000,
        "incomeBeforeTax": 486195000,
        "incomeBeforeTaxRatio": 0.1510208456,
        "incomeTaxExpense": 70071000,
        "netIncome": 507121000,
        "netIncomeRatio": 0.1575208347,
        "eps": 1.28,
        "epsdiluted": 1.26,
        "weightedAverageShsOut": 395892000,
        "weightedAverageShsOutDil": 401939000,
        "link": "https://www.sec.gov/Archives/edgar/data/103379/000010337918000013/0000103379-18-000013-index.htm",
        "finalLink": "https://www.sec.gov/Archives/edgar/data/103379/000010337918000013/vfcq2201910-q.htm"
    },
    {
        "date": "2018-06-30",
        "symbol": "VFC",
        "reportedCurrency": "USD",
        "cik": "0000103379",
        "fillingDate": "2018-08-09",
        "acceptedDate": "2018-08-09 11:17:33",
        "calendarYear": "2019",
        "period": "Q1",
        "revenue": 2137135000,
        "costOfRevenue": 1005289000,
        "grossProfit": 1131846000,
        "grossProfitRatio": 0.5296090327,
        "researchAndDevelopmentExpenses": 0,
        "generalAndAdministrativeExpenses": 0,
        "sellingAndMarketingExpenses": 0,
        "sellingGeneralAndAdministrativeExpenses": 1030342000,
        "otherExpenses": -11595000,
        "operatingExpenses": 1018747000,
        "costAndExpenses": 2024036000,
        "interestIncome": 3393000,
        "interestExpense": 27277000,
        "depreciationAndAmortization": 52896000,
        "ebitda": 154400000,
        "ebitdaratio": 0.0722462549,
        "operatingIncome": 113099000,
        "operatingIncomeRatio": 0.0529208496,
        "totalOtherIncomeExpensesNet": -44278000,
        "incomeBeforeTax": 68821000,
        "incomeBeforeTaxRatio": 0.032202458,
        "incomeTaxExpense": 7457000,
        "netIncome": 160358000,
        "netIncomeRatio": 0.0750340994,
        "eps": 0.41,
        "epsdiluted": 0.4,
        "weightedAverageShsOut": 394165000,
        "weightedAverageShsOutDil": 399548000,
        "link": "https://www.sec.gov/Archives/edgar/data/103379/000010337918000009/0000103379-18-000009-index.htm",
        "finalLink": "https://www.sec.gov/Archives/edgar/data/103379/000010337918000009/vfcq1201910-q.htm"
    },
    {
        "date": "2018-03-31",
        "symbol": "VFC",
        "reportedCurrency": "USD",
        "cik": "0000103379",
        "fillingDate": "2018-03-31",
        "acceptedDate": "2018-03-31 00:00:00",
        "calendarYear": "2018",
        "period": "Q4",
        "revenue": 3045446000,
        "costOfRevenue": 1502235000,
        "grossProfit": 1543211000,
        "grossProfitRatio": 0.5067274219,
        "researchAndDevelopmentExpenses": 0,
        "generalAndAdministrativeExpenses": 1028293000,
        "sellingAndMarketingExpenses": 185700000,
        "sellingGeneralAndAdministrativeExpenses": 1213993000,
        "otherExpenses": 19153000,
        "operatingExpenses": 1233146000,
        "costAndExpenses": 2735381000,
        "interestIncome": 3228000,
        "interestExpense": 24393000,
        "depreciationAndAmortization": 70932000,
        "ebitda": 400150000,
        "ebitdaratio": 0.131392906,
        "operatingIncome": 310065000,
        "operatingIncomeRatio": 0.1018126737,
        "totalOtherIncomeExpensesNet": -15932000,
        "incomeBeforeTax": 294133000,
        "incomeBeforeTaxRatio": 0.0965812561,
        "incomeTaxExpense": 32969000,
        "netIncome": 252793000,
        "netIncomeRatio": 0.0830068896,
        "eps": 0.64,
        "epsdiluted": 0.63,
        "weightedAverageShsOut": 395253000,
        "weightedAverageShsOutDil": 401276000,
        "link": null,
        "finalLink": null
    },
    {
        "date": "2017-12-30",
        "symbol": "VFC",
        "reportedCurrency": "USD",
        "cik": "0000103379",
        "fillingDate": "2018-02-28",
        "acceptedDate": "2018-02-28 13:47:50",
        "calendarYear": "2018",
        "period": "Q3",
        "revenue": 3361101000,
        "costOfRevenue": 1612697000,
        "grossProfit": 1748404000,
        "grossProfitRatio": 0.5201878789,
        "researchAndDevelopmentExpenses": 0,
        "generalAndAdministrativeExpenses": 541344000,
        "sellingAndMarketingExpenses": 715900000,
        "sellingGeneralAndAdministrativeExpenses": 1257244000,
        "otherExpenses": -68485000,
        "operatingExpenses": 1188759000,
        "costAndExpenses": 2801456000,
        "interestIncome": 4423000,
        "interestExpense": 26971000,
        "depreciationAndAmortization": 85913000,
        "ebitda": 577073000,
        "ebitdaratio": 0.171691657,
        "operatingIncome": 559645000,
        "operatingIncomeRatio": 0.1665064513,
        "totalOtherIncomeExpensesNet": -21211000,
        "incomeBeforeTax": 538434000,
        "incomeBeforeTaxRatio": 0.1601957216,
        "incomeTaxExpense": 533533000,
        "netIncome": -90269000,
        "netIncomeRatio": -0.0268569734,
        "eps": -0.23,
        "epsdiluted": -0.23,
        "weightedAverageShsOut": 394577000,
        "weightedAverageShsOutDil": 400378000,
        "link": "https://www.sec.gov/Archives/edgar/data/103379/000010337918000003/0000103379-18-000003-index.htm",
        "finalLink": "https://www.sec.gov/Archives/edgar/data/103379/000010337918000003/vfc1230201710-k.htm"
    },
    {
        "date": "2017-09-30",
        "symbol": "VFC",
        "reportedCurrency": "USD",
        "cik": "0000103379",
        "fillingDate": "2017-11-02",
        "acceptedDate": "2017-11-02 17:29:50",
        "calendarYear": "2018",
        "period": "Q2",
        "revenue": 3508818000,
        "costOfRevenue": 1751748000,
        "grossProfit": 1757070000,
        "grossProfitRatio": 0.500758375,
        "researchAndDevelopmentExpenses": 0,
        "generalAndAdministrativeExpenses": 0,
        "sellingAndMarketingExpenses": 0,
        "sellingGeneralAndAdministrativeExpenses": 1159870000,
        "otherExpenses": 113251000,
        "operatingExpenses": 1273121000,
        "costAndExpenses": 3024869000,
        "interestIncome": 4571000,
        "interestExpense": 27108000,
        "depreciationAndAmortization": 72682000,
        "ebitda": 669882000,
        "ebitdaratio": 0.1909138633,
        "operatingIncome": 483949000,
        "operatingIncomeRatio": 0.1379236541,
        "totalOtherIncomeExpensesNet": -22869000,
        "incomeBeforeTax": 461080000,
        "incomeBeforeTaxRatio": 0.1314060746,
        "incomeTaxExpense": 74316000,
        "netIncome": 386140000,
        "netIncomeRatio": 0.1100484551,
        "eps": 0.98,
        "epsdiluted": 0.97,
        "weightedAverageShsOut": 393258000,
        "weightedAverageShsOutDil": 397384000,
        "link": "https://www.sec.gov/Archives/edgar/data/103379/000010337917000009/0000103379-17-000009-index.htm",
        "finalLink": "https://www.sec.gov/Archives/edgar/data/103379/000010337917000009/vfcq3201710-q.htm"
    },
    {
        "date": "2017-07-01",
        "symbol": "VFC",
        "reportedCurrency": "USD",
        "cik": "0000103379",
        "fillingDate": "2017-08-02",
        "acceptedDate": "2017-08-02 14:22:57",
        "calendarYear": "2018",
        "period": "Q1",
        "revenue": 2359581000,
        "costOfRevenue": 1187011000,
        "grossProfit": 1172570000,
        "grossProfitRatio": 0.4969399228,
        "researchAndDevelopmentExpenses": 0,
        "generalAndAdministrativeExpenses": 0,
        "sellingAndMarketingExpenses": 0,
        "sellingGeneralAndAdministrativeExpenses": 1004548000,
        "otherExpenses": 0,
        "operatingExpenses": 1004548000,
        "costAndExpenses": 2191559000,
        "interestIncome": 3583000,
        "interestExpense": 24190000,
        "depreciationAndAmortization": 65470000,
        "ebitda": 233492000,
        "ebitdaratio": 0.0989548568,
        "operatingIncome": 168022000,
        "operatingIncomeRatio": 0.0712084052,
        "totalOtherIncomeExpensesNet": -22260000,
        "incomeBeforeTax": 145762000,
        "incomeBeforeTaxRatio": 0.0617745269,
        "incomeTaxExpense": 30897000,
        "netIncome": 109889000,
        "netIncomeRatio": 0.046571404,
        "eps": 0.29,
        "epsdiluted": 0.29,
        "weightedAverageShsOut": 397065000,
        "weightedAverageShsOutDil": 400512000,
        "link": "https://www.sec.gov/Archives/edgar/data/103379/000010337917000006/0000103379-17-000006-index.htm",
        "finalLink": "https://www.sec.gov/Archives/edgar/data/103379/000010337917000006/vfcq2201710-q.htm"
    },
    {
        "date": "2017-04-01",
        "symbol": "VFC",
        "reportedCurrency": "USD",
        "cik": "0000103379",
        "fillingDate": "2017-05-10",
        "acceptedDate": "2017-05-10 14:48:53",
        "calendarYear": "2017",
        "period": "Q4",
        "revenue": 2581677000,
        "costOfRevenue": 1286685000,
        "grossProfit": 1294992000,
        "grossProfitRatio": 0.501608838,
        "researchAndDevelopmentExpenses": 0,
        "generalAndAdministrativeExpenses": 0,
        "sellingAndMarketingExpenses": 0,
        "sellingGeneralAndAdministrativeExpenses": 1003518000,
        "otherExpenses": 0,
        "operatingExpenses": 1003518000,
        "costAndExpenses": 2290203000,
        "interestIncome": 3518000,
        "interestExpense": 23706000,
        "depreciationAndAmortization": 66438000,
        "ebitda": 357912000,
        "ebitdaratio": 0.1386354683,
        "operatingIncome": 291474000,
        "operatingIncomeRatio": 0.1129010329,
        "totalOtherIncomeExpensesNet": -20255000,
        "incomeBeforeTax": 271219000,
        "incomeBeforeTaxRatio": 0.1050553574,
        "incomeTaxExpense": 56540000,
        "netIncome": 209163000,
        "netIncomeRatio": 0.0810182684,
        "eps": 0.52,
        "epsdiluted": 0.52,
        "weightedAverageShsOut": 411990000,
        "weightedAverageShsOutDil": 415960000,
        "link": "https://www.sec.gov/Archives/edgar/data/103379/000162828017005333/0001628280-17-005333-index.htm",
        "finalLink": "https://www.sec.gov/Archives/edgar/data/103379/000162828017005333/vfcq1201710-q.htm"
    },
    {
        "date": "2016-12-31",
        "symbol": "VFC",
        "reportedCurrency": "USD",
        "cik": "0000103379",
        "fillingDate": "2017-03-01",
        "acceptedDate": "2017-03-01 11:56:45",
        "calendarYear": "2017",
        "period": "Q3",
        "revenue": 2743548000,
        "costOfRevenue": 1337605000,
        "grossProfit": 1405943000,
        "grossProfitRatio": 0.512454311,
        "researchAndDevelopmentExpenses": 0,
        "generalAndAdministrativeExpenses": 371605000,
        "sellingAndMarketingExpenses": 637600000,
        "sellingGeneralAndAdministrativeExpenses": 1009205000,
        "otherExpenses": 142944000,
        "operatingExpenses": 1152149000,
        "costAndExpenses": 2489754000,
        "interestIncome": 2701000,
        "interestExpense": 24281000,
        "depreciationAndAmortization": 86986000,
        "ebitda": 483724000,
        "ebitdaratio": 0.1763132994,
        "operatingIncome": 253794000,
        "operatingIncomeRatio": 0.0925057626,
        "totalOtherIncomeExpensesNet": -21258000,
        "incomeBeforeTax": 232536000,
        "incomeBeforeTaxRatio": 0.0847574017,
        "incomeTaxExpense": 17334000,
        "netIncome": 264333000,
        "netIncomeRatio": 0.0963471388,
        "eps": 0.64,
        "epsdiluted": 0.63,
        "weightedAverageShsOut": 413214000,
        "weightedAverageShsOutDil": 417891000,
        "link": "https://www.sec.gov/Archives/edgar/data/103379/000162828017002027/0001628280-17-002027-index.htm",
        "finalLink": "https://www.sec.gov/Archives/edgar/data/103379/000162828017002027/vfc1231201610-k.htm"
    },
    {
        "date": "2016-10-01",
        "symbol": "VFC",
        "reportedCurrency": "USD",
        "cik": "0000103379",
        "fillingDate": "2016-11-03",
        "acceptedDate": "2016-11-03 16:21:17",
        "calendarYear": "2017",
        "period": "Q2",
        "revenue": 3327716000,
        "costOfRevenue": 1693071000,
        "grossProfit": 1634645000,
        "grossProfitRatio": 0.4912213061,
        "researchAndDevelopmentExpenses": 0,
        "generalAndAdministrativeExpenses": 0,
        "sellingAndMarketingExpenses": 0,
        "sellingGeneralAndAdministrativeExpenses": 1026397999,
        "otherExpenses": 0,
        "operatingExpenses": 1026398000,
        "costAndExpenses": 2719469000,
        "interestIncome": 2195000,
        "interestExpense": 24783000,
        "depreciationAndAmortization": 57119000,
        "ebitda": 665366000,
        "ebitdaratio": 0.1999467503,
        "operatingIncome": 608247000,
        "operatingIncomeRatio": 0.1827821244,
        "totalOtherIncomeExpensesNet": -23665000,
        "incomeBeforeTax": 584582000,
        "incomeBeforeTaxRatio": 0.1756706402,
        "incomeTaxExpense": 99358000,
        "netIncome": 498489000,
        "netIncomeRatio": 0.1497991415,
        "eps": 1.22,
        "epsdiluted": 1.2,
        "weightedAverageShsOut": 413461000,
        "weightedAverageShsOutDil": 419240000,
        "link": "https://www.sec.gov/Archives/edgar/data/103379/000119312516758861/0001193125-16-758861-index.htm",
        "finalLink": "https://www.sec.gov/Archives/edgar/data/103379/000119312516758861/d436925d10q.htm"
    },
    {
        "date": "2016-07-02",
        "symbol": "VFC",
        "reportedCurrency": "USD",
        "cik": "0000103379",
        "fillingDate": "2016-08-05",
        "acceptedDate": "2016-08-05 16:25:07",
        "calendarYear": "2017",
        "period": "Q1",
        "revenue": 2320466000,
        "costOfRevenue": 1185247000,
        "grossProfit": 1135219000,
        "grossProfitRatio": 0.4892202687,
        "researchAndDevelopmentExpenses": 0,
        "generalAndAdministrativeExpenses": 0,
        "sellingAndMarketingExpenses": 0,
        "sellingGeneralAndAdministrativeExpenses": 940797000,
        "otherExpenses": 0,
        "operatingExpenses": 940797000,
        "costAndExpenses": 2126044000,
        "interestIncome": 2209000,
        "interestExpense": 23630000,
        "depreciationAndAmortization": 69441999,
        "ebitda": 263863999,
        "ebitdaratio": 0.113711642,
        "operatingIncome": 194422000,
        "operatingIncomeRatio": 0.0837857568,
        "totalOtherIncomeExpensesNet": -19893000,
        "incomeBeforeTax": 174529000,
        "incomeBeforeTaxRatio": 0.0752129098,
        "incomeTaxExpense": 38036000,
        "netIncome": 51015000,
        "netIncomeRatio": 0.0219848082,
        "eps": 0.35,
        "epsdiluted": 0.12,
        "weightedAverageShsOut": 415991000,
        "weightedAverageShsOutDil": 422059000,
        "link": "https://www.sec.gov/Archives/edgar/data/103379/000119312516673515/0001193125-16-673515-index.htm",
        "finalLink": "https://www.sec.gov/Archives/edgar/data/103379/000119312516673515/d215759d10q.htm"
    },
    {
        "date": "2016-04-02",
        "symbol": "VFC",
        "reportedCurrency": "USD",
        "cik": "0000103379",
        "fillingDate": "2016-05-10",
        "acceptedDate": "2016-05-10 15:30:18",
        "calendarYear": "2016",
        "period": "Q4",
        "revenue": 2634417000,
        "costOfRevenue": 1350700000,
        "grossProfit": 1283717000,
        "grossProfitRatio": 0.4872869405,
        "researchAndDevelopmentExpenses": 0,
        "generalAndAdministrativeExpenses": 0,
        "sellingAndMarketingExpenses": 0,
        "sellingGeneralAndAdministrativeExpenses": 971920000,
        "otherExpenses": 0,
        "operatingExpenses": 971920000,
        "costAndExpenses": 2322620000,
        "interestIncome": 1990000,
        "interestExpense": 22028000,
        "depreciationAndAmortization": 68030000,
        "ebitda": 379827000,
        "ebitdaratio": 0.144178769,
        "operatingIncome": 311797000,
        "operatingIncomeRatio": 0.1183552186,
        "totalOtherIncomeExpensesNet": -18728000,
        "incomeBeforeTax": 293069000,
        "incomeBeforeTaxRatio": 0.1112462454,
        "incomeTaxExpense": 51134000,
        "netIncome": 260269000,
        "netIncomeRatio": 0.0987956728,
        "eps": 0.57,
        "epsdiluted": 0.56,
        "weightedAverageShsOut": 421748000,
        "weightedAverageShsOutDil": 429133000,
        "link": "https://www.sec.gov/Archives/edgar/data/103379/000119312516585493/0001193125-16-585493-index.htm",
        "finalLink": "https://www.sec.gov/Archives/edgar/data/103379/000119312516585493/d125937d10q.htm"
    },
    {
        "date": "2016-01-02",
        "symbol": "VFC",
        "reportedCurrency": "USD",
        "cik": "0000103379",
        "fillingDate": "2016-03-02",
        "acceptedDate": "2016-03-02 14:38:12",
        "calendarYear": "2016",
        "period": "Q3",
        "revenue": 2290017000,
        "costOfRevenue": 1090435000,
        "grossProfit": 1199582000,
        "grossProfitRatio": 0.5238310458,
        "researchAndDevelopmentExpenses": 0,
        "generalAndAdministrativeExpenses": 0,
        "sellingAndMarketingExpenses": 0,
        "sellingGeneralAndAdministrativeExpenses": 804646000,
        "otherExpenses": 0,
        "operatingExpenses": 804646000,
        "costAndExpenses": 1895081000,
        "interestIncome": 1653000,
        "interestExpense": 22218000,
        "depreciationAndAmortization": 73771000,
        "ebitda": 468707000,
        "ebitdaratio": 0.2046740264,
        "operatingIncome": 394936000,
        "operatingIncomeRatio": 0.1724598551,
        "totalOtherIncomeExpensesNet": -19574000,
        "incomeBeforeTax": 375362000,
        "incomeBeforeTaxRatio": 0.1639123203,
        "incomeTaxExpense": 66908000,
        "netIncome": 312209000,
        "netIncomeRatio": 0.1363347958,
        "eps": 0.73,
        "epsdiluted": 0.72,
        "weightedAverageShsOut": 425814000,
        "weightedAverageShsOutDil": 432036000,
        "link": "https://www.sec.gov/Archives/edgar/data/103379/000119312516489832/0001193125-16-489832-index.htm",
        "finalLink": "https://www.sec.gov/Archives/edgar/data/103379/000119312516489832/d240426d10k.htm"
    },
    {
        "date": "2015-10-03",
        "symbol": "VFC",
        "reportedCurrency": "USD",
        "cik": "0000103379",
        "fillingDate": "2015-11-06",
        "acceptedDate": "2015-11-06 14:48:39",
        "calendarYear": "2016",
        "period": "Q2",
        "revenue": 3529626000,
        "costOfRevenue": 1844441000,
        "grossProfit": 1685185000,
        "grossProfitRatio": 0.4774401027,
        "researchAndDevelopmentExpenses": 0,
        "generalAndAdministrativeExpenses": 0,
        "sellingAndMarketingExpenses": 0,
        "sellingGeneralAndAdministrativeExpenses": 1045622000,
        "otherExpenses": 0,
        "operatingExpenses": 1045622000,
        "costAndExpenses": 2890063000,
        "interestIncome": 1506000,
        "interestExpense": 22163000,
        "depreciationAndAmortization": 69039000,
        "ebitda": 708602000,
        "ebitdaratio": 0.2007583806,
        "operatingIncome": 639563000,
        "operatingIncomeRatio": 0.1811985179,
        "totalOtherIncomeExpensesNet": -21935000,
        "incomeBeforeTax": 617628000,
        "incomeBeforeTaxRatio": 0.1749839785,
        "incomeTaxExpense": 159993000,
        "netIncome": 459864000,
        "netIncomeRatio": 0.1302868916,
        "eps": 1.08,
        "epsdiluted": 1.06,
        "weightedAverageShsOut": 425208000,
        "weightedAverageShsOutDil": 431460000,
        "link": "https://www.sec.gov/Archives/edgar/data/103379/000119312515369938/0001193125-15-369938-index.htm",
        "finalLink": "https://www.sec.gov/Archives/edgar/data/103379/000119312515369938/d91328d10q.htm"
    },
    {
        "date": "2015-07-04",
        "symbol": "VFC",
        "reportedCurrency": "USD",
        "cik": "0000103379",
        "fillingDate": "2015-08-07",
        "acceptedDate": "2015-08-07 15:44:26",
        "calendarYear": "2016",
        "period": "Q1",
        "revenue": 2426986000,
        "costOfRevenue": 1260938000,
        "grossProfit": 1166048000,
        "grossProfitRatio": 0.4804510615,
        "researchAndDevelopmentExpenses": 0,
        "generalAndAdministrativeExpenses": 0,
        "sellingAndMarketingExpenses": 0,
        "sellingGeneralAndAdministrativeExpenses": 947068000,
        "otherExpenses": 0,
        "operatingExpenses": 947068000,
        "costAndExpenses": 2208006000,
        "interestIncome": 1895000,
        "interestExpense": 22860000,
        "depreciationAndAmortization": 63385000,
        "ebitda": 282365000,
        "ebitdaratio": 0.1163438932,
        "operatingIncome": 218980000,
        "operatingIncomeRatio": 0.0902271377,
        "totalOtherIncomeExpensesNet": -20293000,
        "incomeBeforeTax": 198687000,
        "incomeBeforeTaxRatio": 0.081865738,
        "incomeTaxExpense": 30845000,
        "netIncome": 170811000,
        "netIncomeRatio": 0.0703798868,
        "eps": 0.4,
        "epsdiluted": 0.4,
        "weightedAverageShsOut": 424349000,
        "weightedAverageShsOutDil": 430703000,
        "link": "https://www.sec.gov/Archives/edgar/data/103379/000119312515283008/0001193125-15-283008-index.htm",
        "finalLink": "https://www.sec.gov/Archives/edgar/data/103379/000119312515283008/d949763d10q.htm"
    },
    {
        "date": "2015-04-04",
        "symbol": "VFC",
        "reportedCurrency": "USD",
        "cik": "0000103379",
        "fillingDate": "2015-05-12",
        "acceptedDate": "2015-05-12 14:30:34",
        "calendarYear": "2015",
        "period": "Q4",
        "revenue": 2749764000,
        "costOfRevenue": 1407952000,
        "grossProfit": 1341812000,
        "grossProfitRatio": 0.4879735134,
        "researchAndDevelopmentExpenses": 0,
        "generalAndAdministrativeExpenses": 0,
        "sellingAndMarketingExpenses": 0,
        "sellingGeneralAndAdministrativeExpenses": 950463000,
        "otherExpenses": 0,
        "operatingExpenses": 950463000,
        "costAndExpenses": 2358415000,
        "interestIncome": 2098000,
        "interestExpense": 21849000,
        "depreciationAndAmortization": 65880000,
        "ebitda": 457229000,
        "ebitdaratio": 0.1662793607,
        "operatingIncome": 391349000,
        "operatingIncomeRatio": 0.142320941,
        "totalOtherIncomeExpensesNet": -18769000,
        "incomeBeforeTax": 372580000,
        "incomeBeforeTaxRatio": 0.1354952643,
        "incomeTaxExpense": 89455000,
        "netIncome": 288709000,
        "netIncomeRatio": 0.1049941013,
        "eps": 0.68,
        "epsdiluted": 0.67,
        "weightedAverageShsOut": 426255000,
        "weightedAverageShsOutDil": 434103000,
        "link": "https://www.sec.gov/Archives/edgar/data/103379/000119312515183697/0001193125-15-183697-index.htm",
        "finalLink": "https://www.sec.gov/Archives/edgar/data/103379/000119312515183697/d896391d10q.htm"
    },
    {
        "date": "2015-01-03",
        "symbol": "VFC",
        "reportedCurrency": "USD",
        "cik": "0000103379",
        "fillingDate": "2015-03-03",
        "acceptedDate": "2015-03-03 16:39:25",
        "calendarYear": "2015",
        "period": "Q3",
        "revenue": 3578860000,
        "costOfRevenue": 1823625000,
        "grossProfit": 1755235000,
        "grossProfitRatio": 0.4904452815,
        "researchAndDevelopmentExpenses": 0,
        "generalAndAdministrativeExpenses": 463529000,
        "sellingAndMarketingExpenses": 713700000,
        "sellingGeneralAndAdministrativeExpenses": 1177229000,
        "otherExpenses": 396362000,
        "operatingExpenses": 1573591000,
        "costAndExpenses": 3397216000,
        "interestIncome": 2209000,
        "interestExpense": 22195000,
        "depreciationAndAmortization": 74364000,
        "ebitda": 652370000,
        "ebitdaratio": 0.1822843028,
        "operatingIncome": 181644000,
        "operatingIncomeRatio": 0.0507547096,
        "totalOtherIncomeExpensesNet": -21321000,
        "incomeBeforeTax": 160323000,
        "incomeBeforeTaxRatio": 0.0447972259,
        "incomeTaxExpense": 38222000,
        "netIncome": 122101000,
        "netIncomeRatio": 0.0341172887,
        "eps": 0.28,
        "epsdiluted": 0.28,
        "weightedAverageShsOut": 436925000,
        "weightedAverageShsOutDil": 439695000,
        "link": "https://www.sec.gov/Archives/edgar/data/103379/000119312515075174/0001193125-15-075174-index.htm",
        "finalLink": "https://www.sec.gov/Archives/edgar/data/103379/000119312515075174/d838659d10k.htm"
    },
    {
        "date": "2014-09-27",
        "symbol": "VFC",
        "reportedCurrency": "USD",
        "cik": "0000103379",
        "fillingDate": "2014-11-04",
        "acceptedDate": "2014-11-04 15:45:34",
        "calendarYear": "2015",
        "period": "Q2",
        "revenue": 3520447000,
        "costOfRevenue": 1818655000,
        "grossProfit": 1701792000,
        "grossProfitRatio": 0.4834022498,
        "researchAndDevelopmentExpenses": 0,
        "generalAndAdministrativeExpenses": 0,
        "sellingAndMarketingExpenses": 0,
        "sellingGeneralAndAdministrativeExpenses": 1068710000,
        "otherExpenses": 0,
        "operatingExpenses": 1068710000,
        "costAndExpenses": 2887365000,
        "interestIncome": 1852000,
        "interestExpense": 22555000,
        "depreciationAndAmortization": 69318000,
        "ebitda": 702400000,
        "ebitdaratio": 0.1995201178,
        "operatingIncome": 633082000,
        "operatingIncomeRatio": 0.1798300045,
        "totalOtherIncomeExpensesNet": -22312000,
        "incomeBeforeTax": 610770000,
        "incomeBeforeTaxRatio": 0.173492173,
        "incomeTaxExpense": 140241000,
        "netIncome": 470529000,
        "netIncomeRatio": 0.1336560386,
        "eps": 1.09,
        "epsdiluted": 1.08,
        "weightedAverageShsOut": 430638000,
        "weightedAverageShsOutDil": 437587000,
        "link": "https://www.sec.gov/Archives/edgar/data/103379/000119312514396147/0001193125-14-396147-index.htm",
        "finalLink": "https://www.sec.gov/Archives/edgar/data/103379/000119312514396147/d788635d10q.htm"
    },
    {
        "date": "2014-06-28",
        "symbol": "VFC",
        "reportedCurrency": "USD",
        "cik": "0000103379",
        "fillingDate": "2014-08-05",
        "acceptedDate": "2014-08-05 15:33:35",
        "calendarYear": "2015",
        "period": "Q1",
        "revenue": 2402076000,
        "costOfRevenue": 1239344000,
        "grossProfit": 1162732000,
        "grossProfitRatio": 0.4840529609,
        "researchAndDevelopmentExpenses": 0,
        "generalAndAdministrativeExpenses": 0,
        "sellingAndMarketingExpenses": 0,
        "sellingGeneralAndAdministrativeExpenses": 942924000,
        "otherExpenses": 0,
        "operatingExpenses": 942924000,
        "costAndExpenses": 2182268000,
        "interestIncome": 1519000,
        "interestExpense": 21338000,
        "depreciationAndAmortization": 67184000,
        "ebitda": 286992000,
        "ebitdaratio": 0.1194766527,
        "operatingIncome": 219808000,
        "operatingIncomeRatio": 0.0915075127,
        "totalOtherIncomeExpensesNet": -20327000,
        "incomeBeforeTax": 199481000,
        "incomeBeforeTaxRatio": 0.0830452492,
        "incomeTaxExpense": 41799000,
        "netIncome": 157682000,
        "netIncomeRatio": 0.0656440512,
        "eps": 0.37,
        "epsdiluted": 0.36,
        "weightedAverageShsOut": 437131000,
        "weightedAverageShsOutDil": 437131000,
        "link": "https://www.sec.gov/Archives/edgar/data/103379/000119312514295667/0001193125-14-295667-index.htm",
        "finalLink": "https://www.sec.gov/Archives/edgar/data/103379/000119312514295667/d750245d10q.htm"
    },
    {
        "date": "2014-03-29",
        "symbol": "VFC",
        "reportedCurrency": "USD",
        "cik": "0000103379",
        "fillingDate": "2014-05-07",
        "acceptedDate": "2014-05-07 14:08:01",
        "calendarYear": "2014",
        "period": "Q4",
        "revenue": 2780778000,
        "costOfRevenue": 1406566000,
        "grossProfit": 1374212000,
        "grossProfitRatio": 0.4941825633,
        "researchAndDevelopmentExpenses": 0,
        "generalAndAdministrativeExpenses": 0,
        "sellingAndMarketingExpenses": 0,
        "sellingGeneralAndAdministrativeExpenses": 971022000,
        "otherExpenses": 0,
        "operatingExpenses": 973114000,
        "costAndExpenses": 2379680000,
        "interestIncome": 1331000,
        "interestExpense": 20637000,
        "depreciationAndAmortization": 64017000,
        "ebitda": 467207000,
        "ebitdaratio": 0.1680130525,
        "operatingIncome": 403190000,
        "operatingIncomeRatio": 0.1449917973,
        "totalOtherIncomeExpensesNet": -21398000,
        "incomeBeforeTax": 381792000,
        "incomeBeforeTaxRatio": 0.1372968284,
        "incomeTaxExpense": 84599000,
        "netIncome": 297193000,
        "netIncomeRatio": 0.1068740475,
        "eps": 0.68,
        "epsdiluted": 0.67,
        "weightedAverageShsOut": 438290000,
        "weightedAverageShsOutDil": 446266000,
        "link": "https://www.sec.gov/Archives/edgar/data/103379/000119312514187089/0001193125-14-187089-index.htm",
        "finalLink": "https://www.sec.gov/Archives/edgar/data/103379/000119312514187089/d698463d10q.htm"
    },
    {
        "date": "2013-12-28",
        "symbol": "VFC",
        "reportedCurrency": "USD",
        "cik": "0000103379",
        "fillingDate": "2014-02-26",
        "acceptedDate": "2014-02-26 15:07:48",
        "calendarYear": "2014",
        "period": "Q3",
        "revenue": 3290099000,
        "costOfRevenue": 1704690000,
        "grossProfit": 1585409000,
        "grossProfitRatio": 0.4818727339,
        "researchAndDevelopmentExpenses": 0,
        "generalAndAdministrativeExpenses": 0,
        "sellingAndMarketingExpenses": 671300000,
        "sellingGeneralAndAdministrativeExpenses": 1066327000,
        "otherExpenses": 0,
        "operatingExpenses": 1079329000,
        "costAndExpenses": 2784019000,
        "interestIncome": 1577000,
        "interestExpense": 20985000,
        "depreciationAndAmortization": 72164000,
        "ebitda": 591246000,
        "ebitdaratio": 0.1797046229,
        "operatingIncome": 519082000,
        "operatingIncomeRatio": 0.1577709364,
        "totalOtherIncomeExpensesNet": -32410000,
        "incomeBeforeTax": 486672000,
        "incomeBeforeTaxRatio": 0.147920169,
        "incomeTaxExpense": 119005000,
        "netIncome": 367667000,
        "netIncomeRatio": 0.1117495249,
        "eps": 0.84,
        "epsdiluted": 0.82,
        "weightedAverageShsOut": 439023000,
        "weightedAverageShsOutDil": 447746000,
        "link": "https://www.sec.gov/Archives/edgar/data/103379/000119312514069474/0001193125-14-069474-index.htm",
        "finalLink": "https://www.sec.gov/Archives/edgar/data/103379/000119312514069474/d647537d10k.htm"
    },
    {
        "date": "2013-09-28",
        "symbol": "VFC",
        "reportedCurrency": "USD",
        "cik": "0000103379",
        "fillingDate": "2013-11-06",
        "acceptedDate": "2013-11-06 10:32:02",
        "calendarYear": "2014",
        "period": "Q2",
        "revenue": 3520447000,
        "costOfRevenue": 1818655000,
        "grossProfit": 1701792000,
        "grossProfitRatio": 0.4834022498,
        "researchAndDevelopmentExpenses": 0,
        "generalAndAdministrativeExpenses": 0,
        "sellingAndMarketingExpenses": 0,
        "sellingGeneralAndAdministrativeExpenses": 1068710000,
        "otherExpenses": 0,
        "operatingExpenses": 1070319000,
        "costAndExpenses": 2888974000,
        "interestIncome": 1259000,
        "interestExpense": 21246000,
        "depreciationAndAmortization": 69318000,
        "ebitda": 702400000,
        "ebitdaratio": 0.1995201178,
        "operatingIncome": 633082000,
        "operatingIncomeRatio": 0.1798300045,
        "totalOtherIncomeExpensesNet": -22312000,
        "incomeBeforeTax": 610770000,
        "incomeBeforeTaxRatio": 0.173492173,
        "incomeTaxExpense": 140241000,
        "netIncome": 470529000,
        "netIncomeRatio": 0.1336560386,
        "eps": 0.99,
        "epsdiluted": 0.97,
        "weightedAverageShsOut": 438180000,
        "weightedAverageShsOutDil": 445620000,
        "link": "https://www.sec.gov/Archives/edgar/data/103379/000119312513429308/0001193125-13-429308-index.htm",
        "finalLink": "https://www.sec.gov/Archives/edgar/data/103379/000119312513429308/d601095d10q.htm"
    },
    {
        "date": "2013-06-29",
        "symbol": "VFC",
        "reportedCurrency": "USD",
        "cik": "0000103379",
        "fillingDate": "2013-08-07",
        "acceptedDate": "2013-08-07 16:19:33",
        "calendarYear": "2014",
        "period": "Q1",
        "revenue": 2402076000,
        "costOfRevenue": 1239344000,
        "grossProfit": 1162732000,
        "grossProfitRatio": 0.4840529609,
        "researchAndDevelopmentExpenses": 0,
        "generalAndAdministrativeExpenses": 0,
        "sellingAndMarketingExpenses": 0,
        "sellingGeneralAndAdministrativeExpenses": 942924000,
        "otherExpenses": 0,
        "operatingExpenses": 943432000,
        "costAndExpenses": 2182776000,
        "interestIncome": 815000,
        "interestExpense": 21534000,
        "depreciationAndAmortization": 67184000,
        "ebitda": 286992000,
        "ebitdaratio": 0.1194766527,
        "operatingIncome": 219808000,
        "operatingIncomeRatio": 0.0915075127,
        "totalOtherIncomeExpensesNet": -20327000,
        "incomeBeforeTax": 199481000,
        "incomeBeforeTaxRatio": 0.0830452492,
        "incomeTaxExpense": 41799000,
        "netIncome": 157682000,
        "netIncomeRatio": 0.0656440512,
        "eps": 0.32,
        "epsdiluted": 0.31,
        "weightedAverageShsOut": 437096000,
        "weightedAverageShsOutDil": 445916000,
        "link": "https://www.sec.gov/Archives/edgar/data/103379/000119312513324222/0001193125-13-324222-index.htm",
        "finalLink": "https://www.sec.gov/Archives/edgar/data/103379/000119312513324222/d557119d10q.htm"
    },
    {
        "date": "2013-03-30",
        "symbol": "VFC",
        "reportedCurrency": "USD",
        "cik": "0000103379",
        "fillingDate": "2013-05-08",
        "acceptedDate": "2013-05-08 13:24:16",
        "calendarYear": "2013",
        "period": "Q4",
        "revenue": 2780778000,
        "costOfRevenue": 1406566000,
        "grossProfit": 1374212000,
        "grossProfitRatio": 0.4941825633,
        "researchAndDevelopmentExpenses": 0,
        "generalAndAdministrativeExpenses": 0,
        "sellingAndMarketingExpenses": 0,
        "sellingGeneralAndAdministrativeExpenses": 971022000,
        "otherExpenses": 0,
        "operatingExpenses": 973114000,
        "costAndExpenses": 2379680000,
        "interestIncome": 490000,
        "interestExpense": 21008000,
        "depreciationAndAmortization": 64017000,
        "ebitda": 467207000,
        "ebitdaratio": 0.1680130525,
        "operatingIncome": 403190000,
        "operatingIncomeRatio": 0.1449917973,
        "totalOtherIncomeExpensesNet": -21398000,
        "incomeBeforeTax": 381792000,
        "incomeBeforeTaxRatio": 0.1372968284,
        "incomeTaxExpense": 84599000,
        "netIncome": 297193000,
        "netIncomeRatio": 0.1068740475,
        "eps": 0.61,
        "epsdiluted": 0.6,
        "weightedAverageShsOut": 440272000,
        "weightedAverageShsOutDil": 447896000,
        "link": "https://www.sec.gov/Archives/edgar/data/103379/000119312513206864/0001193125-13-206864-index.htm",
        "finalLink": "https://www.sec.gov/Archives/edgar/data/103379/000119312513206864/d511309d10q.htm"
    },
    {
        "date": "2012-12-29",
        "symbol": "VFC",
        "reportedCurrency": "USD",
        "cik": "0000103379",
        "fillingDate": "2013-02-27",
        "acceptedDate": "2013-02-27 16:09:00",
        "calendarYear": "2013",
        "period": "Q3",
        "revenue": 3290099000,
        "costOfRevenue": 1704690000,
        "grossProfit": 1585409000,
        "grossProfitRatio": 0.4818727339,
        "researchAndDevelopmentExpenses": 0,
        "generalAndAdministrativeExpenses": 0,
        "sellingAndMarketingExpenses": 671300000,
        "sellingGeneralAndAdministrativeExpenses": 1066327000,
        "otherExpenses": 0,
        "operatingExpenses": 1079329000,
        "costAndExpenses": 2784019000,
        "interestIncome": 495000,
        "interestExpense": 22826000,
        "depreciationAndAmortization": 72164000,
        "ebitda": 591246000,
        "ebitdaratio": 0.1797046229,
        "operatingIncome": 519082000,
        "operatingIncomeRatio": 0.1577709364,
        "totalOtherIncomeExpensesNet": -32410000,
        "incomeBeforeTax": 486672000,
        "incomeBeforeTaxRatio": 0.147920169,
        "incomeTaxExpense": 119005000,
        "netIncome": 367667000,
        "netIncomeRatio": 0.1117495249,
        "eps": 0.76,
        "epsdiluted": 0.75,
        "weightedAverageShsOut": 439572000,
        "weightedAverageShsOutDil": 448240000,
        "link": "https://www.sec.gov/Archives/edgar/data/103379/000119312513079974/0001193125-13-079974-index.htm",
        "finalLink": "https://www.sec.gov/Archives/edgar/data/103379/000119312513079974/d444924d10k.htm"
    },
    {
        "date": "2012-09-29",
        "symbol": "VFC",
        "reportedCurrency": "USD",
        "cik": "0000103379",
        "fillingDate": "2012-11-07",
        "acceptedDate": "2012-11-07 14:59:19",
        "calendarYear": "2013",
        "period": "Q2",
        "revenue": 3148354000,
        "costOfRevenue": 1678090000,
        "grossProfit": 1470264000,
        "grossProfitRatio": 0.4669944993,
        "researchAndDevelopmentExpenses": 0,
        "generalAndAdministrativeExpenses": 0,
        "sellingAndMarketingExpenses": 0,
        "sellingGeneralAndAdministrativeExpenses": 933372000,
        "otherExpenses": 0,
        "operatingExpenses": 933372000,
        "costAndExpenses": 2611462000,
        "interestIncome": 632000,
        "interestExpense": 23841000,
        "depreciationAndAmortization": 56012000,
        "ebitda": 595105000,
        "ebitdaratio": 0.1890209932,
        "operatingIncome": 536892000,
        "operatingIncomeRatio": 0.170531014,
        "totalOtherIncomeExpensesNet": -21640000,
        "incomeBeforeTax": 515252000,
        "incomeBeforeTaxRatio": 0.1636575811,
        "incomeTaxExpense": 133934000,
        "netIncome": 381318000,
        "netIncomeRatio": 0.1211166216,
        "eps": 0.87,
        "epsdiluted": 0.86,
        "weightedAverageShsOut": 438228000,
        "weightedAverageShsOutDil": 445952000,
        "link": "https://www.sec.gov/Archives/edgar/data/103379/000119312512457127/0001193125-12-457127-index.htm",
        "finalLink": "https://www.sec.gov/Archives/edgar/data/103379/000119312512457127/d403711d10q.htm"
    },
    {
        "date": "2012-06-30",
        "symbol": "VFC",
        "reportedCurrency": "USD",
        "cik": "0000103379",
        "fillingDate": "2012-08-08",
        "acceptedDate": "2012-08-08 16:22:37",
        "calendarYear": "2013",
        "period": "Q1",
        "revenue": 2141786000,
        "costOfRevenue": 1155412000,
        "grossProfit": 986374000,
        "grossProfitRatio": 0.4605380743,
        "researchAndDevelopmentExpenses": 0,
        "generalAndAdministrativeExpenses": 0,
        "sellingAndMarketingExpenses": 0,
        "sellingGeneralAndAdministrativeExpenses": 822389000,
        "otherExpenses": 0,
        "operatingExpenses": 822389000,
        "costAndExpenses": 1977801000,
        "interestIncome": 1188000,
        "interestExpense": 23593000,
        "depreciationAndAmortization": 57868000,
        "ebitda": 264598000,
        "ebitdaratio": 0.1235408206,
        "operatingIncome": 163985000,
        "operatingIncomeRatio": 0.0765646054,
        "totalOtherIncomeExpensesNet": 19152000,
        "incomeBeforeTax": 183137000,
        "incomeBeforeTaxRatio": 0.0855066753,
        "incomeTaxExpense": 27712000,
        "netIncome": 155297000,
        "netIncomeRatio": 0.0725081778,
        "eps": 0.36,
        "epsdiluted": 0.35,
        "weightedAverageShsOut": 436864000,
        "weightedAverageShsOutDil": 444912000,
        "link": "https://www.sec.gov/Archives/edgar/data/103379/000119312512344084/0001193125-12-344084-index.htm",
        "finalLink": "https://www.sec.gov/Archives/edgar/data/103379/000119312512344084/d354612d10q.htm"
    },
    {
        "date": "2012-03-31",
        "symbol": "VFC",
        "reportedCurrency": "USD",
        "cik": "0000103379",
        "fillingDate": "2012-05-09",
        "acceptedDate": "2012-05-09 16:58:36",
        "calendarYear": "2012",
        "period": "Q4",
        "revenue": 2556455000,
        "costOfRevenue": 1388866000,
        "grossProfit": 1167589000,
        "grossProfitRatio": 0.4567219059,
        "researchAndDevelopmentExpenses": 0,
        "generalAndAdministrativeExpenses": 0,
        "sellingAndMarketingExpenses": 0,
        "sellingGeneralAndAdministrativeExpenses": 853487000,
        "otherExpenses": 0,
        "operatingExpenses": 853487000,
        "costAndExpenses": 2242353000,
        "interestIncome": 1038000,
        "interestExpense": 23345000,
        "depreciationAndAmortization": 52903000,
        "ebitda": 369789000,
        "ebitdaratio": 0.1446491333,
        "operatingIncome": 314102000,
        "operatingIncomeRatio": 0.1228662347,
        "totalOtherIncomeExpensesNet": -20561000,
        "incomeBeforeTax": 293541000,
        "incomeBeforeTaxRatio": 0.1148234567,
        "incomeTaxExpense": 78314000,
        "netIncome": 215216000,
        "netIncomeRatio": 0.0841853269,
        "eps": 0.49,
        "epsdiluted": 0.48,
        "weightedAverageShsOut": 442108000,
        "weightedAverageShsOutDil": 451000000,
        "link": "https://www.sec.gov/Archives/edgar/data/103379/000119312512222345/0001193125-12-222345-index.htm",
        "finalLink": "https://www.sec.gov/Archives/edgar/data/103379/000119312512222345/d319972d10q.htm"
    },
    {
        "date": "2011-12-31",
        "symbol": "VFC",
        "reportedCurrency": "USD",
        "cik": "0000103379",
        "fillingDate": "2012-02-29",
        "acceptedDate": "2012-02-29 15:03:48",
        "calendarYear": "2012",
        "period": "Q3",
        "revenue": 2910239000,
        "costOfRevenue": 1595173000,
        "grossProfit": 1315066000,
        "grossProfitRatio": 0.451875602,
        "researchAndDevelopmentExpenses": 0,
        "generalAndAdministrativeExpenses": 0,
        "sellingAndMarketingExpenses": 0,
        "sellingGeneralAndAdministrativeExpenses": 963707000,
        "otherExpenses": 0,
        "operatingExpenses": 963707000,
        "costAndExpenses": 2558880000,
        "interestIncome": 931000,
        "interestExpense": 25005000,
        "depreciationAndAmortization": 66691000,
        "ebitda": 422872000,
        "ebitdaratio": 0.1453049045,
        "operatingIncome": 351359000,
        "operatingIncomeRatio": 0.1207320086,
        "totalOtherIncomeExpensesNet": -20183000,
        "incomeBeforeTax": 331176000,
        "incomeBeforeTaxRatio": 0.1137968394,
        "incomeTaxExpense": 73182000,
        "netIncome": 257318000,
        "netIncomeRatio": 0.0884181677,
        "eps": 0.58,
        "epsdiluted": 0.57,
        "weightedAverageShsOut": 440816000,
        "weightedAverageShsOutDil": 450672000,
        "link": "https://www.sec.gov/Archives/edgar/data/103379/000119312512088711/0001193125-12-088711-index.htm",
        "finalLink": "https://www.sec.gov/Archives/edgar/data/103379/000119312512088711/d265930d10k.htm"
    },
    {
        "date": "2011-10-01",
        "symbol": "VFC",
        "reportedCurrency": "USD",
        "cik": "0000103379",
        "fillingDate": "2011-11-10",
        "acceptedDate": "2011-11-10 16:17:41",
        "calendarYear": "2012",
        "period": "Q2",
        "revenue": 2750071000,
        "costOfRevenue": 1504982000,
        "grossProfit": 1245089000,
        "grossProfitRatio": 0.4527479472,
        "researchAndDevelopmentExpenses": 0,
        "generalAndAdministrativeExpenses": 0,
        "sellingAndMarketingExpenses": 0,
        "sellingGeneralAndAdministrativeExpenses": 814971000,
        "otherExpenses": 0,
        "operatingExpenses": 814971000,
        "costAndExpenses": 2319953000,
        "interestIncome": 1371000,
        "interestExpense": 20671000,
        "depreciationAndAmortization": 44289000,
        "ebitda": 469305000,
        "ebitdaratio": 0.1706519577,
        "operatingIncome": 430118000,
        "operatingIncomeRatio": 0.1564025074,
        "totalOtherIncomeExpensesNet": -25773000,
        "incomeBeforeTax": 404345000,
        "incomeBeforeTaxRatio": 0.1470307494,
        "incomeTaxExpense": 102933000,
        "netIncome": 300700000,
        "netIncomeRatio": 0.1093426315,
        "eps": 0.69,
        "epsdiluted": 0.67,
        "weightedAverageShsOut": 438572000,
        "weightedAverageShsOutDil": 446328000,
        "link": "https://www.sec.gov/Archives/edgar/data/103379/000119312511306951/0001193125-11-306951-index.htm",
        "finalLink": "https://www.sec.gov/Archives/edgar/data/103379/000119312511306951/d233462d10q.htm"
    },
    {
        "date": "2011-07-02",
        "symbol": "VFC",
        "reportedCurrency": "USD",
        "cik": "0000103379",
        "fillingDate": "2011-08-10",
        "acceptedDate": "2011-08-10 16:49:59",
        "calendarYear": "2012",
        "period": "Q1",
        "revenue": 1840123000,
        "costOfRevenue": 994591000,
        "grossProfit": 845532000,
        "grossProfitRatio": 0.4594975445,
        "researchAndDevelopmentExpenses": 0,
        "generalAndAdministrativeExpenses": 0,
        "sellingAndMarketingExpenses": 0,
        "sellingGeneralAndAdministrativeExpenses": 656861000,
        "otherExpenses": 0,
        "operatingExpenses": 656861000,
        "costAndExpenses": 1651452000,
        "interestIncome": 1510000,
        "interestExpense": 15962000,
        "depreciationAndAmortization": 42814000,
        "ebitda": 230260000,
        "ebitdaratio": 0.1251329395,
        "operatingIncome": 188671000,
        "operatingIncomeRatio": 0.1025317329,
        "totalOtherIncomeExpensesNet": -17187000,
        "incomeBeforeTax": 171484000,
        "incomeBeforeTaxRatio": 0.0931915964,
        "incomeTaxExpense": 41917000,
        "netIncome": 129368000,
        "netIncomeRatio": 0.070303996,
        "eps": 0.3,
        "epsdiluted": 0.29,
        "weightedAverageShsOut": 436316000,
        "weightedAverageShsOutDil": 443560000,
        "link": "https://www.sec.gov/Archives/edgar/data/103379/000095012311075693/0000950123-11-075693-index.htm",
        "finalLink": "https://www.sec.gov/Archives/edgar/data/103379/000095012311075693/w83859e10vq.htm"
    },
    {
        "date": "2011-04-02",
        "symbol": "VFC",
        "reportedCurrency": "USD",
        "cik": "0000103379",
        "fillingDate": "2011-05-12",
        "acceptedDate": "2011-05-12 15:01:56",
        "calendarYear": "2011",
        "period": "Q4",
        "revenue": 1958799000,
        "costOfRevenue": 1033856000,
        "grossProfit": 924943000,
        "grossProfitRatio": 0.4721990362,
        "researchAndDevelopmentExpenses": 0,
        "generalAndAdministrativeExpenses": 0,
        "sellingAndMarketingExpenses": 0,
        "sellingGeneralAndAdministrativeExpenses": 650300000,
        "otherExpenses": 0,
        "operatingExpenses": 650300000,
        "costAndExpenses": 1684156000,
        "interestIncome": 966000,
        "interestExpense": 15940000,
        "depreciationAndAmortization": 44941000,
        "ebitda": 318619000,
        "ebitdaratio": 0.1626603853,
        "operatingIncome": 274643000,
        "operatingIncomeRatio": 0.1402098939,
        "totalOtherIncomeExpensesNet": -16905000,
        "incomeBeforeTax": 257738000,
        "incomeBeforeTaxRatio": 0.1315796057,
        "incomeTaxExpense": 56318000,
        "netIncome": 200703000,
        "netIncomeRatio": 0.1024622741,
        "eps": 0.46,
        "epsdiluted": 0.46,
        "weightedAverageShsOut": 432888000,
        "weightedAverageShsOutDil": 440160000,
        "link": "https://www.sec.gov/Archives/edgar/data/103379/000095012311049374/0000950123-11-049374-index.htm",
        "finalLink": "https://www.sec.gov/Archives/edgar/data/103379/000095012311049374/w82432e10vq.htm"
    },
    {
        "date": "2011-01-01",
        "symbol": "VFC",
        "reportedCurrency": "USD",
        "cik": "0000103379",
        "fillingDate": "2011-03-02",
        "acceptedDate": "2011-03-02 17:11:05",
        "calendarYear": "2011",
        "period": "Q3",
        "revenue": 2126239000,
        "costOfRevenue": 1135117000,
        "grossProfit": 991122000,
        "grossProfitRatio": 0.4661385667,
        "researchAndDevelopmentExpenses": 0,
        "generalAndAdministrativeExpenses": 0,
        "sellingAndMarketingExpenses": 0,
        "sellingGeneralAndAdministrativeExpenses": 715853000,
        "otherExpenses": 0,
        "operatingExpenses": 715853000,
        "costAndExpenses": 1850970000,
        "interestIncome": 736000,
        "interestExpense": 16188000,
        "depreciationAndAmortization": 50016000,
        "ebitda": 120092000,
        "ebitdaratio": 0.0564809506,
        "operatingIncome": 73531000,
        "operatingIncomeRatio": 0.0345826598,
        "totalOtherIncomeExpensesNet": -19643000,
        "incomeBeforeTax": 53888000,
        "incomeBeforeTaxRatio": 0.0253442816,
        "incomeTaxExpense": -1421000,
        "netIncome": 54224000,
        "netIncomeRatio": 0.0255023071,
        "eps": 0.13,
        "epsdiluted": 0.12,
        "weightedAverageShsOut": 432888000,
        "weightedAverageShsOutDil": 440160000,
        "link": "https://www.sec.gov/Archives/edgar/data/103379/000095012311021306/0000950123-11-021306-index.htm",
        "finalLink": "https://www.sec.gov/Archives/edgar/data/103379/000095012311021306/w81729e10vk.htm"
    },
    {
        "date": "2010-10-02",
        "symbol": "VFC",
        "reportedCurrency": "USD",
        "cik": "0000103379",
        "fillingDate": "2010-11-10",
        "acceptedDate": "2010-11-10 14:05:46",
        "calendarYear": "2011",
        "period": "Q2",
        "revenue": 2232367000,
        "costOfRevenue": 1195379000,
        "grossProfit": 1036988000,
        "grossProfitRatio": 0.4645239784,
        "researchAndDevelopmentExpenses": 0,
        "generalAndAdministrativeExpenses": 0,
        "sellingAndMarketingExpenses": 0,
        "sellingGeneralAndAdministrativeExpenses": 682443000,
        "otherExpenses": 0,
        "operatingExpenses": 682443000,
        "costAndExpenses": 1877822000,
        "interestIncome": 610000,
        "interestExpense": 20557000,
        "depreciationAndAmortization": 43448000,
        "ebitda": 399202000,
        "ebitdaratio": 0.1788245392,
        "operatingIncome": 354545000,
        "operatingIncomeRatio": 0.1588202119,
        "totalOtherIncomeExpensesNet": -19348000,
        "incomeBeforeTax": 335197000,
        "incomeBeforeTaxRatio": 0.1501531782,
        "incomeTaxExpense": 91943000,
        "netIncome": 242787000,
        "netIncomeRatio": 0.108757655,
        "eps": 0.56,
        "epsdiluted": 0.56,
        "weightedAverageShsOut": 431524000,
        "weightedAverageShsOutDil": 436760000,
        "link": "https://www.sec.gov/Archives/edgar/data/103379/000095012310103794/0000950123-10-103794-index.htm",
        "finalLink": "https://www.sec.gov/Archives/edgar/data/103379/000095012310103794/w80376e10vq.htm"
    },
    {
        "date": "2010-07-03",
        "symbol": "VFC",
        "reportedCurrency": "USD",
        "cik": "0000103379",
        "fillingDate": "2010-08-11",
        "acceptedDate": "2010-08-11 09:40:38",
        "calendarYear": "2011",
        "period": "Q1",
        "revenue": 1594104000,
        "costOfRevenue": 842502000,
        "grossProfit": 751602000,
        "grossProfitRatio": 0.4714886858,
        "researchAndDevelopmentExpenses": 0,
        "generalAndAdministrativeExpenses": 0,
        "sellingAndMarketingExpenses": 0,
        "sellingGeneralAndAdministrativeExpenses": 582078000,
        "otherExpenses": 0,
        "operatingExpenses": 582078000,
        "costAndExpenses": 1424580000,
        "interestIncome": 496000,
        "interestExpense": 20494000,
        "depreciationAndAmortization": 38863000,
        "ebitda": 210806000,
        "ebitdaratio": 0.1322410583,
        "operatingIncome": 169524000,
        "operatingIncomeRatio": 0.106344379,
        "totalOtherIncomeExpensesNet": -18075000,
        "incomeBeforeTax": 151449000,
        "incomeBeforeTaxRatio": 0.0950057211,
        "incomeTaxExpense": 39959000,
        "netIncome": 110835000,
        "netIncomeRatio": 0.069528086,
        "eps": 0.26,
        "epsdiluted": 0.25,
        "weightedAverageShsOut": 435828000,
        "weightedAverageShsOutDil": 441916000,
        "link": "https://www.sec.gov/Archives/edgar/data/103379/000095012310075955/0000950123-10-075955-index.htm",
        "finalLink": "https://www.sec.gov/Archives/edgar/data/103379/000095012310075955/w79442e10vq.htm"
    },
    {
        "date": "2010-04-03",
        "symbol": "VFC",
        "reportedCurrency": "USD",
        "cik": "0000103379",
        "fillingDate": "2010-05-12",
        "acceptedDate": "2010-05-12 16:34:07",
        "calendarYear": "2010",
        "period": "Q4",
        "revenue": 1749879000,
        "costOfRevenue": 932203000,
        "grossProfit": 817676000,
        "grossProfitRatio": 0.4672757374,
        "researchAndDevelopmentExpenses": 0,
        "generalAndAdministrativeExpenses": 0,
        "sellingAndMarketingExpenses": 0,
        "sellingGeneralAndAdministrativeExpenses": 594416000,
        "otherExpenses": 0,
        "operatingExpenses": 594416000,
        "costAndExpenses": 1526619000,
        "interestIncome": 494000,
        "interestExpense": 20499000,
        "depreciationAndAmortization": 41069000,
        "ebitda": 271246000,
        "ebitdaratio": 0.155008432,
        "operatingIncome": 223260000,
        "operatingIncomeRatio": 0.1275859645,
        "totalOtherIncomeExpensesNet": -13582000,
        "incomeBeforeTax": 209678000,
        "incomeBeforeTaxRatio": 0.119824285,
        "incomeTaxExpense": 46219000,
        "netIncome": 163516000,
        "netIncomeRatio": 0.0934441753,
        "eps": 0.37,
        "epsdiluted": 0.37,
        "weightedAverageShsOut": 441036000,
        "weightedAverageShsOutDil": 446516000,
        "link": "https://www.sec.gov/Archives/edgar/data/103379/000095012310048494/0000950123-10-048494-index.htm",
        "finalLink": "https://www.sec.gov/Archives/edgar/data/103379/000095012310048494/w78482e10vq.htm"
    },
    {
        "date": "2010-01-02",
        "symbol": "VFC",
        "reportedCurrency": "USD",
        "cik": "0000103379",
        "fillingDate": "2010-03-03",
        "acceptedDate": "2010-03-03 15:53:40",
        "calendarYear": "2010",
        "period": "Q3",
        "revenue": 1915369000,
        "costOfRevenue": 1028946000,
        "grossProfit": 886423000,
        "grossProfitRatio": 0.4627948975,
        "researchAndDevelopmentExpenses": 0,
        "generalAndAdministrativeExpenses": 0,
        "sellingAndMarketingExpenses": 0,
        "sellingGeneralAndAdministrativeExpenses": 626730000,
        "otherExpenses": 0,
        "operatingExpenses": 626730000,
        "costAndExpenses": 1655676000,
        "interestIncome": 480000,
        "interestExpense": 20743000,
        "depreciationAndAmortization": 49537000,
        "ebitda": 186137000,
        "ebitdaratio": 0.0971807521,
        "operatingIncome": 137740000,
        "operatingIncomeRatio": 0.0719130361,
        "totalOtherIncomeExpensesNet": -21883000,
        "incomeBeforeTax": 115857000,
        "incomeBeforeTaxRatio": 0.0604880835,
        "incomeTaxExpense": 50872000,
        "netIncome": 66885000,
        "netIncomeRatio": 0.0349201642,
        "eps": 0.15,
        "epsdiluted": 0.15,
        "weightedAverageShsOut": 441036000,
        "weightedAverageShsOutDil": 446516000,
        "link": "https://www.sec.gov/Archives/edgar/data/103379/000095012310020525/0000950123-10-020525-index.htm",
        "finalLink": "https://www.sec.gov/Archives/edgar/data/103379/000095012310020525/w77397e10vk.htm"
    },
    {
        "date": "2009-10-03",
        "symbol": "VFC",
        "reportedCurrency": "USD",
        "cik": "0000103379",
        "fillingDate": "2009-11-10",
        "acceptedDate": "2009-11-10 12:19:53",
        "calendarYear": "2010",
        "period": "Q2",
        "revenue": 2093806000,
        "costOfRevenue": 1165843000,
        "grossProfit": 927963000,
        "grossProfitRatio": 0.4431943552,
        "researchAndDevelopmentExpenses": 0,
        "generalAndAdministrativeExpenses": 0,
        "sellingAndMarketingExpenses": 0,
        "sellingGeneralAndAdministrativeExpenses": 610072000,
        "otherExpenses": 0,
        "operatingExpenses": 610072000,
        "costAndExpenses": 1775915000,
        "interestIncome": 420000,
        "interestExpense": 21325000,
        "depreciationAndAmortization": 42032000,
        "ebitda": 360848000,
        "ebitdaratio": 0.172340704,
        "operatingIncome": 317891000,
        "operatingIncomeRatio": 0.1518244766,
        "totalOtherIncomeExpensesNet": -20400000,
        "incomeBeforeTax": 297491000,
        "incomeBeforeTaxRatio": 0.1420814536,
        "incomeTaxExpense": 79430000,
        "netIncome": 217920000,
        "netIncomeRatio": 0.1040784103,
        "eps": 0.49,
        "epsdiluted": 0.49,
        "weightedAverageShsOut": 443524000,
        "weightedAverageShsOutDil": 448580000,
        "link": "https://www.sec.gov/Archives/edgar/data/103379/000095012309060619/0000950123-09-060619-index.htm",
        "finalLink": "https://www.sec.gov/Archives/edgar/data/103379/000095012309060619/w76157e10vq.htm"
    },
    {
        "date": "2009-07-04",
        "symbol": "VFC",
        "reportedCurrency": "USD",
        "cik": "0000103379",
        "fillingDate": "2009-08-11",
        "acceptedDate": "2009-08-11 15:59:11",
        "calendarYear": "2010",
        "period": "Q1",
        "revenue": 1485637000,
        "costOfRevenue": 833693000,
        "grossProfit": 651944000,
        "grossProfitRatio": 0.4388312892,
        "researchAndDevelopmentExpenses": 0,
        "generalAndAdministrativeExpenses": 0,
        "sellingAndMarketingExpenses": 0,
        "sellingGeneralAndAdministrativeExpenses": 532206000,
        "otherExpenses": 0,
        "operatingExpenses": 532206000,
        "costAndExpenses": 1365899000,
        "interestIncome": 565000,
        "interestExpense": 21819000,
        "depreciationAndAmortization": 44435000,
        "ebitda": 166132000,
        "ebitdaratio": 0.1118254325,
        "operatingIncome": 119738000,
        "operatingIncomeRatio": 0.0805970772,
        "totalOtherIncomeExpensesNet": -19860000,
        "incomeBeforeTax": 99878000,
        "incomeBeforeTaxRatio": 0.0672290741,
        "incomeTaxExpense": 24900000,
        "netIncome": 75527000,
        "netIncomeRatio": 0.0508381253,
        "eps": 0.17,
        "epsdiluted": 0.17,
        "weightedAverageShsOut": 440972000,
        "weightedAverageShsOutDil": 444964000,
        "link": "https://www.sec.gov/Archives/edgar/data/103379/000095012309033506/0000950123-09-033506-index.htm",
        "finalLink": "https://www.sec.gov/Archives/edgar/data/103379/000095012309033506/w74953e10vq.htm"
    },
    {
        "date": "2009-04-04",
        "symbol": "VFC",
        "reportedCurrency": "USD",
        "cik": "0000103379",
        "fillingDate": "2009-05-13",
        "acceptedDate": "2009-05-13 10:58:22",
        "calendarYear": "2009",
        "period": "Q4",
        "revenue": 1725474000,
        "costOfRevenue": 996640000,
        "grossProfit": 728834000,
        "grossProfitRatio": 0.4223963966,
        "researchAndDevelopmentExpenses": 0,
        "generalAndAdministrativeExpenses": 0,
        "sellingAndMarketingExpenses": 0,
        "sellingGeneralAndAdministrativeExpenses": 567386000,
        "otherExpenses": 0,
        "operatingExpenses": 567386000,
        "costAndExpenses": 1564026000,
        "interestIncome": 765000,
        "interestExpense": 22015000,
        "depreciationAndAmortization": 34448000,
        "ebitda": 197910000,
        "ebitdaratio": 0.1146989175,
        "operatingIncome": 161448000,
        "operatingIncomeRatio": 0.0935673328,
        "totalOtherIncomeExpensesNet": -20001000,
        "incomeBeforeTax": 141447000,
        "incomeBeforeTaxRatio": 0.0819757354,
        "incomeTaxExpense": 41013000,
        "netIncome": 100939000,
        "netIncomeRatio": 0.0584992877,
        "eps": 0.23,
        "epsdiluted": 0.23,
        "weightedAverageShsOut": 439968000,
        "weightedAverageShsOutDil": 444112000,
        "link": "https://www.sec.gov/Archives/edgar/data/103379/000089322009001148/0000893220-09-001148-index.htm",
        "finalLink": "https://www.sec.gov/Archives/edgar/data/103379/000089322009001148/w73883e10vq.htm"
    },
    {
        "date": "2009-01-03",
        "symbol": "VFC",
        "reportedCurrency": "USD",
        "cik": "0000103379",
        "fillingDate": "2009-03-03",
        "acceptedDate": "2009-03-03 17:09:29",
        "calendarYear": "2009",
        "period": "Q3",
        "revenue": 1912150000,
        "costOfRevenue": 1099210000,
        "grossProfit": 812940000,
        "grossProfitRatio": 0.4251444709,
        "researchAndDevelopmentExpenses": 0,
        "generalAndAdministrativeExpenses": 0,
        "sellingAndMarketingExpenses": 0,
        "sellingGeneralAndAdministrativeExpenses": 633137000,
        "otherExpenses": 0,
        "operatingExpenses": 633137000,
        "costAndExpenses": 1732347000,
        "interestIncome": 0,
        "interestExpense": 31221000,
        "depreciationAndAmortization": 49046000,
        "ebitda": 228849000,
        "ebitdaratio": 0.1196815103,
        "operatingIncome": 179803000,
        "operatingIncomeRatio": 0.094031849,
        "totalOtherIncomeExpensesNet": -27168000,
        "incomeBeforeTax": 152635000,
        "incomeBeforeTaxRatio": 0.0798237586,
        "incomeTaxExpense": 36772000,
        "netIncome": 115863000,
        "netIncomeRatio": 0.0605930497,
        "eps": 0.26,
        "epsdiluted": 0.26,
        "weightedAverageShsOut": 439968000,
        "weightedAverageShsOutDil": 444112000,
        "link": "https://www.sec.gov/Archives/edgar/data/103379/000089322009000455/0000893220-09-000455-index.htm",
        "finalLink": "https://www.sec.gov/Archives/edgar/data/103379/000089322009000455/w72797e10vk.htm"
    },
    {
        "date": "2008-09-27",
        "symbol": "VFC",
        "reportedCurrency": "USD",
        "cik": "0000103379",
        "fillingDate": "2008-11-05",
        "acceptedDate": "2008-11-05 11:42:30",
        "calendarYear": "2009",
        "period": "Q2",
        "revenue": 2206627000,
        "costOfRevenue": 1227577000,
        "grossProfit": 979050000,
        "grossProfitRatio": 0.4436862234,
        "researchAndDevelopmentExpenses": 0,
        "generalAndAdministrativeExpenses": 0,
        "sellingAndMarketingExpenses": 0,
        "sellingGeneralAndAdministrativeExpenses": 627839000,
        "otherExpenses": 0,
        "operatingExpenses": 627839000,
        "costAndExpenses": 1855416000,
        "interestIncome": 1435000,
        "interestExpense": 24310000,
        "depreciationAndAmortization": 39223000,
        "ebitda": 390192000,
        "ebitdaratio": 0.1768273478,
        "operatingIncome": 351211000,
        "operatingIncomeRatio": 0.1591619245,
        "totalOtherIncomeExpensesNet": -24552000,
        "incomeBeforeTax": 326659000,
        "incomeBeforeTaxRatio": 0.1480354405,
        "incomeTaxExpense": 92608000,
        "netIncome": 233875000,
        "netIncomeRatio": 0.1059875548,
        "eps": 0.54,
        "epsdiluted": 0.53,
        "weightedAverageShsOut": 436424000,
        "weightedAverageShsOutDil": 445032000,
        "link": "https://www.sec.gov/Archives/edgar/data/103379/000089322008002882/0000893220-08-002882-index.htm",
        "finalLink": "https://www.sec.gov/Archives/edgar/data/103379/000089322008002882/w71078e10vq.htm"
    },
    {
        "date": "2008-06-28",
        "symbol": "VFC",
        "reportedCurrency": "USD",
        "cik": "0000103379",
        "fillingDate": "2008-08-06",
        "acceptedDate": "2008-08-06 14:02:52",
        "calendarYear": "2009",
        "period": "Q1",
        "revenue": 1677482000,
        "costOfRevenue": 942763000,
        "grossProfit": 734719000,
        "grossProfitRatio": 0.4379892005,
        "researchAndDevelopmentExpenses": 0,
        "generalAndAdministrativeExpenses": 0,
        "sellingAndMarketingExpenses": 0,
        "sellingGeneralAndAdministrativeExpenses": 570863000,
        "otherExpenses": 0,
        "operatingExpenses": 570863000,
        "costAndExpenses": 1513626000,
        "interestIncome": 1565000,
        "interestExpense": 23007000,
        "depreciationAndAmortization": 40679000,
        "ebitda": 209213000,
        "ebitdaratio": 0.1247184769,
        "operatingIncome": 163856000,
        "operatingIncomeRatio": 0.0976797367,
        "totalOtherIncomeExpensesNet": -18329000,
        "incomeBeforeTax": 145527000,
        "incomeBeforeTaxRatio": 0.0867532409,
        "incomeTaxExpense": 41509000,
        "netIncome": 103978000,
        "netIncomeRatio": 0.0619845697,
        "eps": 0.24,
        "epsdiluted": 0.24,
        "weightedAverageShsOut": 434844000,
        "weightedAverageShsOutDil": 443940000,
        "link": "https://www.sec.gov/Archives/edgar/data/103379/000089322008002275/0000893220-08-002275-index.htm",
        "finalLink": "https://www.sec.gov/Archives/edgar/data/103379/000089322008002275/w63409e10vq.htm"
    },
    {
        "date": "2008-03-29",
        "symbol": "VFC",
        "reportedCurrency": "USD",
        "cik": "0000103379",
        "fillingDate": "2008-05-07",
        "acceptedDate": "2008-05-07 16:18:36",
        "calendarYear": "2008",
        "period": "Q4",
        "revenue": 1846341000,
        "costOfRevenue": 1014130000,
        "grossProfit": 832211000,
        "grossProfitRatio": 0.450735265,
        "researchAndDevelopmentExpenses": 0,
        "generalAndAdministrativeExpenses": 0,
        "sellingAndMarketingExpenses": 0,
        "sellingGeneralAndAdministrativeExpenses": 588086000,
        "otherExpenses": 0,
        "operatingExpenses": 588086000,
        "costAndExpenses": 1602216000,
        "interestIncome": 1696000,
        "interestExpense": 22199000,
        "depreciationAndAmortization": 37223000,
        "ebitda": 282746000,
        "ebitdaratio": 0.1531385589,
        "operatingIncome": 244125000,
        "operatingIncomeRatio": 0.1322209711,
        "totalOtherIncomeExpensesNet": -20801000,
        "incomeBeforeTax": 223324000,
        "incomeBeforeTaxRatio": 0.1210350634,
        "incomeTaxExpense": 74378000,
        "netIncome": 149032000,
        "netIncomeRatio": 0.0807174839,
        "eps": 0.34,
        "epsdiluted": 0.33,
        "weightedAverageShsOut": 437444000,
        "weightedAverageShsOutDil": 447508000,
        "link": "https://www.sec.gov/Archives/edgar/data/103379/000089322008001371/0000893220-08-001371-index.htm",
        "finalLink": "https://www.sec.gov/Archives/edgar/data/103379/000089322008001371/w57241e10vq.htm"
    },
    {
        "date": "2007-12-29",
        "symbol": "VFC",
        "reportedCurrency": "USD",
        "cik": "0000103379",
        "fillingDate": "2008-02-26",
        "acceptedDate": "2008-02-26 16:22:55",
        "calendarYear": "2008",
        "period": "Q3",
        "revenue": 1955188000,
        "costOfRevenue": 1105013000,
        "grossProfit": 850175000,
        "grossProfitRatio": 0.4348303079,
        "researchAndDevelopmentExpenses": 0,
        "generalAndAdministrativeExpenses": 0,
        "sellingAndMarketingExpenses": 0,
        "sellingGeneralAndAdministrativeExpenses": 599560000,
        "otherExpenses": 0,
        "operatingExpenses": 599560000,
        "costAndExpenses": 1704573000,
        "interestIncome": 0,
        "interestExpense": 24855000,
        "depreciationAndAmortization": 36984000,
        "ebitda": 287599000,
        "ebitdaratio": 0.1470953177,
        "operatingIncome": 250615000,
        "operatingIncomeRatio": 0.1281794896,
        "totalOtherIncomeExpensesNet": -24575000,
        "incomeBeforeTax": 226040000,
        "incomeBeforeTaxRatio": 0.1156103659,
        "incomeTaxExpense": 61994000,
        "netIncome": 164408000,
        "netIncomeRatio": 0.0840880775,
        "eps": 0.38,
        "epsdiluted": 0.37,
        "weightedAverageShsOut": 437444000,
        "weightedAverageShsOutDil": 447508000,
        "link": "https://www.sec.gov/Archives/edgar/data/103379/000089322008000524/0000893220-08-000524-index.htm",
        "finalLink": "https://www.sec.gov/Archives/edgar/data/103379/000089322008000524/w48593e10vk.htm"
    },
    {
        "date": "2007-09-29",
        "symbol": "VFC",
        "reportedCurrency": "USD",
        "cik": "0000103379",
        "fillingDate": "2007-11-06",
        "acceptedDate": "2007-11-06 11:01:05",
        "calendarYear": "2008",
        "period": "Q2",
        "revenue": 2073159000,
        "costOfRevenue": 1163399000,
        "grossProfit": 909760000,
        "grossProfitRatio": 0.438827895,
        "researchAndDevelopmentExpenses": 0,
        "generalAndAdministrativeExpenses": 0,
        "sellingAndMarketingExpenses": 0,
        "sellingGeneralAndAdministrativeExpenses": 578721000,
        "otherExpenses": 0,
        "operatingExpenses": 578721000,
        "costAndExpenses": 1742120000,
        "interestIncome": 2202000,
        "interestExpense": 15589000,
        "depreciationAndAmortization": 34291000,
        "ebitda": 365330000,
        "ebitdaratio": 0.1762189972,
        "operatingIncome": 331039000,
        "operatingIncomeRatio": 0.1596785389,
        "totalOtherIncomeExpensesNet": -15313000,
        "incomeBeforeTax": 315726000,
        "incomeBeforeTaxRatio": 0.1522922265,
        "incomeTaxExpense": 106409000,
        "netIncome": 207207000,
        "netIncomeRatio": 0.0999474715,
        "eps": 0.47,
        "epsdiluted": 0.46,
        "weightedAverageShsOut": 438684000,
        "weightedAverageShsOutDil": 449696000,
        "link": "https://www.sec.gov/Archives/edgar/data/103379/000089322007003546/0000893220-07-003546-index.htm",
        "finalLink": "https://www.sec.gov/Archives/edgar/data/103379/000089322007003546/w41502e10vq.htm"
    },
    {
        "date": "2007-06-30",
        "symbol": "VFC",
        "reportedCurrency": "USD",
        "cik": "0000103379",
        "fillingDate": "2007-08-07",
        "acceptedDate": "2007-08-07 15:54:44",
        "calendarYear": "2008",
        "period": "Q1",
        "revenue": 1517393000,
        "costOfRevenue": 865727000,
        "grossProfit": 651666000,
        "grossProfitRatio": 0.4294642192,
        "researchAndDevelopmentExpenses": 0,
        "generalAndAdministrativeExpenses": 0,
        "sellingAndMarketingExpenses": 0,
        "sellingGeneralAndAdministrativeExpenses": 483204000,
        "otherExpenses": 0,
        "operatingExpenses": 483204000,
        "costAndExpenses": 1348931000,
        "interestIncome": 2848000,
        "interestExpense": 31430000,
        "depreciationAndAmortization": 32990000,
        "ebitda": 201452000,
        "ebitdaratio": 0.1327619147,
        "operatingIncome": 168462000,
        "operatingIncomeRatio": 0.1110206782,
        "totalOtherIncomeExpensesNet": -8770000,
        "incomeBeforeTax": 159692000,
        "incomeBeforeTaxRatio": 0.1052410285,
        "incomeTaxExpense": 53887000,
        "netIncome": 81662000,
        "netIncomeRatio": 0.0538173038,
        "eps": 0.19,
        "epsdiluted": 0.18,
        "weightedAverageShsOut": 442016000,
        "weightedAverageShsOutDil": 453892000,
        "link": "https://www.sec.gov/Archives/edgar/data/103379/000089322007002709/0000893220-07-002709-index.htm",
        "finalLink": "https://www.sec.gov/Archives/edgar/data/103379/000089322007002709/w37976e10vq.htm"
    },
    {
        "date": "2007-03-31",
        "symbol": "VFC",
        "reportedCurrency": "USD",
        "cik": "0000103379",
        "fillingDate": "2007-05-08",
        "acceptedDate": "2007-05-08 14:19:34",
        "calendarYear": "2007",
        "period": "Q4",
        "revenue": 1673619000,
        "costOfRevenue": 945883000,
        "grossProfit": 727736000,
        "grossProfitRatio": 0.4348277595,
        "researchAndDevelopmentExpenses": 0,
        "generalAndAdministrativeExpenses": 0,
        "sellingAndMarketingExpenses": 0,
        "sellingGeneralAndAdministrativeExpenses": 512411000,
        "otherExpenses": 0,
        "operatingExpenses": 512411000,
        "costAndExpenses": 1458294000,
        "interestIncome": 2444000,
        "interestExpense": 6681000,
        "depreciationAndAmortization": 36962000,
        "ebitda": 252287000,
        "ebitdaratio": 0.150743389,
        "operatingIncome": 215325000,
        "operatingIncomeRatio": 0.1286583147,
        "totalOtherIncomeExpensesNet": -11213000,
        "incomeBeforeTax": 204112000,
        "incomeBeforeTaxRatio": 0.1219584625,
        "incomeTaxExpense": 70034000,
        "netIncome": 138344000,
        "netIncomeRatio": 0.0826615855,
        "eps": 0.31,
        "epsdiluted": 0.3,
        "weightedAverageShsOut": 447572000,
        "weightedAverageShsOutDil": 459280000,
        "link": "https://www.sec.gov/Archives/edgar/data/103379/000089322007001722/0000893220-07-001722-index.htm",
        "finalLink": "https://www.sec.gov/Archives/edgar/data/103379/000089322007001722/w34464e10vq.htm"
    },
    {
        "date": "2006-12-30",
        "symbol": "VFC",
        "reportedCurrency": "USD",
        "cik": "0000103379",
        "fillingDate": "2007-02-27",
        "acceptedDate": "2007-02-27 17:06:00",
        "calendarYear": "2007",
        "period": "Q3",
        "revenue": 949444000,
        "costOfRevenue": 466075000,
        "grossProfit": 483369000,
        "grossProfitRatio": 0.5091074355,
        "researchAndDevelopmentExpenses": 0,
        "generalAndAdministrativeExpenses": 0,
        "sellingAndMarketingExpenses": 0,
        "sellingGeneralAndAdministrativeExpenses": 328148000,
        "otherExpenses": 0,
        "operatingExpenses": 328148000,
        "costAndExpenses": 794223000,
        "interestIncome": 0,
        "interestExpense": 70654000,
        "depreciationAndAmortization": 24833000,
        "ebitda": 180054000,
        "ebitdaratio": 0.1896415165,
        "operatingIncome": 155221000,
        "operatingIncomeRatio": 0.1634862088,
        "totalOtherIncomeExpensesNet": -12731000,
        "incomeBeforeTax": 142490000,
        "incomeBeforeTaxRatio": 0.1500773084,
        "incomeTaxExpense": 32363000,
        "netIncome": 108592000,
        "netIncomeRatio": 0.1143743075,
        "eps": 0.24,
        "epsdiluted": 0.24,
        "weightedAverageShsOut": 447572000,
        "weightedAverageShsOutDil": 459280000,
        "link": "https://www.sec.gov/Archives/edgar/data/103379/000089322007000491/0000893220-07-000491-index.htm",
        "finalLink": "https://www.sec.gov/Archives/edgar/data/103379/000089322007000491/w30596e10vk.htm"
    },
    {
        "date": "2006-09-30",
        "symbol": "VFC",
        "reportedCurrency": "USD",
        "cik": "0000103379",
        "fillingDate": "2006-11-03",
        "acceptedDate": "2006-11-03 16:02:29",
        "calendarYear": "2007",
        "period": "Q2",
        "revenue": 1810098000,
        "costOfRevenue": 1018021000,
        "grossProfit": 792077000,
        "grossProfitRatio": 0.4375879096,
        "researchAndDevelopmentExpenses": 0,
        "generalAndAdministrativeExpenses": 0,
        "sellingAndMarketingExpenses": 0,
        "sellingGeneralAndAdministrativeExpenses": 504253000,
        "otherExpenses": 0,
        "operatingExpenses": 504253000,
        "costAndExpenses": 1522274000,
        "interestIncome": 0,
        "interestExpense": 0,
        "depreciationAndAmortization": 26885000,
        "ebitda": 314709000,
        "ebitdaratio": 0.1738629621,
        "operatingIncome": 287824000,
        "operatingIncomeRatio": 0.1590101751,
        "totalOtherIncomeExpensesNet": -12527000,
        "incomeBeforeTax": 275297000,
        "incomeBeforeTaxRatio": 0.1520895554,
        "incomeTaxExpense": 89340000,
        "netIncome": 197707000,
        "netIncomeRatio": 0.1092244729,
        "eps": 0.45,
        "epsdiluted": 0.44,
        "weightedAverageShsOut": 443208000,
        "weightedAverageShsOutDil": 452248000,
        "link": "https://www.sec.gov/Archives/edgar/data/103379/000089322006002329/0000893220-06-002329-index.htm",
        "finalLink": "https://www.sec.gov/Archives/edgar/data/103379/000089322006002329/w26627e10vq.htm"
    },
    {
        "date": "2006-07-01",
        "symbol": "VFC",
        "reportedCurrency": "USD",
        "cik": "0000103379",
        "fillingDate": "2006-08-08",
        "acceptedDate": "2006-08-08 17:05:02",
        "calendarYear": "2007",
        "period": "Q1",
        "revenue": 13515313000,
        "costOfRevenue": 765554000,
        "grossProfit": 12749759000,
        "grossProfitRatio": 0.9433565468,
        "researchAndDevelopmentExpenses": 0,
        "generalAndAdministrativeExpenses": 0,
        "sellingAndMarketingExpenses": 0,
        "sellingGeneralAndAdministrativeExpenses": 439970000,
        "otherExpenses": 12164000000,
        "operatingExpenses": 12603970000,
        "costAndExpenses": 13369524000,
        "interestIncome": 0,
        "interestExpense": 0,
        "depreciationAndAmortization": 38095000,
        "ebitda": 183884000,
        "ebitdaratio": 0.0136056043,
        "operatingIncome": 145789000,
        "operatingIncomeRatio": 0.0107869496,
        "totalOtherIncomeExpensesNet": -12022000,
        "incomeBeforeTax": 133767000,
        "incomeBeforeTaxRatio": 0.00989744,
        "incomeTaxExpense": 44208000,
        "netIncome": 99032000,
        "netIncomeRatio": 0.0073273923,
        "eps": 0.23,
        "epsdiluted": 0.22,
        "weightedAverageShsOut": 439516000,
        "weightedAverageShsOutDil": 450156000,
        "link": "https://www.sec.gov/Archives/edgar/data/103379/000089322006001775/0000893220-06-001775-index.htm",
        "finalLink": "https://www.sec.gov/Archives/edgar/data/103379/000089322006001775/w23807e10vq.htm"
    },
    {
        "date": "2006-04-01",
        "symbol": "VFC",
        "reportedCurrency": "USD",
        "cik": "0000103379",
        "fillingDate": "2006-05-08",
        "acceptedDate": "2006-05-08 17:23:42",
        "calendarYear": "2006",
        "period": "Q4",
        "revenue": 1455622000,
        "costOfRevenue": 824600000,
        "grossProfit": 631022000,
        "grossProfitRatio": 0.4335067758,
        "researchAndDevelopmentExpenses": 0,
        "generalAndAdministrativeExpenses": 0,
        "sellingAndMarketingExpenses": 0,
        "sellingGeneralAndAdministrativeExpenses": 443709000,
        "otherExpenses": 0,
        "operatingExpenses": 443709000,
        "costAndExpenses": 1268309000,
        "interestIncome": 0,
        "interestExpense": 0,
        "depreciationAndAmortization": 29300000,
        "ebitda": 216613000,
        "ebitdaratio": 0.1488112985,
        "operatingIncome": 187313000,
        "operatingIncomeRatio": 0.1286824464,
        "totalOtherIncomeExpensesNet": -10432000,
        "incomeBeforeTax": 176881000,
        "incomeBeforeTaxRatio": 0.1215157507,
        "incomeTaxExpense": 58739000,
        "netIncome": 128185000,
        "netIncomeRatio": 0.0880620106,
        "eps": 0.29,
        "epsdiluted": 0.28,
        "weightedAverageShsOut": 439416000,
        "weightedAverageShsOutDil": 449356000,
        "link": "https://www.sec.gov/Archives/edgar/data/103379/000089322006001067/0000893220-06-001067-index.htm",
        "finalLink": "https://www.sec.gov/Archives/edgar/data/103379/000089322006001067/w18888e10vq.htm"
    },
    {
        "date": "2005-12-31",
        "symbol": "VFC",
        "reportedCurrency": "USD",
        "cik": "0000103379",
        "fillingDate": "2006-03-10",
        "acceptedDate": "2006-03-10 16:20:26",
        "calendarYear": "2006",
        "period": "Q3",
        "revenue": 1626110000,
        "costOfRevenue": 974534000,
        "grossProfit": 651576000,
        "grossProfitRatio": 0.4006961399,
        "researchAndDevelopmentExpenses": 0,
        "generalAndAdministrativeExpenses": 0,
        "sellingAndMarketingExpenses": 0,
        "sellingGeneralAndAdministrativeExpenses": 508719000,
        "otherExpenses": -35289000,
        "operatingExpenses": 473430000,
        "costAndExpenses": 1447964000,
        "interestIncome": 0,
        "interestExpense": 0,
        "depreciationAndAmortization": 36602000,
        "ebitda": 214748000,
        "ebitdaratio": 0.1320624066,
        "operatingIncome": 178146000,
        "operatingIncomeRatio": 0.1095534742,
        "totalOtherIncomeExpensesNet": -8103000,
        "incomeBeforeTax": 170043000,
        "incomeBeforeTaxRatio": 0.1045704165,
        "incomeTaxExpense": 56228000,
        "netIncome": 101982000,
        "netIncomeRatio": 0.0627153145,
        "eps": 0.23,
        "epsdiluted": 0.23,
        "weightedAverageShsOut": 439416000,
        "weightedAverageShsOutDil": 449356000,
        "link": "https://www.sec.gov/Archives/edgar/data/103379/000089322006000503/0000893220-06-000503-index.htm",
        "finalLink": "https://www.sec.gov/Archives/edgar/data/103379/000089322006000503/w18296e10vk.htm"
    },
    {
        "date": "2005-10-01",
        "symbol": "VFC",
        "reportedCurrency": "USD",
        "cik": "0000103379",
        "fillingDate": "2005-11-08",
        "acceptedDate": "2005-11-08 15:03:23",
        "calendarYear": "2006",
        "period": "Q2",
        "revenue": 1822086000,
        "costOfRevenue": 1055613000,
        "grossProfit": 766473000,
        "grossProfitRatio": 0.4206568735,
        "researchAndDevelopmentExpenses": 0,
        "generalAndAdministrativeExpenses": 0,
        "sellingAndMarketingExpenses": 0,
        "sellingGeneralAndAdministrativeExpenses": 478471000,
        "otherExpenses": 0,
        "operatingExpenses": 478471000,
        "costAndExpenses": 1534084000,
        "interestIncome": 1402000,
        "interestExpense": 1099000,
        "depreciationAndAmortization": 32697000,
        "ebitda": 320699000,
        "ebitdaratio": 0.1760065112,
        "operatingIncome": 288002000,
        "operatingIncomeRatio": 0.1580616941,
        "totalOtherIncomeExpensesNet": -17136000,
        "incomeBeforeTax": 270866000,
        "incomeBeforeTaxRatio": 0.1486570886,
        "incomeTaxExpense": 91236000,
        "netIncome": 179630000,
        "netIncomeRatio": 0.0985848088,
        "eps": 0.4,
        "epsdiluted": 0.39,
        "weightedAverageShsOut": 444456000,
        "weightedAverageShsOutDil": 456584000,
        "link": "https://www.sec.gov/Archives/edgar/data/103379/000089322005002558/0000893220-05-002558-index.htm",
        "finalLink": "https://www.sec.gov/Archives/edgar/data/103379/000089322005002558/w14292e10vq.htm"
    },
    {
        "date": "2005-07-02",
        "symbol": "VFC",
        "reportedCurrency": "USD",
        "cik": "0000103379",
        "fillingDate": "2005-08-08",
        "acceptedDate": "2005-08-08 16:07:20",
        "calendarYear": "2006",
        "period": "Q1",
        "revenue": 1452107000,
        "costOfRevenue": 841812000,
        "grossProfit": 610295000,
        "grossProfitRatio": 0.4202823897,
        "researchAndDevelopmentExpenses": 0,
        "generalAndAdministrativeExpenses": 0,
        "sellingAndMarketingExpenses": 0,
        "sellingGeneralAndAdministrativeExpenses": 456511000,
        "otherExpenses": 0,
        "operatingExpenses": 456511000,
        "costAndExpenses": 1298323000,
        "interestIncome": 2041000,
        "interestExpense": 6850000,
        "depreciationAndAmortization": 33605000,
        "ebitda": 187389000,
        "ebitdaratio": 0.1290462755,
        "operatingIncome": 153784000,
        "operatingIncomeRatio": 0.1059040415,
        "totalOtherIncomeExpensesNet": -16586000,
        "incomeBeforeTax": 137198000,
        "incomeBeforeTaxRatio": 0.0944820182,
        "incomeTaxExpense": 40449000,
        "netIncome": 96749000,
        "netIncomeRatio": 0.0666266329,
        "eps": 0.22,
        "epsdiluted": 0.21,
        "weightedAverageShsOut": 441016000,
        "weightedAverageShsOutDil": 453132000,
        "link": "https://www.sec.gov/Archives/edgar/data/103379/000089322005001875/0000893220-05-001875-index.htm",
        "finalLink": "https://www.sec.gov/Archives/edgar/data/103379/000089322005001875/w11618e10vq.htm"
    },
    {
        "date": "2005-04-02",
        "symbol": "VFC",
        "reportedCurrency": "USD",
        "cik": "0000103379",
        "fillingDate": "2005-05-12",
        "acceptedDate": "2005-05-12 16:23:49",
        "calendarYear": "2005",
        "period": "Q4",
        "revenue": 1582185000,
        "costOfRevenue": 915564000,
        "grossProfit": 666621000,
        "grossProfitRatio": 0.4213293641,
        "researchAndDevelopmentExpenses": 0,
        "generalAndAdministrativeExpenses": 0,
        "sellingAndMarketingExpenses": 0,
        "sellingGeneralAndAdministrativeExpenses": 480115000,
        "otherExpenses": 0,
        "operatingExpenses": 480115000,
        "costAndExpenses": 1395679000,
        "interestIncome": 3016000,
        "interestExpense": 2071000,
        "depreciationAndAmortization": 29995000,
        "ebitda": 216501000,
        "ebitdaratio": 0.1368367163,
        "operatingIncome": 186506000,
        "operatingIncomeRatio": 0.1178787563,
        "totalOtherIncomeExpensesNet": -15539000,
        "incomeBeforeTax": 170967000,
        "incomeBeforeTaxRatio": 0.108057528,
        "incomeTaxExpense": 56281000,
        "netIncome": 102853000,
        "netIncomeRatio": 0.0650069366,
        "eps": 0.23,
        "epsdiluted": 0.22,
        "weightedAverageShsOut": 447044000,
        "weightedAverageShsOutDil": 459972000,
        "link": "https://www.sec.gov/Archives/edgar/data/103379/000089322005001161/0000893220-05-001161-index.htm",
        "finalLink": "https://www.sec.gov/Archives/edgar/data/103379/000089322005001161/w08842e10vq.htm"
    },
    {
        "date": "2005-01-01",
        "symbol": "VFC",
        "reportedCurrency": "USD",
        "cik": "0000103379",
        "fillingDate": "2005-03-10",
        "acceptedDate": "2005-03-10 17:17:50",
        "calendarYear": "2005",
        "period": "Q3",
        "revenue": 1559761000,
        "costOfRevenue": 923413000,
        "grossProfit": 636348000,
        "grossProfitRatio": 0.4079778889,
        "researchAndDevelopmentExpenses": 0,
        "generalAndAdministrativeExpenses": 0,
        "sellingAndMarketingExpenses": 0,
        "sellingGeneralAndAdministrativeExpenses": 446776000,
        "otherExpenses": -14478000,
        "operatingExpenses": 432298000,
        "costAndExpenses": 1355711000,
        "interestIncome": 0,
        "interestExpense": 0,
        "depreciationAndAmortization": 35869000,
        "ebitda": 239919000,
        "ebitdaratio": 0.1538177964,
        "operatingIncome": 204050000,
        "operatingIncomeRatio": 0.1308213245,
        "totalOtherIncomeExpensesNet": -15452000,
        "incomeBeforeTax": 188598000,
        "incomeBeforeTaxRatio": 0.1209146786,
        "incomeTaxExpense": 63295000,
        "netIncome": 125303000,
        "netIncomeRatio": 0.0803347436,
        "eps": 0.28,
        "epsdiluted": 0.27,
        "weightedAverageShsOut": 447044000,
        "weightedAverageShsOutDil": 459704000,
        "link": "https://www.sec.gov/Archives/edgar/data/103379/000089322005000519/0000893220-05-000519-index.htm",
        "finalLink": "https://www.sec.gov/Archives/edgar/data/103379/000089322005000519/w06467e10vk.htm"
    },
    {
        "date": "2004-10-02",
        "symbol": "VFC",
        "reportedCurrency": "USD",
        "cik": "0000103379",
        "fillingDate": "2004-11-04",
        "acceptedDate": "2004-11-04 16:27:41",
        "calendarYear": "2005",
        "period": "Q2",
        "revenue": 1792569000,
        "costOfRevenue": 1072741000,
        "grossProfit": 719828000,
        "grossProfitRatio": 0.4015622272,
        "researchAndDevelopmentExpenses": 0,
        "generalAndAdministrativeExpenses": 0,
        "sellingAndMarketingExpenses": 0,
        "sellingGeneralAndAdministrativeExpenses": 466197000,
        "otherExpenses": 2227000,
        "operatingExpenses": 468424000,
        "costAndExpenses": 1541165000,
        "interestIncome": 1087000,
        "interestExpense": 19286000,
        "depreciationAndAmortization": 46363000,
        "ebitda": 297767000,
        "ebitdaratio": 0.1661118763,
        "operatingIncome": 251404000,
        "operatingIncomeRatio": 0.1402478789,
        "totalOtherIncomeExpensesNet": -17897000,
        "incomeBeforeTax": 233507000,
        "incomeBeforeTaxRatio": 0.1302638838,
        "incomeTaxExpense": 78070000,
        "netIncome": 155437000,
        "netIncomeRatio": 0.0867118644,
        "eps": 0.35,
        "epsdiluted": 0.35,
        "weightedAverageShsOut": 440596000,
        "weightedAverageShsOutDil": 452136000,
        "link": "https://www.sec.gov/Archives/edgar/data/103379/000089322004002345/0000893220-04-002345-index.htm",
        "finalLink": "https://www.sec.gov/Archives/edgar/data/103379/000089322004002345/w68335e10vq.htm"
    },
    {
        "date": "2004-07-03",
        "symbol": "VFC",
        "reportedCurrency": "USD",
        "cik": "0000103379",
        "fillingDate": "2004-08-12",
        "acceptedDate": "2004-08-12 15:41:54",
        "calendarYear": "2005",
        "period": "Q1",
        "revenue": 1269537000,
        "costOfRevenue": 769708000,
        "grossProfit": 499829000,
        "grossProfitRatio": 0.3937096753,
        "researchAndDevelopmentExpenses": 0,
        "generalAndAdministrativeExpenses": 0,
        "sellingAndMarketingExpenses": 0,
        "sellingGeneralAndAdministrativeExpenses": 371785000,
        "otherExpenses": -21731000,
        "operatingExpenses": 350054000,
        "costAndExpenses": 1119762000,
        "interestIncome": 0,
        "interestExpense": 0,
        "depreciationAndAmortization": 29482000,
        "ebitda": 179257000,
        "ebitdaratio": 0.1411987205,
        "operatingIncome": 149775000,
        "operatingIncomeRatio": 0.117976081,
        "totalOtherIncomeExpensesNet": -17145000,
        "incomeBeforeTax": 132630000,
        "incomeBeforeTaxRatio": 0.1044711576,
        "incomeTaxExpense": 42542000,
        "netIncome": 90088000,
        "netIncomeRatio": 0.0709613032,
        "eps": 0.21,
        "epsdiluted": 0.2,
        "weightedAverageShsOut": 438620000,
        "weightedAverageShsOutDil": 450568000,
        "link": "https://www.sec.gov/Archives/edgar/data/103379/000089322004001701/0000893220-04-001701-index.htm",
        "finalLink": "https://www.sec.gov/Archives/edgar/data/103379/000089322004001701/w00230e10vq.htm"
    },
    {
        "date": "2004-03-31",
        "symbol": "VFC",
        "reportedCurrency": "USD",
        "cik": "0000103379",
        "fillingDate": "2004-05-10",
        "acceptedDate": "2004-05-10 17:03:27",
        "calendarYear": "2004",
        "period": "Q4",
        "revenue": 1432669000,
        "costOfRevenue": 878393000,
        "grossProfit": 554276000,
        "grossProfitRatio": 0.3868835021,
        "researchAndDevelopmentExpenses": 0,
        "generalAndAdministrativeExpenses": 0,
        "sellingAndMarketingExpenses": 0,
        "sellingGeneralAndAdministrativeExpenses": 394957000,
        "otherExpenses": -13240000,
        "operatingExpenses": 381717000,
        "costAndExpenses": 1260110000,
        "interestIncome": 1847000,
        "interestExpense": 327000,
        "depreciationAndAmortization": 29003000,
        "ebitda": 201562000,
        "ebitdaratio": 0.1406898593,
        "operatingIncome": 172559000,
        "operatingIncomeRatio": 0.1204458252,
        "totalOtherIncomeExpensesNet": -15174000,
        "incomeBeforeTax": 157385000,
        "incomeBeforeTaxRatio": 0.1098544046,
        "incomeTaxExpense": 53511000,
        "netIncome": 103874000,
        "netIncomeRatio": 0.0725038372,
        "eps": 0.24,
        "epsdiluted": 0.23,
        "weightedAverageShsOut": 434920000,
        "weightedAverageShsOutDil": 446060000,
        "link": "https://www.sec.gov/Archives/edgar/data/103379/000089322004000984/0000893220-04-000984-index.htm",
        "finalLink": "https://www.sec.gov/Archives/edgar/data/103379/000089322004000984/w97190e10vq.htm"
    },
    {
        "date": "2004-01-03",
        "symbol": "VFC",
        "reportedCurrency": "USD",
        "cik": "0000103379",
        "fillingDate": "2004-03-10",
        "acceptedDate": "2004-03-10 11:11:33",
        "calendarYear": "2004",
        "period": "Q3",
        "revenue": 1387259000,
        "costOfRevenue": 837128000,
        "grossProfit": 550131000,
        "grossProfitRatio": 0.3965596907,
        "researchAndDevelopmentExpenses": 0,
        "generalAndAdministrativeExpenses": 0,
        "sellingAndMarketingExpenses": 0,
        "sellingGeneralAndAdministrativeExpenses": 366462000,
        "otherExpenses": 21728000,
        "operatingExpenses": 388190000,
        "costAndExpenses": 1225318000,
        "interestIncome": 0,
        "interestExpense": 31360000,
        "depreciationAndAmortization": 26223000,
        "ebitda": 188164000,
        "ebitdaratio": 0.135637253,
        "operatingIncome": 161941000,
        "operatingIncomeRatio": 0.1167345103,
        "totalOtherIncomeExpensesNet": -10377000,
        "incomeBeforeTax": 151564000,
        "incomeBeforeTaxRatio": 0.1092542921,
        "incomeTaxExpense": 45931000,
        "netIncome": 105633000,
        "netIncomeRatio": 0.0761451178,
        "eps": 0.24,
        "epsdiluted": 0.24,
        "weightedAverageShsOut": 434920000,
        "weightedAverageShsOutDil": 446060000,
        "link": "https://www.sec.gov/Archives/edgar/data/103379/000089322004000378/0000893220-04-000378-index.htm",
        "finalLink": "https://www.sec.gov/Archives/edgar/data/103379/000089322004000378/w94808e10vk.htm"
    },
    {
        "date": "2003-10-04",
        "symbol": "VFC",
        "reportedCurrency": "USD",
        "cik": "0000103379",
        "fillingDate": "2003-11-07",
        "acceptedDate": "2003-11-07 10:16:51",
        "calendarYear": "2004",
        "period": "Q2",
        "revenue": 1435403000,
        "costOfRevenue": 898325000,
        "grossProfit": 537078000,
        "grossProfitRatio": 0.3741653041,
        "researchAndDevelopmentExpenses": 0,
        "generalAndAdministrativeExpenses": 0,
        "sellingAndMarketingExpenses": 0,
        "sellingGeneralAndAdministrativeExpenses": 341861000,
        "otherExpenses": -9359000,
        "operatingExpenses": 332502000,
        "costAndExpenses": 1230827000,
        "interestIncome": 1337000,
        "interestExpense": 4581000,
        "depreciationAndAmortization": 26542000,
        "ebitda": 231118000,
        "ebitdaratio": 0.1610126215,
        "operatingIncome": 204576000,
        "operatingIncomeRatio": 0.1425216472,
        "totalOtherIncomeExpensesNet": -13786000,
        "incomeBeforeTax": 190790000,
        "incomeBeforeTaxRatio": 0.1329173758,
        "incomeTaxExpense": 65501000,
        "netIncome": 125289000,
        "netIncomeRatio": 0.0872848949,
        "eps": 0.29,
        "epsdiluted": 0.28,
        "weightedAverageShsOut": 428852000,
        "weightedAverageShsOutDil": 439100000,
        "link": "https://www.sec.gov/Archives/edgar/data/103379/000089322003001817/0000893220-03-001817-index.htm",
        "finalLink": "https://www.sec.gov/Archives/edgar/data/103379/000089322003001817/w91386e10vq.htm"
    },
    {
        "date": "2003-07-05",
        "symbol": "VFC",
        "reportedCurrency": "USD",
        "cik": "0000103379",
        "fillingDate": "2003-08-05",
        "acceptedDate": "2003-08-05 11:46:28",
        "calendarYear": "2004",
        "period": "Q1",
        "revenue": 1134742000,
        "costOfRevenue": 714011000,
        "grossProfit": 420731000,
        "grossProfitRatio": 0.370772387,
        "researchAndDevelopmentExpenses": 0,
        "generalAndAdministrativeExpenses": 0,
        "sellingAndMarketingExpenses": 0,
        "sellingGeneralAndAdministrativeExpenses": 301157000,
        "otherExpenses": -6039000,
        "operatingExpenses": 295118000,
        "costAndExpenses": 1009129000,
        "interestIncome": 1145000,
        "interestExpense": 2637000,
        "depreciationAndAmortization": 23809000,
        "ebitda": 149422000,
        "ebitdaratio": 0.1316792716,
        "operatingIncome": 125613000,
        "operatingIncomeRatio": 0.1106974096,
        "totalOtherIncomeExpensesNet": -10883000,
        "incomeBeforeTax": 114730000,
        "incomeBeforeTaxRatio": 0.1011066833,
        "incomeTaxExpense": 39785000,
        "netIncome": 74945000,
        "netIncomeRatio": 0.0660458501,
        "eps": 0.17,
        "epsdiluted": 0.17,
        "weightedAverageShsOut": 429648000,
        "weightedAverageShsOutDil": 440352000,
        "link": "https://www.sec.gov/Archives/edgar/data/103379/000089322003001348/0000893220-03-001348-index.htm",
        "finalLink": "https://www.sec.gov/Archives/edgar/data/103379/000089322003001348/w88936e10vq.htm"
    },
    {
        "date": "2003-04-05",
        "symbol": "VFC",
        "reportedCurrency": "USD",
        "cik": "0000103379",
        "fillingDate": "2003-05-09",
        "acceptedDate": "2003-05-09 10:47:14",
        "calendarYear": "2003",
        "period": "Q4",
        "revenue": 1250055000,
        "costOfRevenue": 781292000,
        "grossProfit": 468763000,
        "grossProfitRatio": 0.3749939003,
        "researchAndDevelopmentExpenses": 0,
        "generalAndAdministrativeExpenses": 0,
        "sellingAndMarketingExpenses": 0,
        "sellingGeneralAndAdministrativeExpenses": 322334000,
        "otherExpenses": -6330000,
        "operatingExpenses": 316004000,
        "costAndExpenses": 1097296000,
        "interestIncome": 2130000,
        "interestExpense": 4276000,
        "depreciationAndAmortization": 27889000,
        "ebitda": 180648000,
        "ebitdaratio": 0.1445120415,
        "operatingIncome": 152759000,
        "operatingIncomeRatio": 0.1222018231,
        "totalOtherIncomeExpensesNet": -11337000,
        "incomeBeforeTax": 141422000,
        "incomeBeforeTaxRatio": 0.1131326222,
        "incomeTaxExpense": 49356000,
        "netIncome": 92066000,
        "netIncomeRatio": 0.0736495594,
        "eps": 0.21,
        "epsdiluted": 0.21,
        "weightedAverageShsOut": 433424000,
        "weightedAverageShsOutDil": 443736000,
        "link": "https://www.sec.gov/Archives/edgar/data/103379/000089322003000857/0000893220-03-000857-index.htm",
        "finalLink": "https://www.sec.gov/Archives/edgar/data/103379/000089322003000857/w86217e10vq.htm"
    },
    {
        "date": "2003-01-04",
        "symbol": "VFC",
        "reportedCurrency": "USD",
        "cik": "0000103379",
        "fillingDate": "2003-03-21",
        "acceptedDate": "2003-03-21 16:06:12",
        "calendarYear": "2003",
        "period": "Q3",
        "revenue": 1310616000,
        "costOfRevenue": 851136000,
        "grossProfit": 459480000,
        "grossProfitRatio": 0.3505832372,
        "researchAndDevelopmentExpenses": 0,
        "generalAndAdministrativeExpenses": 0,
        "sellingAndMarketingExpenses": 0,
        "sellingGeneralAndAdministrativeExpenses": 325180000,
        "otherExpenses": 17891000,
        "operatingExpenses": 343071000,
        "costAndExpenses": 1194207000,
        "interestIncome": 0,
        "interestExpense": 20442000,
        "depreciationAndAmortization": 29088000,
        "ebitda": 145497000,
        "ebitdaratio": 0.1110142101,
        "operatingIncome": 116409000,
        "operatingIncomeRatio": 0.0888200663,
        "totalOtherIncomeExpensesNet": -10324000,
        "incomeBeforeTax": 106085000,
        "incomeBeforeTaxRatio": 0.0809428544,
        "incomeTaxExpense": 35748000,
        "netIncome": 76600000,
        "netIncomeRatio": 0.0584457995,
        "eps": 0.18,
        "epsdiluted": 0.17,
        "weightedAverageShsOut": 433424000,
        "weightedAverageShsOutDil": 443736000,
        "link": "https://www.sec.gov/Archives/edgar/data/103379/000089322003000363/0000893220-03-000363-index.htm",
        "finalLink": "https://www.sec.gov/Archives/edgar/data/103379/000089322003000363/w84411e10vk.htm"
    },
    {
        "date": "2002-09-28",
        "symbol": "VFC",
        "reportedCurrency": "USD",
        "cik": "0000103379",
        "fillingDate": "2002-11-12",
        "acceptedDate": "2002-11-12 13:29:04",
        "calendarYear": "2003",
        "period": "Q2",
        "revenue": 1400389000,
        "costOfRevenue": 871117000,
        "grossProfit": 529272000,
        "grossProfitRatio": 0.3779464135,
        "researchAndDevelopmentExpenses": 0,
        "generalAndAdministrativeExpenses": 0,
        "sellingAndMarketingExpenses": 0,
        "sellingGeneralAndAdministrativeExpenses": 321027000,
        "otherExpenses": -8070000,
        "operatingExpenses": 312957000,
        "costAndExpenses": 1184074000,
        "interestIncome": 0,
        "interestExpense": 10833000,
        "depreciationAndAmortization": 26024000,
        "ebitda": 242339000,
        "ebitdaratio": 0.1730512022,
        "operatingIncome": 216315000,
        "operatingIncomeRatio": 0.1544677943,
        "totalOtherIncomeExpensesNet": -19284000,
        "incomeBeforeTax": 197031000,
        "incomeBeforeTaxRatio": 0.1406973348,
        "incomeTaxExpense": 68467000,
        "netIncome": 128249000,
        "netIncomeRatio": 0.0915809821,
        "eps": 0.29,
        "epsdiluted": 0.29,
        "weightedAverageShsOut": 435068000,
        "weightedAverageShsOutDil": 447396000,
        "link": "https://www.sec.gov/Archives/edgar/data/103379/000089322002001333/0000893220-02-001333-index.htm",
        "finalLink": "https://www.sec.gov/Archives/edgar/data/103379/000089322002001333/w65338e10vq.txt"
    },
    {
        "date": "2002-06-29",
        "symbol": "VFC",
        "reportedCurrency": "USD",
        "cik": "0000103379",
        "fillingDate": "2002-08-08",
        "acceptedDate": "2002-08-08 16:58:42",
        "calendarYear": "2003",
        "period": "Q1",
        "revenue": 1160256000,
        "costOfRevenue": 725076000,
        "grossProfit": 435180000,
        "grossProfitRatio": 0.3750723978,
        "researchAndDevelopmentExpenses": 0,
        "generalAndAdministrativeExpenses": 0,
        "sellingAndMarketingExpenses": 0,
        "sellingGeneralAndAdministrativeExpenses": 288578000,
        "otherExpenses": -5324000,
        "operatingExpenses": 283254000,
        "costAndExpenses": 1008330000,
        "interestIncome": 0,
        "interestExpense": 8347000,
        "depreciationAndAmortization": 27668000,
        "ebitda": 179594000,
        "ebitdaratio": 0.1547882536,
        "operatingIncome": 151926000,
        "operatingIncomeRatio": 0.1309417922,
        "totalOtherIncomeExpensesNet": -14335000,
        "incomeBeforeTax": 137591000,
        "incomeBeforeTaxRatio": 0.1185867602,
        "incomeTaxExpense": 49111000,
        "netIncome": 88866000,
        "netIncomeRatio": 0.0765917177,
        "eps": 0.2,
        "epsdiluted": 0.2,
        "weightedAverageShsOut": 438504000,
        "weightedAverageShsOutDil": 451928000,
        "link": "https://www.sec.gov/Archives/edgar/data/103379/000089322002000964/0000893220-02-000964-index.htm",
        "finalLink": "https://www.sec.gov/Archives/edgar/data/103379/000089322002000964/w62650e10vq.txt"
    },
    {
        "date": "2002-03-30",
        "symbol": "VFC",
        "reportedCurrency": "USD",
        "cik": "0000103379",
        "fillingDate": "2002-05-13",
        "acceptedDate": "2002-05-13 17:05:34",
        "calendarYear": "2002",
        "period": "Q4",
        "revenue": 1212262000,
        "costOfRevenue": 784368000,
        "grossProfit": 427894000,
        "grossProfitRatio": 0.3529715524,
        "researchAndDevelopmentExpenses": 0,
        "generalAndAdministrativeExpenses": 0,
        "sellingAndMarketingExpenses": 0,
        "sellingGeneralAndAdministrativeExpenses": 295117000,
        "otherExpenses": -4497000,
        "operatingExpenses": 290620000,
        "costAndExpenses": 1074988000,
        "interestIncome": 0,
        "interestExpense": 534908000,
        "depreciationAndAmortization": 26894000,
        "ebitda": 164168000,
        "ebitdaratio": 0.1354228706,
        "operatingIncome": 137274000,
        "operatingIncomeRatio": 0.1132378974,
        "totalOtherIncomeExpensesNet": -16253000,
        "incomeBeforeTax": 121021000,
        "incomeBeforeTaxRatio": 0.0998307297,
        "incomeTaxExpense": 43974000,
        "netIncome": -448258000,
        "netIncomeRatio": -0.3697699012,
        "eps": -1.02,
        "epsdiluted": -0.99,
        "weightedAverageShsOut": 439820000,
        "weightedAverageShsOutDil": 453508000,
        "link": "https://www.sec.gov/Archives/edgar/data/103379/000089322002000628/0000893220-02-000628-index.htm",
        "finalLink": "https://www.sec.gov/Archives/edgar/data/103379/000089322002000628/w60522e10-q.txt"
    },
    {
        "date": "2001-12-29",
        "symbol": "VFC",
        "reportedCurrency": "USD",
        "cik": "0000103379",
        "fillingDate": "2002-03-20",
        "acceptedDate": "2002-03-20 00:00:00",
        "calendarYear": "2002",
        "period": "Q3",
        "revenue": 1295352000,
        "costOfRevenue": 1009754000,
        "grossProfit": 285598000,
        "grossProfitRatio": 0.2204790667,
        "researchAndDevelopmentExpenses": 0,
        "generalAndAdministrativeExpenses": 0,
        "sellingAndMarketingExpenses": 0,
        "sellingGeneralAndAdministrativeExpenses": 410997000,
        "otherExpenses": 0,
        "operatingExpenses": 410997000,
        "costAndExpenses": 1420751000,
        "interestIncome": 0,
        "interestExpense": 12217000,
        "depreciationAndAmortization": 40899000,
        "ebitda": -84500000,
        "ebitdaratio": -0.0652332339,
        "operatingIncome": -125399000,
        "operatingIncomeRatio": -0.0968068911,
        "totalOtherIncomeExpensesNet": -15725000,
        "incomeBeforeTax": -141124000,
        "incomeBeforeTaxRatio": -0.1089464485,
        "incomeTaxExpense": -28527000,
        "netIncome": -112597000,
        "netIncomeRatio": -0.0869238632,
        "eps": -0.26,
        "epsdiluted": -0.25,
        "weightedAverageShsOut": 439820000,
        "weightedAverageShsOutDil": 453508000,
        "link": "https://www.sec.gov/Archives/edgar/data/103379/000089322002000278/0000893220-02-000278-index.htm",
        "finalLink": "https://www.sec.gov/Archives/edgar/data/103379/000089322002000278/w58417e10-k405.txt"
    },
    {
        "date": "2001-09-29",
        "symbol": "VFC",
        "reportedCurrency": "USD",
        "cik": "0000103379",
        "fillingDate": "2001-10-25",
        "acceptedDate": "2001-10-25 00:00:00",
        "calendarYear": "2002",
        "period": "Q2",
        "revenue": 1477196000,
        "costOfRevenue": 970631000,
        "grossProfit": 506565000,
        "grossProfitRatio": 0.3429233494,
        "researchAndDevelopmentExpenses": 0,
        "generalAndAdministrativeExpenses": 0,
        "sellingAndMarketingExpenses": 0,
        "sellingGeneralAndAdministrativeExpenses": 315990000,
        "otherExpenses": 0,
        "operatingExpenses": 315990000,
        "costAndExpenses": 1286621000,
        "interestIncome": 0,
        "interestExpense": 21263000,
        "depreciationAndAmortization": 41695000,
        "ebitda": 232270000,
        "ebitdaratio": 0.1572370897,
        "operatingIncome": 190575000,
        "operatingIncomeRatio": 0.129011316,
        "totalOtherIncomeExpensesNet": -21481000,
        "incomeBeforeTax": 169094000,
        "incomeBeforeTaxRatio": 0.1144695761,
        "incomeTaxExpense": 65534000,
        "netIncome": 103560000,
        "netIncomeRatio": 0.070105795,
        "eps": 0.23,
        "epsdiluted": 0.23,
        "weightedAverageShsOut": 445236000,
        "weightedAverageShsOutDil": 458252000,
        "link": "https://www.sec.gov/Archives/edgar/data/103379/000089322001500794/0000893220-01-500794-index.htm",
        "finalLink": "https://www.sec.gov/Archives/edgar/data/103379/000089322001500794/w54152e10-q.txt"
    },
    {
        "date": "2001-06-30",
        "symbol": "VFC",
        "reportedCurrency": "USD",
        "cik": "0000103379",
        "fillingDate": "2001-08-08",
        "acceptedDate": "2001-08-08 00:00:00",
        "calendarYear": "2002",
        "period": "Q1",
        "revenue": 1322958000,
        "costOfRevenue": 876043000,
        "grossProfit": 446915000,
        "grossProfitRatio": 0.3378149571,
        "researchAndDevelopmentExpenses": 0,
        "generalAndAdministrativeExpenses": 0,
        "sellingAndMarketingExpenses": 0,
        "sellingGeneralAndAdministrativeExpenses": 311974000,
        "otherExpenses": 0,
        "operatingExpenses": 311974000,
        "costAndExpenses": 1188017000,
        "interestIncome": 0,
        "interestExpense": 24480000,
        "depreciationAndAmortization": 42778000,
        "ebitda": 177719000,
        "ebitdaratio": 0.1343345745,
        "operatingIncome": 134941000,
        "operatingIncomeRatio": 0.1019994588,
        "totalOtherIncomeExpensesNet": -23574000,
        "incomeBeforeTax": 111367000,
        "incomeBeforeTaxRatio": 0.084180299,
        "incomeTaxExpense": 41986000,
        "netIncome": 69381000,
        "netIncomeRatio": 0.0524438418,
        "eps": 0.15,
        "epsdiluted": 0.15,
        "weightedAverageShsOut": 446284000,
        "weightedAverageShsOutDil": 461500000,
        "link": "https://www.sec.gov/Archives/edgar/data/103379/000089322001500535/0000893220-01-500535-index.htm",
        "finalLink": "https://www.sec.gov/Archives/edgar/data/103379/000089322001500535/w52108e10-q.txt"
    },
    {
        "date": "2001-03-31",
        "symbol": "VFC",
        "reportedCurrency": "USD",
        "cik": "0000103379",
        "fillingDate": "2001-05-15",
        "acceptedDate": "2001-05-15 00:00:00",
        "calendarYear": "2001",
        "period": "Q4",
        "revenue": 1423299000,
        "costOfRevenue": 942406000,
        "grossProfit": 480893000,
        "grossProfitRatio": 0.3378720845,
        "researchAndDevelopmentExpenses": 0,
        "generalAndAdministrativeExpenses": 0,
        "sellingAndMarketingExpenses": 0,
        "sellingGeneralAndAdministrativeExpenses": 329669000,
        "otherExpenses": 0,
        "operatingExpenses": 329669000,
        "costAndExpenses": 1272075000,
        "interestIncome": 0,
        "interestExpense": 32604000,
        "depreciationAndAmortization": 43600000,
        "ebitda": 194824000,
        "ebitdaratio": 0.1368819904,
        "operatingIncome": 151224000,
        "operatingIncomeRatio": 0.1062489329,
        "totalOtherIncomeExpensesNet": -27760000,
        "incomeBeforeTax": 123464000,
        "incomeBeforeTaxRatio": 0.0867449496,
        "incomeTaxExpense": 45978000,
        "netIncome": 77486000,
        "netIncomeRatio": 0.0544411259,
        "eps": 0.17,
        "epsdiluted": 0.17,
        "weightedAverageShsOut": 447816000,
        "weightedAverageShsOutDil": 461948000,
        "link": "https://www.sec.gov/Archives/edgar/data/103379/000089322001500233/0000893220-01-500233-index.htm",
        "finalLink": "https://www.sec.gov/Archives/edgar/data/103379/000089322001500233/w49067e10-q.txt"
    },
    {
        "date": "2000-12-30",
        "symbol": "VFC",
        "reportedCurrency": "USD",
        "cik": "0000103379",
        "fillingDate": "2001-03-26",
        "acceptedDate": "2001-03-26 00:00:00",
        "calendarYear": "2001",
        "period": "Q3",
        "revenue": 1441471000,
        "costOfRevenue": 963085000,
        "grossProfit": 478386000,
        "grossProfitRatio": 0.331873482,
        "researchAndDevelopmentExpenses": 0,
        "generalAndAdministrativeExpenses": 0,
        "sellingAndMarketingExpenses": 0,
        "sellingGeneralAndAdministrativeExpenses": 396731000,
        "otherExpenses": 44679000,
        "operatingExpenses": 441410000,
        "costAndExpenses": 1404495000,
        "interestIncome": 0,
        "interestExpense": 32574000,
        "depreciationAndAmortization": 44679000,
        "ebitda": 81655000,
        "ebitdaratio": 0.0566469946,
        "operatingIncome": 36976000,
        "operatingIncomeRatio": 0.025651574,
        "totalOtherIncomeExpensesNet": -24372000,
        "incomeBeforeTax": 12604000,
        "incomeBeforeTaxRatio": 0.0087438457,
        "incomeTaxExpense": 7231000,
        "netIncome": -1409000,
        "netIncomeRatio": -0.0009774737,
        "eps": -0.0031,
        "epsdiluted": -0.0031,
        "weightedAverageShsOut": 447816000,
        "weightedAverageShsOutDil": 461948000,
        "link": "https://www.sec.gov/Archives/edgar/data/103379/000089322001000313/0000893220-01-000313-index.htm",
        "finalLink": "https://www.sec.gov/Archives/edgar/data/103379/000089322001000313/w46645e10-k405.txt"
    },
    {
        "date": "2000-09-30",
        "symbol": "VFC",
        "reportedCurrency": "USD",
        "cik": "0000103379",
        "fillingDate": "2000-11-08",
        "acceptedDate": "2000-11-08 00:00:00",
        "calendarYear": "2001",
        "period": "Q2",
        "revenue": 1599864000,
        "costOfRevenue": 1056262000,
        "grossProfit": 543602000,
        "grossProfitRatio": 0.3397801313,
        "researchAndDevelopmentExpenses": 0,
        "generalAndAdministrativeExpenses": 0,
        "sellingAndMarketingExpenses": 0,
        "sellingGeneralAndAdministrativeExpenses": 355266000,
        "otherExpenses": 0,
        "operatingExpenses": 355266000,
        "costAndExpenses": 1411528000,
        "interestIncome": 0,
        "interestExpense": 23397000,
        "depreciationAndAmortization": 43974000,
        "ebitda": 232310000,
        "ebitdaratio": 0.1452060925,
        "operatingIncome": 188336000,
        "operatingIncomeRatio": 0.1177200062,
        "totalOtherIncomeExpensesNet": -22989000,
        "incomeBeforeTax": 165347000,
        "incomeBeforeTaxRatio": 0.1033506598,
        "incomeTaxExpense": 61986000,
        "netIncome": 103361000,
        "netIncomeRatio": 0.0646061165,
        "eps": 0.23,
        "epsdiluted": 0.22,
        "weightedAverageShsOut": 456052000,
        "weightedAverageShsOutDil": 467952000,
        "link": "https://www.sec.gov/Archives/edgar/data/103379/000089322000001239/0000893220-00-001239-index.htm",
        "finalLink": "https://www.sec.gov/Archives/edgar/data/103379/000089322000001239/w42255e10-q.txt"
    },
    {
        "date": "2000-07-01",
        "symbol": "VFC",
        "reportedCurrency": "USD",
        "cik": "0000103379",
        "fillingDate": "2000-08-15",
        "acceptedDate": "2000-08-15 00:00:00",
        "calendarYear": "2001",
        "period": "Q1",
        "revenue": 1330325000,
        "costOfRevenue": 867466000,
        "grossProfit": 462859000,
        "grossProfitRatio": 0.3479292654,
        "researchAndDevelopmentExpenses": 0,
        "generalAndAdministrativeExpenses": 0,
        "sellingAndMarketingExpenses": 0,
        "sellingGeneralAndAdministrativeExpenses": 325458000,
        "otherExpenses": 0,
        "operatingExpenses": 325458000,
        "costAndExpenses": 1192924000,
        "interestIncome": 0,
        "interestExpense": 13215000,
        "depreciationAndAmortization": 42656000,
        "ebitda": 180057000,
        "ebitdaratio": 0.1353481292,
        "operatingIncome": 137401000,
        "operatingIncomeRatio": 0.103283784,
        "totalOtherIncomeExpensesNet": -16245000,
        "incomeBeforeTax": 121156000,
        "incomeBeforeTaxRatio": 0.0910724823,
        "incomeTaxExpense": 45411000,
        "netIncome": 75745000,
        "netIncomeRatio": 0.0569372146,
        "eps": 0.16,
        "epsdiluted": 0.16,
        "weightedAverageShsOut": 456500000,
        "weightedAverageShsOutDil": 469132000,
        "link": "https://www.sec.gov/Archives/edgar/data/103379/000089322000000998/0000893220-00-000998-index.htm",
        "finalLink": "https://www.sec.gov/Archives/edgar/data/103379/000089322000000998/e10-q.txt"
    },
    {
        "date": "2000-04-01",
        "symbol": "VFC",
        "reportedCurrency": "USD",
        "cik": "0000103379",
        "fillingDate": "2000-05-09",
        "acceptedDate": "2000-05-09 04:00:00",
        "calendarYear": "2000",
        "period": "Q4",
        "revenue": 1355184000,
        "costOfRevenue": 859030000,
        "grossProfit": 496154000,
        "grossProfitRatio": 0.3661155976,
        "researchAndDevelopmentExpenses": 0,
        "generalAndAdministrativeExpenses": 0,
        "sellingAndMarketingExpenses": 0,
        "sellingGeneralAndAdministrativeExpenses": 314418000,
        "otherExpenses": 42113000,
        "operatingExpenses": 356531000,
        "costAndExpenses": 1215561000,
        "interestIncome": 0,
        "interestExpense": 13484000,
        "depreciationAndAmortization": 42113000,
        "ebitda": 181736000,
        "ebitdaratio": 0.1341042988,
        "operatingIncome": 101072000,
        "operatingIncomeRatio": 0.0745817542,
        "totalOtherIncomeExpensesNet": 23697000,
        "incomeBeforeTax": 124769000,
        "incomeBeforeTaxRatio": 0.0920679406,
        "incomeTaxExpense": 46918000,
        "netIncome": 71069000,
        "netIncomeRatio": 0.0524423252,
        "eps": 0.15,
        "epsdiluted": 0.15,
        "weightedAverageShsOut": 461412000,
        "weightedAverageShsOutDil": 473784000,
        "link": "https://www.sec.gov/Archives/edgar/data/103379/000089322000000622/0000893220-00-000622-index.htm",
        "finalLink": "https://www.sec.gov/Archives/edgar/data/103379/000089322000000622/"
    },
    {
        "date": "2000-01-01",
        "symbol": "VFC",
        "reportedCurrency": "USD",
        "cik": "0000103379",
        "fillingDate": "2000-03-28",
        "acceptedDate": "2000-03-28 05:00:00",
        "calendarYear": "2000",
        "period": "Q3",
        "revenue": 1363700000,
        "costOfRevenue": 862400000,
        "grossProfit": 501300000,
        "grossProfitRatio": 0.3676028452,
        "researchAndDevelopmentExpenses": 0,
        "generalAndAdministrativeExpenses": 0,
        "sellingAndMarketingExpenses": 0,
        "sellingGeneralAndAdministrativeExpenses": 291700000,
        "otherExpenses": 42000000,
        "operatingExpenses": 333700000,
        "costAndExpenses": 1196100000,
        "interestIncome": 0,
        "interestExpense": 4900000,
        "depreciationAndAmortization": 42000000,
        "ebitda": 209600000,
        "ebitdaratio": 0.153699494,
        "operatingIncome": 167600000,
        "operatingIncomeRatio": 0.1229009313,
        "totalOtherIncomeExpensesNet": -9000000,
        "incomeBeforeTax": 158600000,
        "incomeBeforeTaxRatio": 0.1163012393,
        "incomeTaxExpense": 61400000,
        "netIncome": 97200000,
        "netIncomeRatio": 0.0712766738,
        "eps": 0.21,
        "epsdiluted": 0.21,
        "weightedAverageShsOut": 461412000,
        "weightedAverageShsOutDil": 473784000,
        "link": "https://www.sec.gov/Archives/edgar/data/103379/000089322000000362/0000893220-00-000362-index.htm",
        "finalLink": "https://www.sec.gov/Archives/edgar/data/103379/000089322000000362/"
    },
    {
        "date": "1999-10-02",
        "symbol": "VFC",
        "reportedCurrency": "USD",
        "cik": "0000103379",
        "fillingDate": "1999-11-16",
        "acceptedDate": "1999-11-16 05:00:00",
        "calendarYear": "2000",
        "period": "Q2",
        "revenue": 1464900000,
        "costOfRevenue": 922100000,
        "grossProfit": 542800000,
        "grossProfitRatio": 0.370537238,
        "researchAndDevelopmentExpenses": 0,
        "generalAndAdministrativeExpenses": 0,
        "sellingAndMarketingExpenses": 0,
        "sellingGeneralAndAdministrativeExpenses": 313500000,
        "otherExpenses": 42800000,
        "operatingExpenses": 356300000,
        "costAndExpenses": 1278400000,
        "interestIncome": 0,
        "interestExpense": 16900000,
        "depreciationAndAmortization": 42800000,
        "ebitda": 229300000,
        "ebitdaratio": 0.1565294559,
        "operatingIncome": 186500000,
        "operatingIncomeRatio": 0.1273124445,
        "totalOtherIncomeExpensesNet": -17300000,
        "incomeBeforeTax": 169200000,
        "incomeBeforeTaxRatio": 0.1155027647,
        "incomeTaxExpense": 65300000,
        "netIncome": 103900000,
        "netIncomeRatio": 0.0709263431,
        "eps": 0.22,
        "epsdiluted": 0.21,
        "weightedAverageShsOut": 477701000,
        "weightedAverageShsOutDil": 488941000,
        "link": "https://www.sec.gov/Archives/edgar/data/103379/000089322099001304/0000893220-99-001304-index.htm",
        "finalLink": "https://www.sec.gov/Archives/edgar/data/103379/000089322099001304/"
    },
    {
        "date": "1999-07-03",
        "symbol": "VFC",
        "reportedCurrency": "USD",
        "cik": "0000103379",
        "fillingDate": "1999-08-17",
        "acceptedDate": "1999-08-17 04:00:00",
        "calendarYear": "2000",
        "period": "Q1",
        "revenue": 1364800000,
        "costOfRevenue": 863800000,
        "grossProfit": 501000000,
        "grossProfitRatio": 0.3670867526,
        "researchAndDevelopmentExpenses": 0,
        "generalAndAdministrativeExpenses": 0,
        "sellingAndMarketingExpenses": 0,
        "sellingGeneralAndAdministrativeExpenses": 314200000,
        "otherExpenses": 42100000,
        "operatingExpenses": 356300000,
        "costAndExpenses": 1220100000,
        "interestIncome": 0,
        "interestExpense": 13800000,
        "depreciationAndAmortization": 42100000,
        "ebitda": 186800000,
        "ebitdaratio": 0.136869871,
        "operatingIncome": 144700000,
        "operatingIncomeRatio": 0.1060228605,
        "totalOtherIncomeExpensesNet": -16100000,
        "incomeBeforeTax": 128600000,
        "incomeBeforeTaxRatio": 0.0942262603,
        "incomeTaxExpense": 49000000,
        "netIncome": 79600000,
        "netIncomeRatio": 0.0583235639,
        "eps": 0.16,
        "epsdiluted": 0.16,
        "weightedAverageShsOut": 489846000,
        "weightedAverageShsOutDil": 497500000,
        "link": "https://www.sec.gov/Archives/edgar/data/103379/000089322099000979/0000893220-99-000979-index.htm",
        "finalLink": "https://www.sec.gov/Archives/edgar/data/103379/000089322099000979/"
    },
    {
        "date": "1999-04-03",
        "symbol": "VFC",
        "reportedCurrency": "USD",
        "cik": "0000103379",
        "fillingDate": "1999-05-11",
        "acceptedDate": "1999-05-11 04:00:00",
        "calendarYear": "1999",
        "period": "Q4",
        "revenue": 1358200000,
        "costOfRevenue": 853200000,
        "grossProfit": 505000000,
        "grossProfitRatio": 0.3718156383,
        "researchAndDevelopmentExpenses": 0,
        "generalAndAdministrativeExpenses": 0,
        "sellingAndMarketingExpenses": 0,
        "sellingGeneralAndAdministrativeExpenses": 310500000,
        "otherExpenses": 40500000,
        "operatingExpenses": 351000000,
        "costAndExpenses": 1204200000,
        "interestIncome": 0,
        "interestExpense": 13000000,
        "depreciationAndAmortization": 40500000,
        "ebitda": 194500000,
        "ebitdaratio": 0.1432042409,
        "operatingIncome": 154000000,
        "operatingIncomeRatio": 0.113385363,
        "totalOtherIncomeExpensesNet": -14800000,
        "incomeBeforeTax": 139200000,
        "incomeBeforeTaxRatio": 0.1024885878,
        "incomeTaxExpense": 53600000,
        "netIncome": 85600000,
        "netIncomeRatio": 0.0630245914,
        "eps": 0.18,
        "epsdiluted": 0.17,
        "weightedAverageShsOut": 477552000,
        "weightedAverageShsOutDil": 492680000,
        "link": "https://www.sec.gov/Archives/edgar/data/103379/000089322099000571/0000893220-99-000571-index.htm",
        "finalLink": "https://www.sec.gov/Archives/edgar/data/103379/000089322099000571/"
    },
    {
        "date": "1999-01-02",
        "symbol": "VFC",
        "reportedCurrency": "USD",
        "cik": "0000103379",
        "fillingDate": "1999-03-31",
        "acceptedDate": "1999-03-31 05:00:00",
        "calendarYear": "1999",
        "period": "Q3",
        "revenue": 1343500000,
        "costOfRevenue": 835100000,
        "grossProfit": 508400000,
        "grossProfitRatio": 0.3784145888,
        "researchAndDevelopmentExpenses": 0,
        "generalAndAdministrativeExpenses": 0,
        "sellingAndMarketingExpenses": 0,
        "sellingGeneralAndAdministrativeExpenses": 286000000,
        "otherExpenses": 39600000,
        "operatingExpenses": 325600000,
        "costAndExpenses": 1160700000,
        "interestIncome": 0,
        "interestExpense": 17000000,
        "depreciationAndAmortization": 39600000,
        "ebitda": 222400000,
        "ebitdaratio": 0.1655377745,
        "operatingIncome": 182800000,
        "operatingIncomeRatio": 0.1360625233,
        "totalOtherIncomeExpensesNet": -16300000,
        "incomeBeforeTax": 166500000,
        "incomeBeforeTaxRatio": 0.1239300335,
        "incomeTaxExpense": 62700000,
        "netIncome": 103800000,
        "netIncomeRatio": 0.0772608857,
        "eps": 0.21,
        "epsdiluted": 0.21,
        "weightedAverageShsOut": 489143000,
        "weightedAverageShsOutDil": 496232000,
        "link": "https://www.sec.gov/Archives/edgar/data/103379/000089322099000395/0000893220-99-000395-index.htm",
        "finalLink": "https://www.sec.gov/Archives/edgar/data/103379/000089322099000395/"
    },
    {
        "date": "1998-10-03",
        "symbol": "VFC",
        "reportedCurrency": "USD",
        "cik": "0000103379",
        "fillingDate": "1998-11-16",
        "acceptedDate": "1998-11-16 05:00:00",
        "calendarYear": "1999",
        "period": "Q2",
        "revenue": 1458800000,
        "costOfRevenue": 904200000,
        "grossProfit": 554600000,
        "grossProfitRatio": 0.3801754867,
        "researchAndDevelopmentExpenses": 0,
        "generalAndAdministrativeExpenses": 0,
        "sellingAndMarketingExpenses": 0,
        "sellingGeneralAndAdministrativeExpenses": 304500000,
        "otherExpenses": 40500000,
        "operatingExpenses": 345000000,
        "costAndExpenses": 1249200000,
        "interestIncome": 0,
        "interestExpense": 17400000,
        "depreciationAndAmortization": 40500000,
        "ebitda": 250100000,
        "ebitdaratio": 0.1714422813,
        "operatingIncome": 209600000,
        "operatingIncomeRatio": 0.1436797368,
        "totalOtherIncomeExpensesNet": -16700000,
        "incomeBeforeTax": 192900000,
        "incomeBeforeTaxRatio": 0.1322319715,
        "incomeTaxExpense": 73300000,
        "netIncome": 119600000,
        "netIncomeRatio": 0.0819851933,
        "eps": 0.25,
        "epsdiluted": 0.24,
        "weightedAverageShsOut": 488163000,
        "weightedAverageShsOutDil": 498333000,
        "link": "https://www.sec.gov/Archives/edgar/data/103379/000089322098001747/0000893220-98-001747-index.htm",
        "finalLink": "https://www.sec.gov/Archives/edgar/data/103379/000089322098001747/"
    },
    {
        "date": "1998-07-04",
        "symbol": "VFC",
        "reportedCurrency": "USD",
        "cik": "0000103379",
        "fillingDate": "1998-08-13",
        "acceptedDate": "1998-08-13 04:00:00",
        "calendarYear": "1999",
        "period": "Q1",
        "revenue": 1350300000,
        "costOfRevenue": 856300000,
        "grossProfit": 494000000,
        "grossProfitRatio": 0.3658446271,
        "researchAndDevelopmentExpenses": 0,
        "generalAndAdministrativeExpenses": 0,
        "sellingAndMarketingExpenses": 0,
        "sellingGeneralAndAdministrativeExpenses": 298500000,
        "otherExpenses": 39400000,
        "operatingExpenses": 337900000,
        "costAndExpenses": 1194200000,
        "interestIncome": 0,
        "interestExpense": 12500000,
        "depreciationAndAmortization": 39400000,
        "ebitda": 195500000,
        "ebitdaratio": 0.1447826409,
        "operatingIncome": 156100000,
        "operatingIncomeRatio": 0.1156039399,
        "totalOtherIncomeExpensesNet": -14100000,
        "incomeBeforeTax": 142000000,
        "incomeBeforeTaxRatio": 0.1051618159,
        "incomeTaxExpense": 55200000,
        "netIncome": 86800000,
        "netIncomeRatio": 0.0642820114,
        "eps": 0.18,
        "epsdiluted": 0.17,
        "weightedAverageShsOut": 496000000,
        "weightedAverageShsOutDil": 503188000,
        "link": "https://www.sec.gov/Archives/edgar/data/103379/000089322098001345/0000893220-98-001345-index.htm",
        "finalLink": "https://www.sec.gov/Archives/edgar/data/103379/000089322098001345/"
    },
    {
        "date": "1998-04-04",
        "symbol": "VFC",
        "reportedCurrency": "USD",
        "cik": "0000103379",
        "fillingDate": "1998-05-18",
        "acceptedDate": "1998-05-18 04:00:00",
        "calendarYear": "1998",
        "period": "Q4",
        "revenue": 1326200000,
        "costOfRevenue": 831100000,
        "grossProfit": 495100000,
        "grossProfitRatio": 0.3733222742,
        "researchAndDevelopmentExpenses": 0,
        "generalAndAdministrativeExpenses": 0,
        "sellingAndMarketingExpenses": 0,
        "sellingGeneralAndAdministrativeExpenses": 309900000,
        "otherExpenses": 41900000,
        "operatingExpenses": 351800000,
        "costAndExpenses": 1182900000,
        "interestIncome": 0,
        "interestExpense": 11300000,
        "depreciationAndAmortization": 41900000,
        "ebitda": 185200000,
        "ebitdaratio": 0.139647112,
        "operatingIncome": 143300000,
        "operatingIncomeRatio": 0.108053084,
        "totalOtherIncomeExpensesNet": -13100000,
        "incomeBeforeTax": 130200000,
        "incomeBeforeTaxRatio": 0.0981752375,
        "incomeTaxExpense": 52100000,
        "netIncome": 78100000,
        "netIncomeRatio": 0.0588900618,
        "eps": 0.16,
        "epsdiluted": 0.16,
        "weightedAverageShsOut": 495873000,
        "weightedAverageShsOutDil": 503871000,
        "link": "https://www.sec.gov/Archives/edgar/data/103379/000089322098001007/0000893220-98-001007-index.htm",
        "finalLink": "https://www.sec.gov/Archives/edgar/data/103379/000089322098001007/"
    },
    {
        "date": "1998-01-03",
        "symbol": "VFC",
        "reportedCurrency": "USD",
        "cik": "0000103379",
        "fillingDate": "1998-03-31",
        "acceptedDate": "1998-03-31 05:00:00",
        "calendarYear": "1998",
        "period": "Q3",
        "revenue": 1287000000,
        "costOfRevenue": 800300000,
        "grossProfit": 486700000,
        "grossProfitRatio": 0.3781662782,
        "researchAndDevelopmentExpenses": 0,
        "generalAndAdministrativeExpenses": 0,
        "sellingAndMarketingExpenses": 0,
        "sellingGeneralAndAdministrativeExpenses": 301200000,
        "otherExpenses": 36800000,
        "operatingExpenses": 338000000,
        "costAndExpenses": 1138300000,
        "interestIncome": 0,
        "interestExpense": 0,
        "depreciationAndAmortization": 36800000,
        "ebitda": 185500000,
        "ebitdaratio": 0.1441336441,
        "operatingIncome": 148700000,
        "operatingIncomeRatio": 0.1155400155,
        "totalOtherIncomeExpensesNet": 6700000,
        "incomeBeforeTax": 155400000,
        "incomeBeforeTaxRatio": 0.1207459207,
        "incomeTaxExpense": 62300000,
        "netIncome": 93100000,
        "netIncomeRatio": 0.0723387723,
        "eps": 0.19,
        "epsdiluted": 0.18,
        "weightedAverageShsOut": 495873000,
        "weightedAverageShsOutDil": 503871000,
        "link": "https://www.sec.gov/Archives/edgar/data/103379/000089322098000630/0000893220-98-000630-index.htm",
        "finalLink": "https://www.sec.gov/Archives/edgar/data/103379/000089322098000630/"
    },
    {
        "date": "1997-10-04",
        "symbol": "VFC",
        "reportedCurrency": "USD",
        "cik": "0000103379",
        "fillingDate": "1997-11-17",
        "acceptedDate": "1997-11-17 05:00:00",
        "calendarYear": "1998",
        "period": "Q2",
        "revenue": 1416900000,
        "costOfRevenue": 890800000,
        "grossProfit": 526100000,
        "grossProfitRatio": 0.37130355,
        "researchAndDevelopmentExpenses": 0,
        "generalAndAdministrativeExpenses": 0,
        "sellingAndMarketingExpenses": 0,
        "sellingGeneralAndAdministrativeExpenses": 296900000,
        "otherExpenses": 39500000,
        "operatingExpenses": 336400000,
        "costAndExpenses": 1227200000,
        "interestIncome": 0,
        "interestExpense": 4400000,
        "depreciationAndAmortization": 39500000,
        "ebitda": 229200000,
        "ebitdaratio": 0.1617615922,
        "operatingIncome": 189700000,
        "operatingIncomeRatio": 0.1338838309,
        "totalOtherIncomeExpensesNet": -8600000,
        "incomeBeforeTax": 181100000,
        "incomeBeforeTaxRatio": 0.1278142424,
        "incomeTaxExpense": 72400000,
        "netIncome": 108700000,
        "netIncomeRatio": 0.0767167761,
        "eps": 0.11,
        "epsdiluted": 0.11,
        "weightedAverageShsOut": 488696000,
        "weightedAverageShsOutDil": 488696000,
        "link": "https://www.sec.gov/Archives/edgar/data/103379/000089322097001834/0000893220-97-001834-index.htm",
        "finalLink": "https://www.sec.gov/Archives/edgar/data/103379/000089322097001834/"
    },
    {
        "date": "1997-07-05",
        "symbol": "VFC",
        "reportedCurrency": "USD",
        "cik": "0000103379",
        "fillingDate": "1997-08-07",
        "acceptedDate": "1997-08-07 04:00:00",
        "calendarYear": "1998",
        "period": "Q1",
        "revenue": 1255500000,
        "costOfRevenue": 787700000,
        "grossProfit": 467800000,
        "grossProfitRatio": 0.3726005575,
        "researchAndDevelopmentExpenses": 0,
        "generalAndAdministrativeExpenses": 0,
        "sellingAndMarketingExpenses": 0,
        "sellingGeneralAndAdministrativeExpenses": 287000000,
        "otherExpenses": 40500000,
        "operatingExpenses": 327500000,
        "costAndExpenses": 1115200000,
        "interestIncome": 0,
        "interestExpense": 5500000,
        "depreciationAndAmortization": 40500000,
        "ebitda": 180800000,
        "ebitdaratio": 0.144006372,
        "operatingIncome": 140300000,
        "operatingIncomeRatio": 0.1117483074,
        "totalOtherIncomeExpensesNet": -9000000,
        "incomeBeforeTax": 131300000,
        "incomeBeforeTaxRatio": 0.1045798487,
        "incomeTaxExpense": 52400000,
        "netIncome": 78900000,
        "netIncomeRatio": 0.0628434886,
        "eps": 0.0763,
        "epsdiluted": 0.075,
        "weightedAverageShsOut": 502560000,
        "weightedAverageShsOutDil": 502560000,
        "link": "https://www.sec.gov/Archives/edgar/data/103379/000089322097001349/0000893220-97-001349-index.htm",
        "finalLink": "https://www.sec.gov/Archives/edgar/data/103379/000089322097001349/"
    },
    {
        "date": "1997-04-05",
        "symbol": "VFC",
        "reportedCurrency": "USD",
        "cik": "0000103379",
        "fillingDate": "1997-05-13",
        "acceptedDate": "1997-05-13 04:00:00",
        "calendarYear": "1997",
        "period": "Q4",
        "revenue": 1262800000,
        "costOfRevenue": 805600000,
        "grossProfit": 457200000,
        "grossProfitRatio": 0.3620525816,
        "researchAndDevelopmentExpenses": 0,
        "generalAndAdministrativeExpenses": 0,
        "sellingAndMarketingExpenses": 0,
        "sellingGeneralAndAdministrativeExpenses": 290500000,
        "otherExpenses": 39500000,
        "operatingExpenses": 330000000,
        "costAndExpenses": 1135600000,
        "interestIncome": 0,
        "interestExpense": 5800000,
        "depreciationAndAmortization": 39500000,
        "ebitda": 166700000,
        "ebitdaratio": 0.1320082357,
        "operatingIncome": 127200000,
        "operatingIncomeRatio": 0.1007285398,
        "totalOtherIncomeExpensesNet": -9200000,
        "incomeBeforeTax": 118000000,
        "incomeBeforeTaxRatio": 0.0934431422,
        "incomeTaxExpense": 47800000,
        "netIncome": 70200000,
        "netIncomeRatio": 0.0555907507,
        "eps": 0.0675,
        "epsdiluted": 0.0663,
        "weightedAverageShsOut": 511328000,
        "weightedAverageShsOutDil": 511328000,
        "link": "https://www.sec.gov/Archives/edgar/data/103379/000089322097000934/0000893220-97-000934-index.htm",
        "finalLink": "https://www.sec.gov/Archives/edgar/data/103379/000089322097000934/"
    },
    {
        "date": "1997-01-04",
        "symbol": "VFC",
        "reportedCurrency": "USD",
        "cik": "0000103379",
        "fillingDate": "1997-03-26",
        "acceptedDate": "1997-03-26 05:00:00",
        "calendarYear": "1997",
        "period": "Q3",
        "revenue": 1377200000,
        "costOfRevenue": 881300000,
        "grossProfit": 495900000,
        "grossProfitRatio": 0.36007842,
        "researchAndDevelopmentExpenses": 0,
        "generalAndAdministrativeExpenses": 0,
        "sellingAndMarketingExpenses": 0,
        "sellingGeneralAndAdministrativeExpenses": 305400000,
        "otherExpenses": 40100000,
        "operatingExpenses": 345500000,
        "costAndExpenses": 1226800000,
        "interestIncome": 0,
        "interestExpense": 800000,
        "depreciationAndAmortization": 40100000,
        "ebitda": 190500000,
        "ebitdaratio": 0.1383241359,
        "operatingIncome": 150400000,
        "operatingIncomeRatio": 0.1092070868,
        "totalOtherIncomeExpensesNet": -6800000,
        "incomeBeforeTax": 143600000,
        "incomeBeforeTaxRatio": 0.1042695324,
        "incomeTaxExpense": 61000000,
        "netIncome": 82600000,
        "netIncomeRatio": 0.0599767644,
        "eps": 0.16,
        "epsdiluted": 0.16,
        "weightedAverageShsOut": 511264000,
        "weightedAverageShsOutDil": 511328000,
        "link": "https://www.sec.gov/Archives/edgar/data/103379/000089322097000612/0000893220-97-000612-index.htm",
        "finalLink": "https://www.sec.gov/Archives/edgar/data/103379/000089322097000612/"
    },
    {
        "date": "1996-09-28",
        "symbol": "VFC",
        "reportedCurrency": "USD",
        "cik": "0000103379",
        "fillingDate": "1996-11-08",
        "acceptedDate": "1996-11-08 05:00:00",
        "calendarYear": "1997",
        "period": "Q2",
        "revenue": 1380900000,
        "costOfRevenue": 896100000,
        "grossProfit": 484800000,
        "grossProfitRatio": 0.3510753856,
        "researchAndDevelopmentExpenses": 0,
        "generalAndAdministrativeExpenses": 0,
        "sellingAndMarketingExpenses": 0,
        "sellingGeneralAndAdministrativeExpenses": 280000000,
        "otherExpenses": 38500000,
        "operatingExpenses": 318500000,
        "costAndExpenses": 1214600000,
        "interestIncome": 0,
        "interestExpense": 10600000,
        "depreciationAndAmortization": 38500000,
        "ebitda": 204800000,
        "ebitdaratio": 0.1483090738,
        "operatingIncome": 166300000,
        "operatingIncomeRatio": 0.1204287059,
        "totalOtherIncomeExpensesNet": -13200000,
        "incomeBeforeTax": 153100000,
        "incomeBeforeTaxRatio": 0.1108697226,
        "incomeTaxExpense": 62100000,
        "netIncome": 91000000,
        "netIncomeRatio": 0.0658990513,
        "eps": 0.0888,
        "epsdiluted": 0.0862,
        "weightedAverageShsOut": 508096000,
        "weightedAverageShsOutDil": 508096000,
        "link": "https://www.sec.gov/Archives/edgar/data/103379/000089322096001811/0000893220-96-001811-index.htm",
        "finalLink": "https://www.sec.gov/Archives/edgar/data/103379/000089322096001811/"
    },
    {
        "date": "1996-06-29",
        "symbol": "VFC",
        "reportedCurrency": "USD",
        "cik": "0000103379",
        "fillingDate": "1996-08-12",
        "acceptedDate": "1996-08-12 04:00:00",
        "calendarYear": "1997",
        "period": "Q1",
        "revenue": 1221000000,
        "costOfRevenue": 783200000,
        "grossProfit": 437800000,
        "grossProfitRatio": 0.3585585586,
        "researchAndDevelopmentExpenses": 0,
        "generalAndAdministrativeExpenses": 0,
        "sellingAndMarketingExpenses": 0,
        "sellingGeneralAndAdministrativeExpenses": 267000000,
        "otherExpenses": 41500000,
        "operatingExpenses": 308500000,
        "costAndExpenses": 1091700000,
        "interestIncome": 0,
        "interestExpense": 5600000,
        "depreciationAndAmortization": 41500000,
        "ebitda": 170800000,
        "ebitdaratio": 0.1398853399,
        "operatingIncome": 129300000,
        "operatingIncomeRatio": 0.1058968059,
        "totalOtherIncomeExpensesNet": -10800000,
        "incomeBeforeTax": 118500000,
        "incomeBeforeTaxRatio": 0.0970515971,
        "incomeTaxExpense": 48600000,
        "netIncome": 69900000,
        "netIncomeRatio": 0.0572481572,
        "eps": 0.0675,
        "epsdiluted": 0.0663,
        "weightedAverageShsOut": 508272000,
        "weightedAverageShsOutDil": 508272000,
        "link": "https://www.sec.gov/Archives/edgar/data/103379/000089322096001317/0000893220-96-001317-index.htm",
        "finalLink": "https://www.sec.gov/Archives/edgar/data/103379/000089322096001317/"
    },
    {
        "date": "1996-03-30",
        "symbol": "VFC",
        "reportedCurrency": "USD",
        "cik": "0000103379",
        "fillingDate": "1996-05-10",
        "acceptedDate": "1996-05-10 04:00:00",
        "calendarYear": "1996",
        "period": "Q4",
        "revenue": 1158100000,
        "costOfRevenue": 737200000,
        "grossProfit": 420900000,
        "grossProfitRatio": 0.3634401174,
        "researchAndDevelopmentExpenses": 0,
        "generalAndAdministrativeExpenses": 0,
        "sellingAndMarketingExpenses": 0,
        "sellingGeneralAndAdministrativeExpenses": 269800000,
        "otherExpenses": 40400000,
        "operatingExpenses": 310200000,
        "costAndExpenses": 1047400000,
        "interestIncome": 0,
        "interestExpense": 17300000,
        "depreciationAndAmortization": 40400000,
        "ebitda": 151100000,
        "ebitdaratio": 0.1304723254,
        "operatingIncome": 110700000,
        "operatingIncomeRatio": 0.0955876004,
        "totalOtherIncomeExpensesNet": -17600000,
        "incomeBeforeTax": 93100000,
        "incomeBeforeTaxRatio": 0.0803902944,
        "incomeTaxExpense": 37200000,
        "netIncome": 55900000,
        "netIncomeRatio": 0.048268716,
        "eps": 0.0538,
        "epsdiluted": 0.0538,
        "weightedAverageShsOut": 510416000,
        "weightedAverageShsOutDil": 510416000,
        "link": "https://www.sec.gov/Archives/edgar/data/103379/000089322096000718/0000893220-96-000718-index.htm",
        "finalLink": "https://www.sec.gov/Archives/edgar/data/103379/000089322096000718/"
    },
    {
        "date": "1995-12-30",
        "symbol": "VFC",
        "reportedCurrency": "USD",
        "cik": "0000103379",
        "fillingDate": "1996-03-26",
        "acceptedDate": "1996-03-26 05:00:00",
        "calendarYear": "1996",
        "period": "Q3",
        "revenue": 1270700000,
        "costOfRevenue": 947000000,
        "grossProfit": 323700000,
        "grossProfitRatio": 0.2547414811,
        "researchAndDevelopmentExpenses": 0,
        "generalAndAdministrativeExpenses": 0,
        "sellingAndMarketingExpenses": 0,
        "sellingGeneralAndAdministrativeExpenses": 308000000,
        "otherExpenses": 41300000,
        "operatingExpenses": 349300000,
        "costAndExpenses": 1296300000,
        "interestIncome": 0,
        "interestExpense": 9200000,
        "depreciationAndAmortization": 41300000,
        "ebitda": 15700000,
        "ebitdaratio": 0.0123553947,
        "operatingIncome": -25600000,
        "operatingIncomeRatio": -0.020146376,
        "totalOtherIncomeExpensesNet": -13400000,
        "incomeBeforeTax": -39000000,
        "incomeBeforeTaxRatio": -0.0306917447,
        "incomeTaxExpense": -3400000,
        "netIncome": -35600000,
        "netIncomeRatio": -0.0280160541,
        "eps": -0.0701,
        "epsdiluted": -0.0697,
        "weightedAverageShsOut": 507512000,
        "weightedAverageShsOutDil": 510416000,
        "link": "https://www.sec.gov/Archives/edgar/data/103379/000089322096000481/0000893220-96-000481-index.htm",
        "finalLink": "https://www.sec.gov/Archives/edgar/data/103379/000089322096000481/"
    },
    {
        "date": "1995-09-30",
        "symbol": "VFC",
        "reportedCurrency": "USD",
        "cik": "0000103379",
        "fillingDate": "1995-11-14",
        "acceptedDate": "1995-11-14 05:00:00",
        "calendarYear": "1996",
        "period": "Q2",
        "revenue": 1332100000,
        "costOfRevenue": 876900000,
        "grossProfit": 455200000,
        "grossProfitRatio": 0.3417160874,
        "researchAndDevelopmentExpenses": 0,
        "generalAndAdministrativeExpenses": 0,
        "sellingAndMarketingExpenses": 0,
        "sellingGeneralAndAdministrativeExpenses": 277100000,
        "otherExpenses": 42700000,
        "operatingExpenses": 319800000,
        "costAndExpenses": 1196700000,
        "interestIncome": 0,
        "interestExpense": 13000000,
        "depreciationAndAmortization": 42700000,
        "ebitda": 178100000,
        "ebitdaratio": 0.1336986713,
        "operatingIncome": 135400000,
        "operatingIncomeRatio": 0.1016440207,
        "totalOtherIncomeExpensesNet": -16800000,
        "incomeBeforeTax": 118600000,
        "incomeBeforeTaxRatio": 0.0890323549,
        "incomeTaxExpense": 48900000,
        "netIncome": 69700000,
        "netIncomeRatio": 0.0523233991,
        "eps": 0.0675,
        "epsdiluted": 0.0663,
        "weightedAverageShsOut": 510040000,
        "weightedAverageShsOutDil": 510040000,
        "link": "https://www.sec.gov/Archives/edgar/data/103379/000089322095000767/0000893220-95-000767-index.htm",
        "finalLink": "https://www.sec.gov/Archives/edgar/data/103379/000089322095000767/"
    },
    {
        "date": "1995-07-01",
        "symbol": "VFC",
        "reportedCurrency": "USD",
        "cik": "0000103379",
        "fillingDate": "1995-08-09",
        "acceptedDate": "1995-08-09 04:00:00",
        "calendarYear": "1996",
        "period": "Q1",
        "revenue": 1271900000,
        "costOfRevenue": 829800000,
        "grossProfit": 442100000,
        "grossProfitRatio": 0.3475902194,
        "researchAndDevelopmentExpenses": 0,
        "generalAndAdministrativeExpenses": 0,
        "sellingAndMarketingExpenses": 0,
        "sellingGeneralAndAdministrativeExpenses": 272700000,
        "otherExpenses": 41200000,
        "operatingExpenses": 313900000,
        "costAndExpenses": 1143700000,
        "interestIncome": 0,
        "interestExpense": 20000000,
        "depreciationAndAmortization": 41200000,
        "ebitda": 169400000,
        "ebitdaratio": 0.1331865713,
        "operatingIncome": 128200000,
        "operatingIncomeRatio": 0.1007940876,
        "totalOtherIncomeExpensesNet": -20300000,
        "incomeBeforeTax": 107900000,
        "incomeBeforeTaxRatio": 0.0848337133,
        "incomeTaxExpense": 42700000,
        "netIncome": 65200000,
        "netIncomeRatio": 0.0512618917,
        "eps": 0.0638,
        "epsdiluted": 0.0625,
        "weightedAverageShsOut": 510736000,
        "weightedAverageShsOutDil": 510736000,
        "link": "https://www.sec.gov/Archives/edgar/data/103379/000089322095000508/0000893220-95-000508-index.htm",
        "finalLink": "https://www.sec.gov/Archives/edgar/data/103379/000089322095000508/"
    },
    {
        "date": "1995-04-01",
        "symbol": "VFC",
        "reportedCurrency": "USD",
        "cik": "0000103379",
        "fillingDate": "1995-05-12",
        "acceptedDate": "1995-05-12 04:00:00",
        "calendarYear": "1995",
        "period": "Q4",
        "revenue": 1187600000,
        "costOfRevenue": 756600000,
        "grossProfit": 431000000,
        "grossProfitRatio": 0.362916807,
        "researchAndDevelopmentExpenses": 0,
        "generalAndAdministrativeExpenses": 0,
        "sellingAndMarketingExpenses": 0,
        "sellingGeneralAndAdministrativeExpenses": 273200000,
        "otherExpenses": 42500000,
        "operatingExpenses": 315700000,
        "costAndExpenses": 1072300000,
        "interestIncome": 0,
        "interestExpense": 19100000,
        "depreciationAndAmortization": 42500000,
        "ebitda": 157800000,
        "ebitdaratio": 0.1328730212,
        "operatingIncome": 115300000,
        "operatingIncomeRatio": 0.0970865611,
        "totalOtherIncomeExpensesNet": -18800000,
        "incomeBeforeTax": 96500000,
        "incomeBeforeTaxRatio": 0.0812563153,
        "incomeTaxExpense": 38500000,
        "netIncome": 58000000,
        "netIncomeRatio": 0.0488379926,
        "eps": 0.0563,
        "epsdiluted": 0.055,
        "weightedAverageShsOut": 512176000,
        "weightedAverageShsOutDil": 512176000,
        "link": "https://www.sec.gov/Archives/edgar/data/103379/000089322095000339/0000893220-95-000339-index.htm",
        "finalLink": "https://www.sec.gov/Archives/edgar/data/103379/000089322095000339/"
    },
    {
        "date": "1994-12-31",
        "symbol": "VFC",
        "reportedCurrency": "USD",
        "cik": "0000103379",
        "fillingDate": "1995-03-30",
        "acceptedDate": "1995-03-30 05:00:00",
        "calendarYear": "1995",
        "period": "Q3",
        "revenue": 1289300000,
        "costOfRevenue": 849800000,
        "grossProfit": 439500000,
        "grossProfitRatio": 0.3408826495,
        "researchAndDevelopmentExpenses": 0,
        "generalAndAdministrativeExpenses": 0,
        "sellingAndMarketingExpenses": 0,
        "sellingGeneralAndAdministrativeExpenses": 258700000,
        "otherExpenses": 40000000,
        "operatingExpenses": 298700000,
        "costAndExpenses": 1148500000,
        "interestIncome": 0,
        "interestExpense": 15500000,
        "depreciationAndAmortization": 40000000,
        "ebitda": 180800000,
        "ebitdaratio": 0.1402311332,
        "operatingIncome": 140800000,
        "operatingIncomeRatio": 0.1092065462,
        "totalOtherIncomeExpensesNet": -16900000,
        "incomeBeforeTax": 123900000,
        "incomeBeforeTaxRatio": 0.0960986582,
        "incomeTaxExpense": 49000000,
        "netIncome": 74900000,
        "netIncomeRatio": 0.0580935391,
        "eps": 0.15,
        "epsdiluted": 0.15,
        "weightedAverageShsOut": 512176000,
        "weightedAverageShsOutDil": 512176000,
        "link": "https://www.sec.gov/Archives/edgar/data/103379/000089322095000190/0000893220-95-000190-index.htm",
        "finalLink": "https://www.sec.gov/Archives/edgar/data/103379/000089322095000190/"
    },
    {
        "date": "1994-10-01",
        "symbol": "VFC",
        "reportedCurrency": "USD",
        "cik": "0000103379",
        "fillingDate": "1994-11-14",
        "acceptedDate": "1994-11-14 05:00:00",
        "calendarYear": "1995",
        "period": "Q2",
        "revenue": 1373000000,
        "costOfRevenue": 891500000,
        "grossProfit": 481500000,
        "grossProfitRatio": 0.3506919155,
        "researchAndDevelopmentExpenses": 0,
        "generalAndAdministrativeExpenses": 0,
        "sellingAndMarketingExpenses": 0,
        "sellingGeneralAndAdministrativeExpenses": 274100000,
        "otherExpenses": 39500000,
        "operatingExpenses": 313600000,
        "costAndExpenses": 1205100000,
        "interestIncome": 0,
        "interestExpense": 22400000,
        "depreciationAndAmortization": 41900000,
        "ebitda": 209800000,
        "ebitdaratio": 0.1528040787,
        "operatingIncome": 167900000,
        "operatingIncomeRatio": 0.1222869629,
        "totalOtherIncomeExpensesNet": -21800000,
        "incomeBeforeTax": 146100000,
        "incomeBeforeTaxRatio": 0.1064093227,
        "incomeTaxExpense": 58300000,
        "netIncome": 87800000,
        "netIncomeRatio": 0.0639475601,
        "eps": 0.0838,
        "epsdiluted": 0.0825,
        "weightedAverageShsOut": 517816000,
        "weightedAverageShsOutDil": 517816000,
        "link": "https://www.sec.gov/Archives/edgar/data/103379/000089322094000462/0000893220-94-000462-index.htm",
        "finalLink": "https://www.sec.gov/Archives/edgar/data/103379/000089322094000462/"
    },
    {
        "date": "1994-07-02",
        "symbol": "VFC",
        "reportedCurrency": "USD",
        "cik": "0000103379",
        "fillingDate": "1994-08-11",
        "acceptedDate": "1994-08-11 04:00:00",
        "calendarYear": "1995",
        "period": "Q1",
        "revenue": 1186300000,
        "costOfRevenue": 767800000,
        "grossProfit": 418500000,
        "grossProfitRatio": 0.3527775436,
        "researchAndDevelopmentExpenses": 0,
        "generalAndAdministrativeExpenses": 0,
        "sellingAndMarketingExpenses": 0,
        "sellingGeneralAndAdministrativeExpenses": 258900000,
        "otherExpenses": 38300000,
        "operatingExpenses": 297200000,
        "costAndExpenses": 1065000000,
        "interestIncome": 0,
        "interestExpense": 25600000,
        "depreciationAndAmortization": 39000000,
        "ebitda": 160300000,
        "ebitdaratio": 0.1351260221,
        "operatingIncome": 121300000,
        "operatingIncomeRatio": 0.1022506954,
        "totalOtherIncomeExpensesNet": -23600000,
        "incomeBeforeTax": 97700000,
        "incomeBeforeTaxRatio": 0.082356908,
        "incomeTaxExpense": 38800000,
        "netIncome": 58900000,
        "netIncomeRatio": 0.0496501728,
        "eps": 0.0563,
        "epsdiluted": 0.055,
        "weightedAverageShsOut": 517520000,
        "weightedAverageShsOutDil": 517520000,
        "link": "https://www.sec.gov/Archives/edgar/data/103379/000089322094000367/0000893220-94-000367-index.htm",
        "finalLink": "https://www.sec.gov/Archives/edgar/data/103379/000089322094000367/"
    },
    {
        "date": "1994-04-02",
        "symbol": "VFC",
        "reportedCurrency": "USD",
        "cik": "0000103379",
        "fillingDate": "1994-05-12",
        "acceptedDate": "1994-05-12 04:00:00",
        "calendarYear": "1994",
        "period": "Q4",
        "revenue": 1123000000,
        "costOfRevenue": 722800000,
        "grossProfit": 400200000,
        "grossProfitRatio": 0.3563668744,
        "researchAndDevelopmentExpenses": 0,
        "generalAndAdministrativeExpenses": 0,
        "sellingAndMarketingExpenses": 0,
        "sellingGeneralAndAdministrativeExpenses": 253900000,
        "otherExpenses": 37600000,
        "operatingExpenses": 291500000,
        "costAndExpenses": 1014300000,
        "interestIncome": 0,
        "interestExpense": 22400000,
        "depreciationAndAmortization": 37600000,
        "ebitda": 146300000,
        "ebitdaratio": 0.1302760463,
        "operatingIncome": 108700000,
        "operatingIncomeRatio": 0.096794301,
        "totalOtherIncomeExpensesNet": -20800000,
        "incomeBeforeTax": 87900000,
        "incomeBeforeTaxRatio": 0.0782724844,
        "incomeTaxExpense": 35000000,
        "netIncome": 52900000,
        "netIncomeRatio": 0.0471059662,
        "eps": 0.0513,
        "epsdiluted": 0.05,
        "weightedAverageShsOut": 517296000,
        "weightedAverageShsOutDil": 517296000,
        "link": "https://www.sec.gov/Archives/edgar/data/103379/000089322094000249/0000893220-94-000249-index.htm",
        "finalLink": "https://www.sec.gov/Archives/edgar/data/103379/000089322094000249/"
    },
    {
        "date": "1994-01-01",
        "symbol": "VFC",
        "reportedCurrency": "USD",
        "cik": "0000103379",
        "fillingDate": "1994-03-24",
        "acceptedDate": "1994-03-24 05:00:00",
        "calendarYear": "1994",
        "period": "Q3",
        "revenue": 1097500000,
        "costOfRevenue": 727500000,
        "grossProfit": 370000000,
        "grossProfitRatio": 0.3371298405,
        "researchAndDevelopmentExpenses": 0,
        "generalAndAdministrativeExpenses": 0,
        "sellingAndMarketingExpenses": 0,
        "sellingGeneralAndAdministrativeExpenses": 233500000,
        "otherExpenses": 30400000,
        "operatingExpenses": 263900000,
        "costAndExpenses": 991400000,
        "interestIncome": 0,
        "interestExpense": 10600000,
        "depreciationAndAmortization": 30400000,
        "ebitda": 136500000,
        "ebitdaratio": 0.1243735763,
        "operatingIncome": 106100000,
        "operatingIncomeRatio": 0.0966742597,
        "totalOtherIncomeExpensesNet": -14300000,
        "incomeBeforeTax": 91800000,
        "incomeBeforeTaxRatio": 0.0836446469,
        "incomeTaxExpense": 30700000,
        "netIncome": 61100000,
        "netIncomeRatio": 0.0556719818,
        "eps": 0.12,
        "epsdiluted": 0.12,
        "weightedAverageShsOut": 515912000,
        "weightedAverageShsOutDil": 517296000,
        "link": "https://www.sec.gov/Archives/edgar/data/103379/000089322094000173/0000893220-94-000173-index.htm",
        "finalLink": "https://www.sec.gov/Archives/edgar/data/103379/000089322094000173/"
    },
    {
        "date": "1993-09-30",
        "symbol": "VFC",
        "reportedCurrency": "USD",
        "cik": "0000103379",
        "fillingDate": "1993-09-30",
        "acceptedDate": "1993-09-30 00:00:00",
        "calendarYear": "1994",
        "period": "Q2",
        "revenue": 1152800000,
        "costOfRevenue": 766000000,
        "grossProfit": 386800000,
        "grossProfitRatio": 0.3355308813,
        "researchAndDevelopmentExpenses": 0,
        "generalAndAdministrativeExpenses": 0,
        "sellingAndMarketingExpenses": 0,
        "sellingGeneralAndAdministrativeExpenses": 235100000,
        "otherExpenses": 31800000,
        "operatingExpenses": 266900000,
        "costAndExpenses": 1032900000,
        "interestIncome": 0,
        "interestExpense": 0,
        "depreciationAndAmortization": 31900000,
        "ebitda": 151800000,
        "ebitdaratio": 0.1316793893,
        "operatingIncome": 119900000,
        "operatingIncomeRatio": 0.1040076336,
        "totalOtherIncomeExpensesNet": 11200000,
        "incomeBeforeTax": 131100000,
        "incomeBeforeTaxRatio": 0.113723109,
        "incomeTaxExpense": 54300000,
        "netIncome": 76800000,
        "netIncomeRatio": 0.0666204025,
        "eps": 0.0738,
        "epsdiluted": 0.0725,
        "weightedAverageShsOut": 515520000,
        "weightedAverageShsOutDil": 515520000,
        "link": null,
        "finalLink": null
    },
    {
        "date": "1993-06-30",
        "symbol": "VFC",
        "reportedCurrency": "USD",
        "cik": "0000103379",
        "fillingDate": "1993-06-30",
        "acceptedDate": "1993-06-30 00:00:00",
        "calendarYear": "1994",
        "period": "Q1",
        "revenue": 1053400000,
        "costOfRevenue": 694100000,
        "grossProfit": 359300000,
        "grossProfitRatio": 0.3410860072,
        "researchAndDevelopmentExpenses": 0,
        "generalAndAdministrativeExpenses": 0,
        "sellingAndMarketingExpenses": 0,
        "sellingGeneralAndAdministrativeExpenses": 223200000,
        "otherExpenses": 31800000,
        "operatingExpenses": 255000000,
        "costAndExpenses": 949100000,
        "interestIncome": 0,
        "interestExpense": 12000000,
        "depreciationAndAmortization": 29200000,
        "ebitda": 136100000,
        "ebitdaratio": 0.1292006835,
        "operatingIncome": 104300000,
        "operatingIncomeRatio": 0.0990127207,
        "totalOtherIncomeExpensesNet": -13700000,
        "incomeBeforeTax": 90600000,
        "incomeBeforeTaxRatio": 0.0860072147,
        "incomeTaxExpense": 34900000,
        "netIncome": 55700000,
        "netIncomeRatio": 0.0528764002,
        "eps": 0.0538,
        "epsdiluted": 0.0525,
        "weightedAverageShsOut": 515088000,
        "weightedAverageShsOutDil": 515088000,
        "link": null,
        "finalLink": null
    },
    {
        "date": "1993-03-31",
        "symbol": "VFC",
        "reportedCurrency": "USD",
        "cik": "0000103379",
        "fillingDate": "1993-03-31",
        "acceptedDate": "1993-03-31 00:00:00",
        "calendarYear": "1993",
        "period": "Q4",
        "revenue": 1016600000,
        "costOfRevenue": 659100000,
        "grossProfit": 357500000,
        "grossProfitRatio": 0.3516624041,
        "researchAndDevelopmentExpenses": 0,
        "generalAndAdministrativeExpenses": 0,
        "sellingAndMarketingExpenses": 0,
        "sellingGeneralAndAdministrativeExpenses": 221800000,
        "otherExpenses": 34300000,
        "operatingExpenses": 256100000,
        "costAndExpenses": 915200000,
        "interestIncome": 0,
        "interestExpense": 11800000,
        "depreciationAndAmortization": 34300000,
        "ebitda": 135700000,
        "ebitdaratio": 0.1334841629,
        "operatingIncome": 101400000,
        "operatingIncomeRatio": 0.0997442455,
        "totalOtherIncomeExpensesNet": -15000000,
        "incomeBeforeTax": 86400000,
        "incomeBeforeTaxRatio": 0.0849891796,
        "incomeTaxExpense": 33700000,
        "netIncome": 52700000,
        "netIncomeRatio": 0.0518394649,
        "eps": 0.0525,
        "epsdiluted": 0.0513,
        "weightedAverageShsOut": 502736000,
        "weightedAverageShsOutDil": 502736000,
        "link": null,
        "finalLink": null
    },
    {
        "date": "1992-12-31",
        "symbol": "VFC",
        "reportedCurrency": "USD",
        "cik": "0000103379",
        "fillingDate": "1992-12-31",
        "acceptedDate": "1992-12-31 00:00:00",
        "calendarYear": "1993",
        "period": "Q3",
        "revenue": 1029000000,
        "costOfRevenue": 684900000,
        "grossProfit": 344100000,
        "grossProfitRatio": 0.3344023324,
        "researchAndDevelopmentExpenses": 0,
        "generalAndAdministrativeExpenses": 0,
        "sellingAndMarketingExpenses": 0,
        "sellingGeneralAndAdministrativeExpenses": 209100000,
        "otherExpenses": 22600000,
        "operatingExpenses": 231700000,
        "costAndExpenses": 916600000,
        "interestIncome": 0,
        "interestExpense": 0,
        "depreciationAndAmortization": 22600000,
        "ebitda": 135000000,
        "ebitdaratio": 0.1311953353,
        "operatingIncome": 112400000,
        "operatingIncomeRatio": 0.1092322643,
        "totalOtherIncomeExpensesNet": -8000000,
        "incomeBeforeTax": 104400000,
        "incomeBeforeTaxRatio": 0.1014577259,
        "incomeTaxExpense": 33900000,
        "netIncome": 70500000,
        "netIncomeRatio": 0.0685131195,
        "eps": 0.14,
        "epsdiluted": 0.14,
        "weightedAverageShsOut": 502736000,
        "weightedAverageShsOutDil": 502736000,
        "link": null,
        "finalLink": null
    },
    {
        "date": "1992-09-30",
        "symbol": "VFC",
        "reportedCurrency": "USD",
        "cik": "0000103379",
        "fillingDate": "1992-09-30",
        "acceptedDate": "1992-09-30 00:00:00",
        "calendarYear": "1993",
        "period": "Q2",
        "revenue": 1125300000,
        "costOfRevenue": 727200000,
        "grossProfit": 398100000,
        "grossProfitRatio": 0.3537723274,
        "researchAndDevelopmentExpenses": 0,
        "generalAndAdministrativeExpenses": 0,
        "sellingAndMarketingExpenses": 0,
        "sellingGeneralAndAdministrativeExpenses": 225900000,
        "otherExpenses": 29900000,
        "operatingExpenses": 255800000,
        "costAndExpenses": 983000000,
        "interestIncome": 0,
        "interestExpense": 16500000,
        "depreciationAndAmortization": 29900000,
        "ebitda": 172200000,
        "ebitdaratio": 0.1530258598,
        "operatingIncome": 142300000,
        "operatingIncomeRatio": 0.1264551675,
        "totalOtherIncomeExpensesNet": -17900000,
        "incomeBeforeTax": 124400000,
        "incomeBeforeTaxRatio": 0.1105482982,
        "incomeTaxExpense": 47800000,
        "netIncome": 76600000,
        "netIncomeRatio": 0.0680707367,
        "eps": 0.0813,
        "epsdiluted": 0.0788,
        "weightedAverageShsOut": 470848000,
        "weightedAverageShsOutDil": 470848000,
        "link": null,
        "finalLink": null
    },
    {
        "date": "1992-06-30",
        "symbol": "VFC",
        "reportedCurrency": "USD",
        "cik": "0000103379",
        "fillingDate": "1992-06-30",
        "acceptedDate": "1992-06-30 00:00:00",
        "calendarYear": "1993",
        "period": "Q1",
        "revenue": 852500000,
        "costOfRevenue": 554600000,
        "grossProfit": 297900000,
        "grossProfitRatio": 0.3494428152,
        "researchAndDevelopmentExpenses": 0,
        "generalAndAdministrativeExpenses": 0,
        "sellingAndMarketingExpenses": 0,
        "sellingGeneralAndAdministrativeExpenses": 180200000,
        "otherExpenses": 28700000,
        "operatingExpenses": 208900000,
        "costAndExpenses": 763500000,
        "interestIncome": 0,
        "interestExpense": 10000000,
        "depreciationAndAmortization": 28700000,
        "ebitda": 117700000,
        "ebitdaratio": 0.1380645161,
        "operatingIncome": 89000000,
        "operatingIncomeRatio": 0.104398827,
        "totalOtherIncomeExpensesNet": -13700000,
        "incomeBeforeTax": 75300000,
        "incomeBeforeTaxRatio": 0.0883284457,
        "incomeTaxExpense": 29100000,
        "netIncome": 46200000,
        "netIncomeRatio": 0.0541935484,
        "eps": 0.0488,
        "epsdiluted": 0.0475,
        "weightedAverageShsOut": 468560000,
        "weightedAverageShsOutDil": 468560000,
        "link": null,
        "finalLink": null
    },
    {
        "date": "1992-03-31",
        "symbol": "VFC",
        "reportedCurrency": "USD",
        "cik": "0000103379",
        "fillingDate": "1992-03-31",
        "acceptedDate": "1992-03-31 00:00:00",
        "calendarYear": "1992",
        "period": "Q4",
        "revenue": 817600000,
        "costOfRevenue": 528800000,
        "grossProfit": 288800000,
        "grossProfitRatio": 0.3532289628,
        "researchAndDevelopmentExpenses": 0,
        "generalAndAdministrativeExpenses": 0,
        "sellingAndMarketingExpenses": 0,
        "sellingGeneralAndAdministrativeExpenses": 176100000,
        "otherExpenses": 27100000,
        "operatingExpenses": 203200000,
        "costAndExpenses": 732000000,
        "interestIncome": 0,
        "interestExpense": 11100000,
        "depreciationAndAmortization": 27100000,
        "ebitda": 112700000,
        "ebitdaratio": 0.1378424658,
        "operatingIncome": 85600000,
        "operatingIncomeRatio": 0.1046966732,
        "totalOtherIncomeExpensesNet": -14000000,
        "incomeBeforeTax": 71600000,
        "incomeBeforeTaxRatio": 0.0875733855,
        "incomeTaxExpense": 27900000,
        "netIncome": 43700000,
        "netIncomeRatio": 0.0534491194,
        "eps": 0.0463,
        "epsdiluted": 0.045,
        "weightedAverageShsOut": 466792000,
        "weightedAverageShsOutDil": 466792000,
        "link": null,
        "finalLink": null
    },
    {
        "date": "1991-12-31",
        "symbol": "VFC",
        "reportedCurrency": "USD",
        "cik": "0000103379",
        "fillingDate": "1991-12-31",
        "acceptedDate": "1991-12-31 00:00:00",
        "calendarYear": "1992",
        "period": "Q3",
        "revenue": 850200000,
        "costOfRevenue": 567700000,
        "grossProfit": 282500000,
        "grossProfitRatio": 0.3322747589,
        "researchAndDevelopmentExpenses": 0,
        "generalAndAdministrativeExpenses": 0,
        "sellingAndMarketingExpenses": 0,
        "sellingGeneralAndAdministrativeExpenses": 174700000,
        "otherExpenses": 23600000,
        "operatingExpenses": 198300000,
        "costAndExpenses": 766000000,
        "interestIncome": 0,
        "interestExpense": 0,
        "depreciationAndAmortization": 23600000,
        "ebitda": 107800000,
        "ebitdaratio": 0.1267936956,
        "operatingIncome": 84200000,
        "operatingIncomeRatio": 0.0990355211,
        "totalOtherIncomeExpensesNet": -6500000,
        "incomeBeforeTax": 77700000,
        "incomeBeforeTaxRatio": 0.0913902611,
        "incomeTaxExpense": 29300000,
        "netIncome": 48400000,
        "netIncomeRatio": 0.0569277817,
        "eps": 0.1,
        "epsdiluted": 0.1,
        "weightedAverageShsOut": 461600000,
        "weightedAverageShsOutDil": 466792000,
        "link": null,
        "finalLink": null
    },
    {
        "date": "1991-09-30",
        "symbol": "VFC",
        "reportedCurrency": "USD",
        "cik": "0000103379",
        "fillingDate": "1991-09-30",
        "acceptedDate": "1991-09-30 00:00:00",
        "calendarYear": "1992",
        "period": "Q2",
        "revenue": 834800000,
        "costOfRevenue": 553800000,
        "grossProfit": 281000000,
        "grossProfitRatio": 0.3366075707,
        "researchAndDevelopmentExpenses": 0,
        "generalAndAdministrativeExpenses": 0,
        "sellingAndMarketingExpenses": 0,
        "sellingGeneralAndAdministrativeExpenses": 157900000,
        "otherExpenses": 22800000,
        "operatingExpenses": 180700000,
        "costAndExpenses": 734500000,
        "interestIncome": 0,
        "interestExpense": 6800000,
        "depreciationAndAmortization": 23000000,
        "ebitda": 123300000,
        "ebitdaratio": 0.1477000479,
        "operatingIncome": 100300000,
        "operatingIncomeRatio": 0.1201485386,
        "totalOtherIncomeExpensesNet": -12400000,
        "incomeBeforeTax": 87900000,
        "incomeBeforeTaxRatio": 0.1052946814,
        "incomeTaxExpense": 34100000,
        "netIncome": 53800000,
        "netIncomeRatio": 0.064446574,
        "eps": 0.0575,
        "epsdiluted": 0.0563,
        "weightedAverageShsOut": 458192000,
        "weightedAverageShsOutDil": 458192000,
        "link": null,
        "finalLink": null
    },
    {
        "date": "1991-06-30",
        "symbol": "VFC",
        "reportedCurrency": "USD",
        "cik": "0000103379",
        "fillingDate": "1991-06-30",
        "acceptedDate": "1991-06-30 00:00:00",
        "calendarYear": "1992",
        "period": "Q1",
        "revenue": 654000000,
        "costOfRevenue": 430100000,
        "grossProfit": 223900000,
        "grossProfitRatio": 0.3423547401,
        "researchAndDevelopmentExpenses": 0,
        "generalAndAdministrativeExpenses": 0,
        "sellingAndMarketingExpenses": 0,
        "sellingGeneralAndAdministrativeExpenses": 139400000,
        "otherExpenses": 22400000,
        "operatingExpenses": 161800000,
        "costAndExpenses": 591900000,
        "interestIncome": 0,
        "interestExpense": 6000000,
        "depreciationAndAmortization": 22400000,
        "ebitda": 84500000,
        "ebitdaratio": 0.129204893,
        "operatingIncome": 62100000,
        "operatingIncomeRatio": 0.0949541284,
        "totalOtherIncomeExpensesNet": -11700000,
        "incomeBeforeTax": 50400000,
        "incomeBeforeTaxRatio": 0.0770642202,
        "incomeTaxExpense": 19700000,
        "netIncome": 30700000,
        "netIncomeRatio": 0.046941896,
        "eps": 0.0325,
        "epsdiluted": 0.0313,
        "weightedAverageShsOut": 457144000,
        "weightedAverageShsOutDil": 457144000,
        "link": null,
        "finalLink": null
    },
    {
        "date": "1991-03-31",
        "symbol": "VFC",
        "reportedCurrency": "USD",
        "cik": "0000103379",
        "fillingDate": "1991-03-31",
        "acceptedDate": "1991-03-31 00:00:00",
        "calendarYear": "1991",
        "period": "Q4",
        "revenue": 613300000,
        "costOfRevenue": 397300000,
        "grossProfit": 216000000,
        "grossProfitRatio": 0.352193054,
        "researchAndDevelopmentExpenses": 0,
        "generalAndAdministrativeExpenses": 0,
        "sellingAndMarketingExpenses": 0,
        "sellingGeneralAndAdministrativeExpenses": 136600000,
        "otherExpenses": 22000000,
        "operatingExpenses": 158600000,
        "costAndExpenses": 555900000,
        "interestIncome": 0,
        "interestExpense": 4000000,
        "depreciationAndAmortization": 22000000,
        "ebitda": 79400000,
        "ebitdaratio": 0.1294635578,
        "operatingIncome": 57400000,
        "operatingIncomeRatio": 0.093592043,
        "totalOtherIncomeExpensesNet": -10100000,
        "incomeBeforeTax": 47300000,
        "incomeBeforeTaxRatio": 0.0771237567,
        "incomeTaxExpense": 18800000,
        "netIncome": 28500000,
        "netIncomeRatio": 0.0464699168,
        "eps": 0.03,
        "epsdiluted": 0.03,
        "weightedAverageShsOut": 466792000,
        "weightedAverageShsOutDil": 466792000,
        "link": null,
        "finalLink": null
    },
    {
        "date": "1990-12-31",
        "symbol": "VFC",
        "reportedCurrency": "USD",
        "cik": "0000103379",
        "fillingDate": "1990-12-31",
        "acceptedDate": "1990-12-31 00:00:00",
        "calendarYear": "1991",
        "period": "Q3",
        "revenue": 687600000,
        "costOfRevenue": 486100000,
        "grossProfit": 201500000,
        "grossProfitRatio": 0.2930482839,
        "researchAndDevelopmentExpenses": 0,
        "generalAndAdministrativeExpenses": 0,
        "sellingAndMarketingExpenses": 0,
        "sellingGeneralAndAdministrativeExpenses": 137000000,
        "otherExpenses": 25300000,
        "operatingExpenses": 162300000,
        "costAndExpenses": 648400000,
        "interestIncome": 0,
        "interestExpense": 76800000,
        "depreciationAndAmortization": 25300000,
        "ebitda": 64500000,
        "ebitdaratio": 0.0938045375,
        "operatingIncome": 39200000,
        "operatingIncomeRatio": 0.0570098895,
        "totalOtherIncomeExpensesNet": -47500000,
        "incomeBeforeTax": -8300000,
        "incomeBeforeTaxRatio": -0.0120709715,
        "incomeTaxExpense": 1700000,
        "netIncome": -10000000,
        "netIncomeRatio": -0.0145433392,
        "eps": -0.0219,
        "epsdiluted": -0.0214,
        "weightedAverageShsOut": 456104000,
        "weightedAverageShsOutDil": 466792000,
        "link": null,
        "finalLink": null
    },
    {
        "date": "1990-09-30",
        "symbol": "VFC",
        "reportedCurrency": "USD",
        "cik": "0000103379",
        "fillingDate": "1990-09-30",
        "acceptedDate": "1990-09-30 00:00:00",
        "calendarYear": "1991",
        "period": "Q2",
        "revenue": 723100000,
        "costOfRevenue": 476300000,
        "grossProfit": 246800000,
        "grossProfitRatio": 0.3413082561,
        "researchAndDevelopmentExpenses": 0,
        "generalAndAdministrativeExpenses": 0,
        "sellingAndMarketingExpenses": 0,
        "sellingGeneralAndAdministrativeExpenses": 130400000,
        "otherExpenses": 24200000,
        "operatingExpenses": 154600000,
        "costAndExpenses": 630900000,
        "interestIncome": 0,
        "interestExpense": 10800000,
        "depreciationAndAmortization": 24700000,
        "ebitda": 116900000,
        "ebitdaratio": 0.1616650532,
        "operatingIncome": 92200000,
        "operatingIncomeRatio": 0.1275065689,
        "totalOtherIncomeExpensesNet": -15600000,
        "incomeBeforeTax": 76600000,
        "incomeBeforeTaxRatio": 0.1059327894,
        "incomeTaxExpense": 31200000,
        "netIncome": 45400000,
        "netIncomeRatio": 0.0627852303,
        "eps": 0.0488,
        "epsdiluted": 0.0475,
        "weightedAverageShsOut": 456104000,
        "weightedAverageShsOutDil": 456104000,
        "link": null,
        "finalLink": null
    },
    {
        "date": "1990-06-30",
        "symbol": "VFC",
        "reportedCurrency": "USD",
        "cik": "0000103379",
        "fillingDate": "1990-06-30",
        "acceptedDate": "1990-06-30 00:00:00",
        "calendarYear": "1991",
        "period": "Q1",
        "revenue": 634700000,
        "costOfRevenue": 424000000,
        "grossProfit": 210700000,
        "grossProfitRatio": 0.3319678588,
        "researchAndDevelopmentExpenses": 0,
        "generalAndAdministrativeExpenses": 0,
        "sellingAndMarketingExpenses": 0,
        "sellingGeneralAndAdministrativeExpenses": 123700000,
        "otherExpenses": 24000000,
        "operatingExpenses": 147700000,
        "costAndExpenses": 571700000,
        "interestIncome": 0,
        "interestExpense": 32400000,
        "depreciationAndAmortization": 23100000,
        "ebitda": 87000000,
        "ebitdaratio": 0.1370726327,
        "operatingIncome": 63000000,
        "operatingIncomeRatio": 0.0992594927,
        "totalOtherIncomeExpensesNet": -26000000,
        "incomeBeforeTax": 37000000,
        "incomeBeforeTaxRatio": 0.0582952576,
        "incomeTaxExpense": 14600000,
        "netIncome": 22400000,
        "netIncomeRatio": 0.0352922641,
        "eps": 0.0238,
        "epsdiluted": 0.0238,
        "weightedAverageShsOut": 456088000,
        "weightedAverageShsOutDil": 456088000,
        "link": null,
        "finalLink": null
    },
    {
        "date": "1990-03-31",
        "symbol": "VFC",
        "reportedCurrency": "USD",
        "cik": "0000103379",
        "fillingDate": "1990-03-31",
        "acceptedDate": "1990-03-31 00:00:00",
        "calendarYear": "1990",
        "period": "Q4",
        "revenue": 567200000,
        "costOfRevenue": 367600000,
        "grossProfit": 199600000,
        "grossProfitRatio": 0.3519040903,
        "researchAndDevelopmentExpenses": 0,
        "generalAndAdministrativeExpenses": 0,
        "sellingAndMarketingExpenses": 0,
        "sellingGeneralAndAdministrativeExpenses": 119700000,
        "otherExpenses": 24800000,
        "operatingExpenses": 144500000,
        "costAndExpenses": 512100000,
        "interestIncome": 0,
        "interestExpense": 17500000,
        "depreciationAndAmortization": 24800000,
        "ebitda": 79900000,
        "ebitdaratio": 0.1408674189,
        "operatingIncome": 55100000,
        "operatingIncomeRatio": 0.0971438646,
        "totalOtherIncomeExpensesNet": -17400000,
        "incomeBeforeTax": 37700000,
        "incomeBeforeTaxRatio": 0.0664668547,
        "incomeTaxExpense": 14500000,
        "netIncome": 23200000,
        "netIncomeRatio": 0.0409026798,
        "eps": 0.025,
        "epsdiluted": 0.025,
        "weightedAverageShsOut": 455928000,
        "weightedAverageShsOutDil": 455928000,
        "link": null,
        "finalLink": null
    },
    {
        "date": "1989-12-31",
        "symbol": "VFC",
        "reportedCurrency": "USD",
        "cik": "0000103379",
        "fillingDate": "1989-12-31",
        "acceptedDate": "1989-12-31 00:00:00",
        "calendarYear": "1990",
        "period": "Q3",
        "revenue": 663400000,
        "costOfRevenue": 442900000,
        "grossProfit": 220500000,
        "grossProfitRatio": 0.3323786554,
        "researchAndDevelopmentExpenses": 0,
        "generalAndAdministrativeExpenses": 0,
        "sellingAndMarketingExpenses": 0,
        "sellingGeneralAndAdministrativeExpenses": 123000000,
        "otherExpenses": 20400000,
        "operatingExpenses": 143400000,
        "costAndExpenses": 586300000,
        "interestIncome": 0,
        "interestExpense": 11500000,
        "depreciationAndAmortization": 20400000,
        "ebitda": 97500000,
        "ebitdaratio": 0.1469701538,
        "operatingIncome": 77100000,
        "operatingIncomeRatio": 0.1162194754,
        "totalOtherIncomeExpensesNet": -13400000,
        "incomeBeforeTax": 63700000,
        "incomeBeforeTaxRatio": 0.0960205005,
        "incomeTaxExpense": 23400000,
        "netIncome": 40300000,
        "netIncomeRatio": 0.0607476636,
        "eps": 0.088,
        "epsdiluted": 0.088,
        "weightedAverageShsOut": 455928000,
        "weightedAverageShsOutDil": 455928000,
        "link": null,
        "finalLink": null
    },
    {
        "date": "1989-09-30",
        "symbol": "VFC",
        "reportedCurrency": "USD",
        "cik": "0000103379",
        "fillingDate": "1989-09-30",
        "acceptedDate": "1989-09-30 00:00:00",
        "calendarYear": "1990",
        "period": "Q2",
        "revenue": 695400000,
        "costOfRevenue": 456800000,
        "grossProfit": 238600000,
        "grossProfitRatio": 0.3431118781,
        "researchAndDevelopmentExpenses": 0,
        "generalAndAdministrativeExpenses": 0,
        "sellingAndMarketingExpenses": 0,
        "sellingGeneralAndAdministrativeExpenses": 121000000,
        "otherExpenses": 23500000,
        "operatingExpenses": 144500000,
        "costAndExpenses": 601300000,
        "interestIncome": 0,
        "interestExpense": 7200000,
        "depreciationAndAmortization": 24800000,
        "ebitda": 118900000,
        "ebitdaratio": 0.1709807305,
        "operatingIncome": 94100000,
        "operatingIncomeRatio": 0.1353178027,
        "totalOtherIncomeExpensesNet": -10400000,
        "incomeBeforeTax": 83700000,
        "incomeBeforeTaxRatio": 0.1203623814,
        "incomeTaxExpense": 31700000,
        "netIncome": 52000000,
        "netIncomeRatio": 0.0747771067,
        "eps": 0.05,
        "epsdiluted": 0.05,
        "weightedAverageShsOut": 465784000,
        "weightedAverageShsOutDil": 465784000,
        "link": null,
        "finalLink": null
    },
    {
        "date": "1989-06-30",
        "symbol": "VFC",
        "reportedCurrency": "USD",
        "cik": "0000103379",
        "fillingDate": "1989-06-30",
        "acceptedDate": "1989-06-30 00:00:00",
        "calendarYear": "1990",
        "period": "Q1",
        "revenue": 611100000,
        "costOfRevenue": 403200000,
        "grossProfit": 207900000,
        "grossProfitRatio": 0.3402061856,
        "researchAndDevelopmentExpenses": 0,
        "generalAndAdministrativeExpenses": 0,
        "sellingAndMarketingExpenses": 0,
        "sellingGeneralAndAdministrativeExpenses": 110100000,
        "otherExpenses": 22900000,
        "operatingExpenses": 133000000,
        "costAndExpenses": 536200000,
        "interestIncome": 0,
        "interestExpense": 0,
        "depreciationAndAmortization": 23300000,
        "ebitda": 98200000,
        "ebitdaratio": 0.1606938308,
        "operatingIncome": 74900000,
        "operatingIncomeRatio": 0.1225658648,
        "totalOtherIncomeExpensesNet": -1600000,
        "incomeBeforeTax": 73300000,
        "incomeBeforeTaxRatio": 0.1199476354,
        "incomeTaxExpense": 27800000,
        "netIncome": 45500000,
        "netIncomeRatio": 0.0744558992,
        "eps": 0.0425,
        "epsdiluted": 0.0425,
        "weightedAverageShsOut": 545392000,
        "weightedAverageShsOutDil": 545392000,
        "link": null,
        "finalLink": null
    },
    {
        "date": "1989-03-31",
        "symbol": "VFC",
        "reportedCurrency": "USD",
        "cik": "0000103379",
        "fillingDate": "1989-03-31",
        "acceptedDate": "1989-03-31 00:00:00",
        "calendarYear": "1989",
        "period": "Q4",
        "revenue": 562800000,
        "costOfRevenue": 361200000,
        "grossProfit": 201600000,
        "grossProfitRatio": 0.3582089552,
        "researchAndDevelopmentExpenses": 0,
        "generalAndAdministrativeExpenses": 0,
        "sellingAndMarketingExpenses": 0,
        "sellingGeneralAndAdministrativeExpenses": 112300000,
        "otherExpenses": 22500000,
        "operatingExpenses": 134800000,
        "costAndExpenses": 496000000,
        "interestIncome": 0,
        "interestExpense": 0,
        "depreciationAndAmortization": 22500000,
        "ebitda": 89300000,
        "ebitdaratio": 0.1586709311,
        "operatingIncome": 66800000,
        "operatingIncomeRatio": 0.118692253,
        "totalOtherIncomeExpensesNet": -3700000,
        "incomeBeforeTax": 63100000,
        "incomeBeforeTaxRatio": 0.1121179815,
        "incomeTaxExpense": 24800000,
        "netIncome": 38300000,
        "netIncomeRatio": 0.0680525942,
        "eps": 0.035,
        "epsdiluted": 0.035,
        "weightedAverageShsOut": 455928000,
        "weightedAverageShsOutDil": 455928000,
        "link": null,
        "finalLink": null
    },
    {
        "date": "1988-12-31",
        "symbol": "VFC",
        "reportedCurrency": "USD",
        "cik": "0000103379",
        "fillingDate": "1988-12-31",
        "acceptedDate": "1988-12-31 00:00:00",
        "calendarYear": "1989",
        "period": "Q3",
        "revenue": 605000000,
        "costOfRevenue": 0,
        "grossProfit": 0,
        "grossProfitRatio": 0,
        "researchAndDevelopmentExpenses": 0,
        "generalAndAdministrativeExpenses": 0,
        "sellingAndMarketingExpenses": 0,
        "sellingGeneralAndAdministrativeExpenses": 0,
        "otherExpenses": 0,
        "operatingExpenses": 0,
        "costAndExpenses": 0,
        "interestIncome": 0,
        "interestExpense": 0,
        "depreciationAndAmortization": 0,
        "ebitda": -1590100000,
        "ebitdaratio": -2.6282644628,
        "operatingIncome": -1590100000,
        "operatingIncomeRatio": -2.6282644628,
        "totalOtherIncomeExpensesNet": 1590100000,
        "incomeBeforeTax": 0,
        "incomeBeforeTaxRatio": 0,
        "incomeTaxExpense": 0,
        "netIncome": 0,
        "netIncomeRatio": 0,
        "eps": 0.0837851591,
        "epsdiluted": 0.0837851591,
        "weightedAverageShsOut": 455928000,
        "weightedAverageShsOutDil": 455928000,
        "link": null,
        "finalLink": null
    },
    {
        "date": "1988-09-30",
        "symbol": "VFC",
        "reportedCurrency": "USD",
        "cik": "0000103379",
        "fillingDate": "1988-09-30",
        "acceptedDate": "1988-09-30 00:00:00",
        "calendarYear": "1989",
        "period": "Q2",
        "revenue": 672400000,
        "costOfRevenue": 0,
        "grossProfit": 0,
        "grossProfitRatio": 0,
        "researchAndDevelopmentExpenses": 0,
        "generalAndAdministrativeExpenses": 0,
        "sellingAndMarketingExpenses": 0,
        "sellingGeneralAndAdministrativeExpenses": 0,
        "otherExpenses": 0,
        "operatingExpenses": 0,
        "costAndExpenses": 0,
        "interestIncome": 0,
        "interestExpense": 0,
        "depreciationAndAmortization": 0,
        "ebitda": 672400000,
        "ebitdaratio": 1,
        "operatingIncome": 672400000,
        "operatingIncomeRatio": 1,
        "totalOtherIncomeExpensesNet": -672400000,
        "incomeBeforeTax": 0,
        "incomeBeforeTaxRatio": 0,
        "incomeTaxExpense": 0,
        "netIncome": 0,
        "netIncomeRatio": 0,
        "eps": 0.05,
        "epsdiluted": 0.05,
        "weightedAverageShsOut": 545384000,
        "weightedAverageShsOutDil": 545384000,
        "link": null,
        "finalLink": null
    },
    {
        "date": "1988-06-30",
        "symbol": "VFC",
        "reportedCurrency": "USD",
        "cik": "0000103379",
        "fillingDate": "1988-06-30",
        "acceptedDate": "1988-06-30 00:00:00",
        "calendarYear": "1989",
        "period": "Q1",
        "revenue": 642900000,
        "costOfRevenue": 0,
        "grossProfit": 0,
        "grossProfitRatio": 0,
        "researchAndDevelopmentExpenses": 0,
        "generalAndAdministrativeExpenses": 0,
        "sellingAndMarketingExpenses": 0,
        "sellingGeneralAndAdministrativeExpenses": 0,
        "otherExpenses": 0,
        "operatingExpenses": 0,
        "costAndExpenses": 0,
        "interestIncome": 0,
        "interestExpense": 0,
        "depreciationAndAmortization": 0,
        "ebitda": 642900000,
        "ebitdaratio": 1,
        "operatingIncome": 642900000,
        "operatingIncomeRatio": 1,
        "totalOtherIncomeExpensesNet": -642900000,
        "incomeBeforeTax": 0,
        "incomeBeforeTaxRatio": 0,
        "incomeTaxExpense": 0,
        "netIncome": 0,
        "netIncomeRatio": 0,
        "eps": 0.0413,
        "epsdiluted": 0.0413,
        "weightedAverageShsOut": 543520000,
        "weightedAverageShsOutDil": 543520000,
        "link": null,
        "finalLink": null
    },
    {
        "date": "1988-03-31",
        "symbol": "VFC",
        "reportedCurrency": "USD",
        "cik": "0000103379",
        "fillingDate": "1988-03-31",
        "acceptedDate": "1988-03-31 00:00:00",
        "calendarYear": "1988",
        "period": "Q4",
        "revenue": 595900000,
        "costOfRevenue": 0,
        "grossProfit": 0,
        "grossProfitRatio": 0,
        "researchAndDevelopmentExpenses": 0,
        "generalAndAdministrativeExpenses": 0,
        "sellingAndMarketingExpenses": 0,
        "sellingGeneralAndAdministrativeExpenses": 0,
        "otherExpenses": 0,
        "operatingExpenses": 0,
        "costAndExpenses": 0,
        "interestIncome": 0,
        "interestExpense": 0,
        "depreciationAndAmortization": 0,
        "ebitda": 595900000,
        "ebitdaratio": 1,
        "operatingIncome": 595900000,
        "operatingIncomeRatio": 1,
        "totalOtherIncomeExpensesNet": -595900000,
        "incomeBeforeTax": 0,
        "incomeBeforeTaxRatio": 0,
        "incomeTaxExpense": 0,
        "netIncome": 0,
        "netIncomeRatio": 0,
        "eps": 0.0338,
        "epsdiluted": 0.0338,
        "weightedAverageShsOut": 543520000,
        "weightedAverageShsOutDil": 543520000,
        "link": null,
        "finalLink": null
    },
    {
        "date": "1987-12-31",
        "symbol": "VFC",
        "reportedCurrency": "USD",
        "cik": "0000103379",
        "fillingDate": "1987-12-31",
        "acceptedDate": "1987-12-31 00:00:00",
        "calendarYear": "1988",
        "period": "Q3",
        "revenue": 620000000,
        "costOfRevenue": 0,
        "grossProfit": 0,
        "grossProfitRatio": 0,
        "researchAndDevelopmentExpenses": 0,
        "generalAndAdministrativeExpenses": 0,
        "sellingAndMarketingExpenses": 0,
        "sellingGeneralAndAdministrativeExpenses": 0,
        "otherExpenses": 0,
        "operatingExpenses": 0,
        "costAndExpenses": 0,
        "interestIncome": 0,
        "interestExpense": 0,
        "depreciationAndAmortization": 0,
        "ebitda": -1595200000,
        "ebitdaratio": -2.5729032258,
        "operatingIncome": -1595200000,
        "operatingIncomeRatio": -2.5729032258,
        "totalOtherIncomeExpensesNet": 1595200000,
        "incomeBeforeTax": 0,
        "incomeBeforeTaxRatio": 0,
        "incomeTaxExpense": 0,
        "netIncome": 0,
        "netIncomeRatio": 0,
        "eps": 0.0807697969,
        "epsdiluted": 0.0807697969,
        "weightedAverageShsOut": 543520000,
        "weightedAverageShsOutDil": 543520000,
        "link": null,
        "finalLink": null
    },
    {
        "date": "1987-09-30",
        "symbol": "VFC",
        "reportedCurrency": "USD",
        "cik": "0000103379",
        "fillingDate": "1987-09-30",
        "acceptedDate": "1987-09-30 00:00:00",
        "calendarYear": "1988",
        "period": "Q2",
        "revenue": 731600000,
        "costOfRevenue": 0,
        "grossProfit": 0,
        "grossProfitRatio": 0,
        "researchAndDevelopmentExpenses": 0,
        "generalAndAdministrativeExpenses": 0,
        "sellingAndMarketingExpenses": 0,
        "sellingGeneralAndAdministrativeExpenses": 0,
        "otherExpenses": 0,
        "operatingExpenses": 0,
        "costAndExpenses": 0,
        "interestIncome": 0,
        "interestExpense": 0,
        "depreciationAndAmortization": 0,
        "ebitda": 731600000,
        "ebitdaratio": 1,
        "operatingIncome": 731600000,
        "operatingIncomeRatio": 1,
        "totalOtherIncomeExpensesNet": -731600000,
        "incomeBeforeTax": 0,
        "incomeBeforeTaxRatio": 0,
        "incomeTaxExpense": 0,
        "netIncome": 0,
        "netIncomeRatio": 0,
        "eps": 0.0563,
        "epsdiluted": 0.0563,
        "weightedAverageShsOut": 543248000,
        "weightedAverageShsOutDil": 543248000,
        "link": null,
        "finalLink": null
    },
    {
        "date": "1987-06-30",
        "symbol": "VFC",
        "reportedCurrency": "USD",
        "cik": "0000103379",
        "fillingDate": "1987-06-30",
        "acceptedDate": "1987-06-30 00:00:00",
        "calendarYear": "1988",
        "period": "Q1",
        "revenue": 640700000,
        "costOfRevenue": 0,
        "grossProfit": 0,
        "grossProfitRatio": 0,
        "researchAndDevelopmentExpenses": 0,
        "generalAndAdministrativeExpenses": 0,
        "sellingAndMarketingExpenses": 0,
        "sellingGeneralAndAdministrativeExpenses": 0,
        "otherExpenses": 0,
        "operatingExpenses": 0,
        "costAndExpenses": 0,
        "interestIncome": 0,
        "interestExpense": 0,
        "depreciationAndAmortization": 0,
        "ebitda": 640700000,
        "ebitdaratio": 1,
        "operatingIncome": 640700000,
        "operatingIncomeRatio": 1,
        "totalOtherIncomeExpensesNet": -640700000,
        "incomeBeforeTax": 0,
        "incomeBeforeTaxRatio": 0,
        "incomeTaxExpense": 0,
        "netIncome": 0,
        "netIncomeRatio": 0,
        "eps": 0.04,
        "epsdiluted": 0.04,
        "weightedAverageShsOut": 540448000,
        "weightedAverageShsOutDil": 540448000,
        "link": null,
        "finalLink": null
    },
    {
        "date": "1987-03-31",
        "symbol": "VFC",
        "reportedCurrency": "USD",
        "cik": "0000103379",
        "fillingDate": "1987-03-31",
        "acceptedDate": "1987-03-31 00:00:00",
        "calendarYear": "1987",
        "period": "Q4",
        "revenue": 581500000,
        "costOfRevenue": 0,
        "grossProfit": 0,
        "grossProfitRatio": 0,
        "researchAndDevelopmentExpenses": 0,
        "generalAndAdministrativeExpenses": 0,
        "sellingAndMarketingExpenses": 0,
        "sellingGeneralAndAdministrativeExpenses": 0,
        "otherExpenses": 0,
        "operatingExpenses": 0,
        "costAndExpenses": 0,
        "interestIncome": 0,
        "interestExpense": 0,
        "depreciationAndAmortization": 0,
        "ebitda": 581500000,
        "ebitdaratio": 1,
        "operatingIncome": 581500000,
        "operatingIncomeRatio": 1,
        "totalOtherIncomeExpensesNet": -581500000,
        "incomeBeforeTax": 0,
        "incomeBeforeTaxRatio": 0,
        "incomeTaxExpense": 0,
        "netIncome": 0,
        "netIncomeRatio": 0,
        "eps": 0.03,
        "epsdiluted": 0.03,
        "weightedAverageShsOut": 540448000,
        "weightedAverageShsOutDil": 540448000,
        "link": null,
        "finalLink": null
    },
    {
        "date": "1986-12-31",
        "symbol": "VFC",
        "reportedCurrency": "USD",
        "cik": "0000103379",
        "fillingDate": "1986-12-31",
        "acceptedDate": "1986-12-31 00:00:00",
        "calendarYear": "1987",
        "period": "Q3",
        "revenue": 452100000,
        "costOfRevenue": 0,
        "grossProfit": 0,
        "grossProfitRatio": 0,
        "researchAndDevelopmentExpenses": 0,
        "generalAndAdministrativeExpenses": 0,
        "sellingAndMarketingExpenses": 0,
        "sellingGeneralAndAdministrativeExpenses": 0,
        "otherExpenses": 0,
        "operatingExpenses": 0,
        "costAndExpenses": 0,
        "interestIncome": 0,
        "interestExpense": 0,
        "depreciationAndAmortization": 0,
        "ebitda": -829000000,
        "ebitdaratio": -1.8336651183,
        "operatingIncome": -829000000,
        "operatingIncomeRatio": -1.8336651183,
        "totalOtherIncomeExpensesNet": 829000000,
        "incomeBeforeTax": 0,
        "incomeBeforeTaxRatio": 0,
        "incomeTaxExpense": 0,
        "netIncome": 0,
        "netIncomeRatio": 0,
        "eps": 0.0536591865,
        "epsdiluted": 0.0536591865,
        "weightedAverageShsOut": 540448000,
        "weightedAverageShsOutDil": 540448000,
        "link": null,
        "finalLink": null
    },
    {
        "date": "1986-09-30",
        "symbol": "VFC",
        "reportedCurrency": "USD",
        "cik": "0000103379",
        "fillingDate": "1986-09-30",
        "acceptedDate": "1986-09-30 00:00:00",
        "calendarYear": "1987",
        "period": "Q2",
        "revenue": 430200000,
        "costOfRevenue": 0,
        "grossProfit": 0,
        "grossProfitRatio": 0,
        "researchAndDevelopmentExpenses": 0,
        "generalAndAdministrativeExpenses": 0,
        "sellingAndMarketingExpenses": 0,
        "sellingGeneralAndAdministrativeExpenses": 0,
        "otherExpenses": 0,
        "operatingExpenses": 0,
        "costAndExpenses": 0,
        "interestIncome": 0,
        "interestExpense": 0,
        "depreciationAndAmortization": 0,
        "ebitda": 430200000,
        "ebitdaratio": 1,
        "operatingIncome": 430200000,
        "operatingIncomeRatio": 1,
        "totalOtherIncomeExpensesNet": -430200000,
        "incomeBeforeTax": 0,
        "incomeBeforeTaxRatio": 0,
        "incomeTaxExpense": 0,
        "netIncome": 0,
        "netIncomeRatio": 0,
        "eps": 0.045,
        "epsdiluted": 0.045,
        "weightedAverageShsOut": 499768000,
        "weightedAverageShsOutDil": 499768000,
        "link": null,
        "finalLink": null
    },
    {
        "date": "1986-06-30",
        "symbol": "VFC",
        "reportedCurrency": "USD",
        "cik": "0000103379",
        "fillingDate": "1986-06-30",
        "acceptedDate": "1986-06-30 00:00:00",
        "calendarYear": "1987",
        "period": "Q1",
        "revenue": 345500000,
        "costOfRevenue": 0,
        "grossProfit": 0,
        "grossProfitRatio": 0,
        "researchAndDevelopmentExpenses": 0,
        "generalAndAdministrativeExpenses": 0,
        "sellingAndMarketingExpenses": 0,
        "sellingGeneralAndAdministrativeExpenses": 0,
        "otherExpenses": 0,
        "operatingExpenses": 0,
        "costAndExpenses": 0,
        "interestIncome": 0,
        "interestExpense": 0,
        "depreciationAndAmortization": 0,
        "ebitda": 345500000,
        "ebitdaratio": 1,
        "operatingIncome": 345500000,
        "operatingIncomeRatio": 1,
        "totalOtherIncomeExpensesNet": -345500000,
        "incomeBeforeTax": 0,
        "incomeBeforeTaxRatio": 0,
        "incomeTaxExpense": 0,
        "netIncome": 0,
        "netIncomeRatio": 0,
        "eps": 0.03,
        "epsdiluted": 0.03,
        "weightedAverageShsOut": 499040000,
        "weightedAverageShsOutDil": 499040000,
        "link": null,
        "finalLink": null
    },
    {
        "date": "1986-03-31",
        "symbol": "VFC",
        "reportedCurrency": "USD",
        "cik": "0000103379",
        "fillingDate": "1986-03-31",
        "acceptedDate": "1986-03-31 00:00:00",
        "calendarYear": "1986",
        "period": "Q4",
        "revenue": 316700000,
        "costOfRevenue": 0,
        "grossProfit": 0,
        "grossProfitRatio": 0,
        "researchAndDevelopmentExpenses": 0,
        "generalAndAdministrativeExpenses": 0,
        "sellingAndMarketingExpenses": 0,
        "sellingGeneralAndAdministrativeExpenses": 0,
        "otherExpenses": 0,
        "operatingExpenses": 0,
        "costAndExpenses": 0,
        "interestIncome": 0,
        "interestExpense": 0,
        "depreciationAndAmortization": 0,
        "ebitda": 316700000,
        "ebitdaratio": 1,
        "operatingIncome": 316700000,
        "operatingIncomeRatio": 1,
        "totalOtherIncomeExpensesNet": -316700000,
        "incomeBeforeTax": 0,
        "incomeBeforeTaxRatio": 0,
        "incomeTaxExpense": 0,
        "netIncome": 0,
        "netIncomeRatio": 0,
        "eps": 0.0131,
        "epsdiluted": 0.0131,
        "weightedAverageShsOut": 497552000,
        "weightedAverageShsOutDil": 497552000,
        "link": null,
        "finalLink": null
    },
    {
        "date": "1985-12-31",
        "symbol": "VFC",
        "reportedCurrency": "USD",
        "cik": "0000103379",
        "fillingDate": "1985-12-31",
        "acceptedDate": "1985-12-31 00:00:00",
        "calendarYear": "1986",
        "period": "Q3",
        "revenue": 403800000,
        "costOfRevenue": 0,
        "grossProfit": 0,
        "grossProfitRatio": 0,
        "researchAndDevelopmentExpenses": 0,
        "generalAndAdministrativeExpenses": 0,
        "sellingAndMarketingExpenses": 0,
        "sellingGeneralAndAdministrativeExpenses": 0,
        "otherExpenses": 0,
        "operatingExpenses": 0,
        "costAndExpenses": 0,
        "interestIncome": 0,
        "interestExpense": 0,
        "depreciationAndAmortization": 0,
        "ebitda": -795000000,
        "ebitdaratio": -1.9687964339,
        "operatingIncome": -795000000,
        "operatingIncomeRatio": -1.9687964339,
        "totalOtherIncomeExpensesNet": 795000000,
        "incomeBeforeTax": 0,
        "incomeBeforeTaxRatio": 0,
        "incomeTaxExpense": 0,
        "netIncome": 0,
        "netIncomeRatio": 0,
        "eps": 0.0801926231,
        "epsdiluted": 0.0801926231,
        "weightedAverageShsOut": 497552000,
        "weightedAverageShsOutDil": 497552000,
        "link": null,
        "finalLink": null
    },
    {
        "date": "1985-09-30",
        "symbol": "VFC",
        "reportedCurrency": "USD",
        "cik": "0000103379",
        "fillingDate": "1985-09-30",
        "acceptedDate": "1985-09-30 00:00:00",
        "calendarYear": "1986",
        "period": "Q2",
        "revenue": 429000000,
        "costOfRevenue": 0,
        "grossProfit": 0,
        "grossProfitRatio": 0,
        "researchAndDevelopmentExpenses": 0,
        "generalAndAdministrativeExpenses": 0,
        "sellingAndMarketingExpenses": 0,
        "sellingGeneralAndAdministrativeExpenses": 0,
        "otherExpenses": 0,
        "operatingExpenses": 0,
        "costAndExpenses": 0,
        "interestIncome": 0,
        "interestExpense": 0,
        "depreciationAndAmortization": 0,
        "ebitda": 429000000,
        "ebitdaratio": 1,
        "operatingIncome": 429000000,
        "operatingIncomeRatio": 1,
        "totalOtherIncomeExpensesNet": -429000000,
        "incomeBeforeTax": 0,
        "incomeBeforeTaxRatio": 0,
        "incomeTaxExpense": 0,
        "netIncome": 0,
        "netIncomeRatio": 0,
        "eps": 0.0225,
        "epsdiluted": 0.0225,
        "weightedAverageShsOut": 495776000,
        "weightedAverageShsOutDil": 495776000,
        "link": null,
        "finalLink": null
    }
]