[
    {
        "date": "2019-09-30",
        "symbol": "VIAB",
        "reportedCurrency": "USD",
        "cik": "0001339947",
        "fillingDate": "2019-11-14",
        "acceptedDate": "2019-11-14 16:04:09",
        "calendarYear": "2019",
        "period": "Q3",
        "revenue": 3433000000,
        "costOfRevenue": 1914000000,
        "grossProfit": 1519000000,
        "grossProfitRatio": 0.4424701427,
        "researchAndDevelopmentExpenses": 0,
        "generalAndAdministrativeExpenses": 891000000,
        "sellingAndMarketingExpenses": 82000000,
        "sellingGeneralAndAdministrativeExpenses": 973000000,
        "otherExpenses": 0,
        "operatingExpenses": 973000000,
        "costAndExpenses": 2903000000,
        "interestIncome": 0,
        "interestExpense": 0,
        "depreciationAndAmortization": 1361000000,
        "ebitda": 1761000000,
        "ebitdaratio": 0.5129624235,
        "operatingIncome": 530000000,
        "operatingIncomeRatio": 0.1543839208,
        "totalOtherIncomeExpensesNet": -118000000,
        "incomeBeforeTax": 412000000,
        "incomeBeforeTaxRatio": 0.1200116516,
        "incomeTaxExpense": 93000000,
        "netIncome": 307000000,
        "netIncomeRatio": 0.0894261579,
        "eps": 0.76,
        "epsdiluted": 0.76,
        "weightedAverageShsOut": 403400000,
        "weightedAverageShsOutDil": 403800000,
        "link": "https://www.sec.gov/Archives/edgar/data/1339947/000133994719000043/0001339947-19-000043-index.htm",
        "finalLink": "https://www.sec.gov/Archives/edgar/data/1339947/000133994719000043/via2019093010k.htm"
    },
    {
        "date": "2019-06-30",
        "symbol": "VIAB",
        "reportedCurrency": "USD",
        "cik": "0001339947",
        "fillingDate": "2019-08-08",
        "acceptedDate": "2019-08-08 10:23:46",
        "calendarYear": "2019",
        "period": "Q2",
        "revenue": 3357000000,
        "costOfRevenue": 1717000000,
        "grossProfit": 1640000000,
        "grossProfitRatio": 0.4885314269,
        "researchAndDevelopmentExpenses": 0,
        "generalAndAdministrativeExpenses": 828000000,
        "sellingAndMarketingExpenses": 0,
        "sellingGeneralAndAdministrativeExpenses": 828000000,
        "otherExpenses": 0,
        "operatingExpenses": 828000000,
        "costAndExpenses": 2600000000,
        "interestIncome": 0,
        "interestExpense": 0,
        "depreciationAndAmortization": 1203000000,
        "ebitda": 1869000000,
        "ebitdaratio": 0.5567470956,
        "operatingIncome": 757000000,
        "operatingIncomeRatio": 0.2254989574,
        "totalOtherIncomeExpensesNet": -91000000,
        "incomeBeforeTax": 666000000,
        "incomeBeforeTaxRatio": 0.1983914209,
        "incomeTaxExpense": 122000000,
        "netIncome": 544000000,
        "netIncomeRatio": 0.1620494489,
        "eps": 1.35,
        "epsdiluted": 1.35,
        "weightedAverageShsOut": 403300000,
        "weightedAverageShsOutDil": 403700000,
        "link": "https://www.sec.gov/Archives/edgar/data/1339947/000133994719000031/0001339947-19-000031-index.htm",
        "finalLink": "https://www.sec.gov/Archives/edgar/data/1339947/000133994719000031/via-20190630x10q.htm"
    },
    {
        "date": "2019-03-31",
        "symbol": "VIAB",
        "reportedCurrency": "USD",
        "cik": "0001339947",
        "fillingDate": "2019-05-10",
        "acceptedDate": "2019-05-10 09:52:57",
        "calendarYear": "2019",
        "period": "Q1",
        "revenue": 2958000000,
        "costOfRevenue": 1524000000,
        "grossProfit": 1434000000,
        "grossProfitRatio": 0.4847870183,
        "researchAndDevelopmentExpenses": 0,
        "generalAndAdministrativeExpenses": 743000000,
        "sellingAndMarketingExpenses": 24000000,
        "sellingGeneralAndAdministrativeExpenses": 767000000,
        "otherExpenses": 0,
        "operatingExpenses": 767000000,
        "costAndExpenses": 2385000000,
        "interestIncome": 0,
        "interestExpense": 0,
        "depreciationAndAmortization": 1058000000,
        "ebitda": 1554000000,
        "ebitdaratio": 0.5253549696,
        "operatingIncome": 573000000,
        "operatingIncomeRatio": 0.1937119675,
        "totalOtherIncomeExpensesNet": -85000000,
        "incomeBeforeTax": 488000000,
        "incomeBeforeTaxRatio": 0.1649763354,
        "incomeTaxExpense": 120000000,
        "netIncome": 376000000,
        "netIncomeRatio": 0.1271129141,
        "eps": 0.93,
        "epsdiluted": 0.93,
        "weightedAverageShsOut": 403200000,
        "weightedAverageShsOutDil": 403600000,
        "link": "https://www.sec.gov/Archives/edgar/data/1339947/000133994719000027/0001339947-19-000027-index.htm",
        "finalLink": "https://www.sec.gov/Archives/edgar/data/1339947/000133994719000027/via-20190331x10q.htm"
    },
    {
        "date": "2018-12-31",
        "symbol": "VIAB",
        "reportedCurrency": "USD",
        "cik": "0001339947",
        "fillingDate": "2019-02-05",
        "acceptedDate": "2019-02-05 11:17:21",
        "calendarYear": "2018",
        "period": "Q4",
        "revenue": 3090000000,
        "costOfRevenue": 1683000000,
        "grossProfit": 1407000000,
        "grossProfitRatio": 0.4553398058,
        "researchAndDevelopmentExpenses": 0,
        "generalAndAdministrativeExpenses": 684000000,
        "sellingAndMarketingExpenses": 71000000,
        "sellingGeneralAndAdministrativeExpenses": 755000000,
        "otherExpenses": 0,
        "operatingExpenses": 755000000,
        "costAndExpenses": 2488000000,
        "interestIncome": 0,
        "interestExpense": 0,
        "depreciationAndAmortization": 1132000000,
        "ebitda": 1563000000,
        "ebitdaratio": 0.5058252427,
        "operatingIncome": 602000000,
        "operatingIncomeRatio": 0.1948220065,
        "totalOtherIncomeExpensesNet": -161000000,
        "incomeBeforeTax": 441000000,
        "incomeBeforeTaxRatio": 0.1427184466,
        "incomeTaxExpense": 110000000,
        "netIncome": 321000000,
        "netIncomeRatio": 0.1038834951,
        "eps": 0.8,
        "epsdiluted": 0.8,
        "weightedAverageShsOut": 403100000,
        "weightedAverageShsOutDil": 403500000,
        "link": "https://www.sec.gov/Archives/edgar/data/1339947/000133994719000013/0001339947-19-000013-index.htm",
        "finalLink": "https://www.sec.gov/Archives/edgar/data/1339947/000133994719000013/via-20181231x10q.htm"
    },
    {
        "date": "2018-09-30",
        "symbol": "VIAB",
        "reportedCurrency": "USD",
        "cik": "0001339947",
        "fillingDate": "2018-11-16",
        "acceptedDate": "2018-11-16 10:12:18",
        "calendarYear": "2018",
        "period": "Q3",
        "revenue": 3485000000,
        "costOfRevenue": 1954000000,
        "grossProfit": 1531000000,
        "grossProfitRatio": 0.4393113343,
        "researchAndDevelopmentExpenses": 0,
        "generalAndAdministrativeExpenses": 807000000,
        "sellingAndMarketingExpenses": 25000000,
        "sellingGeneralAndAdministrativeExpenses": 832000000,
        "otherExpenses": 0,
        "operatingExpenses": 832000000,
        "costAndExpenses": 2840000000,
        "interestIncome": 0,
        "interestExpense": 0,
        "depreciationAndAmortization": 1437000000,
        "ebitda": 1942000000,
        "ebitdaratio": 0.5572453372,
        "operatingIncome": 645000000,
        "operatingIncomeRatio": 0.1850789096,
        "totalOtherIncomeExpensesNet": -135000000,
        "incomeBeforeTax": 510000000,
        "incomeBeforeTaxRatio": 0.1463414634,
        "incomeTaxExpense": 111000000,
        "netIncome": 394000000,
        "netIncomeRatio": 0.1130559541,
        "eps": 0.98,
        "epsdiluted": 0.98,
        "weightedAverageShsOut": 402700000,
        "weightedAverageShsOutDil": 403000000,
        "link": "https://www.sec.gov/Archives/edgar/data/1339947/000133994718000046/0001339947-18-000046-index.htm",
        "finalLink": "https://www.sec.gov/Archives/edgar/data/1339947/000133994718000046/via2018093010k.htm"
    },
    {
        "date": "2018-06-30",
        "symbol": "VIAB",
        "reportedCurrency": "USD",
        "cik": "0001339947",
        "fillingDate": "2018-08-09",
        "acceptedDate": "2018-08-09 10:29:27",
        "calendarYear": "2018",
        "period": "Q2",
        "revenue": 3237000000,
        "costOfRevenue": 1681000000,
        "grossProfit": 1556000000,
        "grossProfitRatio": 0.4806919988,
        "researchAndDevelopmentExpenses": 0,
        "generalAndAdministrativeExpenses": 738000000,
        "sellingAndMarketingExpenses": 15000000,
        "sellingGeneralAndAdministrativeExpenses": 753000000,
        "otherExpenses": 0,
        "operatingExpenses": 753000000,
        "costAndExpenses": 2485000000,
        "interestIncome": 0,
        "interestExpense": 0,
        "depreciationAndAmortization": 1208000000,
        "ebitda": 1823000000,
        "ebitdaratio": 0.56317578,
        "operatingIncome": 752000000,
        "operatingIncomeRatio": 0.2323138709,
        "totalOtherIncomeExpensesNet": -145000000,
        "incomeBeforeTax": 607000000,
        "incomeBeforeTaxRatio": 0.187519308,
        "incomeTaxExpense": 93000000,
        "netIncome": 522000000,
        "netIncomeRatio": 0.1612604263,
        "eps": 1.3,
        "epsdiluted": 1.3,
        "weightedAverageShsOut": 402600000,
        "weightedAverageShsOutDil": 402900000,
        "link": "https://www.sec.gov/Archives/edgar/data/1339947/000133994718000033/0001339947-18-000033-index.htm",
        "finalLink": "https://www.sec.gov/Archives/edgar/data/1339947/000133994718000033/via-20180630x10q.htm"
    },
    {
        "date": "2018-03-31",
        "symbol": "VIAB",
        "reportedCurrency": "USD",
        "cik": "0001339947",
        "fillingDate": "2018-04-25",
        "acceptedDate": "2018-04-25 11:27:45",
        "calendarYear": "2018",
        "period": "Q1",
        "revenue": 3148000000,
        "costOfRevenue": 1681000000,
        "grossProfit": 1467000000,
        "grossProfitRatio": 0.4660101652,
        "researchAndDevelopmentExpenses": 0,
        "generalAndAdministrativeExpenses": 771000000,
        "sellingAndMarketingExpenses": 185000000,
        "sellingGeneralAndAdministrativeExpenses": 956000000,
        "otherExpenses": 0,
        "operatingExpenses": 956000000,
        "costAndExpenses": 2692000000,
        "interestIncome": 0,
        "interestExpense": 0,
        "depreciationAndAmortization": 1253000000,
        "ebitda": 1542000000,
        "ebitdaratio": 0.4898348158,
        "operatingIncome": 456000000,
        "operatingIncomeRatio": 0.1448538755,
        "totalOtherIncomeExpensesNet": -169000000,
        "incomeBeforeTax": 287000000,
        "incomeBeforeTaxRatio": 0.0911689962,
        "incomeTaxExpense": 23000000,
        "netIncome": 266000000,
        "netIncomeRatio": 0.084498094,
        "eps": 0.66,
        "epsdiluted": 0.66,
        "weightedAverageShsOut": 402500000,
        "weightedAverageShsOutDil": 402700000,
        "link": "https://www.sec.gov/Archives/edgar/data/1339947/000133994718000020/0001339947-18-000020-index.htm",
        "finalLink": "https://www.sec.gov/Archives/edgar/data/1339947/000133994718000020/via-20180331x10q.htm"
    },
    {
        "date": "2017-12-31",
        "symbol": "VIAB",
        "reportedCurrency": "USD",
        "cik": "0001339947",
        "fillingDate": "2018-02-08",
        "acceptedDate": "2018-02-08 10:43:01",
        "calendarYear": "2017",
        "period": "Q4",
        "revenue": 3073000000,
        "costOfRevenue": 1563000000,
        "grossProfit": 1510000000,
        "grossProfitRatio": 0.491376505,
        "researchAndDevelopmentExpenses": 0,
        "generalAndAdministrativeExpenses": 740000000,
        "sellingAndMarketingExpenses": 0,
        "sellingGeneralAndAdministrativeExpenses": 740000000,
        "otherExpenses": 0,
        "operatingExpenses": 740000000,
        "costAndExpenses": 2356000000,
        "interestIncome": 0,
        "interestExpense": 0,
        "depreciationAndAmortization": 1100000000,
        "ebitda": 1679000000,
        "ebitdaratio": 0.5463716238,
        "operatingIncome": 717000000,
        "operatingIncomeRatio": 0.2333224862,
        "totalOtherIncomeExpensesNet": -124000000,
        "incomeBeforeTax": 593000000,
        "incomeBeforeTaxRatio": 0.1929710381,
        "incomeTaxExpense": 42000000,
        "netIncome": 537000000,
        "netIncomeRatio": 0.1747478034,
        "eps": 1.33,
        "epsdiluted": 1.33,
        "weightedAverageShsOut": 402500000,
        "weightedAverageShsOutDil": 402600000,
        "link": "https://www.sec.gov/Archives/edgar/data/1339947/000133994718000009/0001339947-18-000009-index.htm",
        "finalLink": "https://www.sec.gov/Archives/edgar/data/1339947/000133994718000009/via-20171231x10q.htm"
    },
    {
        "date": "2017-09-30",
        "symbol": "VIAB",
        "reportedCurrency": "USD",
        "cik": "0001339947",
        "fillingDate": "2017-11-16",
        "acceptedDate": "2017-11-16 11:18:16",
        "calendarYear": "2017",
        "period": "Q3",
        "revenue": 3319000000,
        "costOfRevenue": 1885000000,
        "grossProfit": 1434000000,
        "grossProfitRatio": 0.4320578487,
        "researchAndDevelopmentExpenses": 0,
        "generalAndAdministrativeExpenses": 800000000,
        "sellingAndMarketingExpenses": 0,
        "sellingGeneralAndAdministrativeExpenses": 800000000,
        "otherExpenses": 0,
        "operatingExpenses": 800000000,
        "costAndExpenses": 2741000000,
        "interestIncome": 0,
        "interestExpense": 0,
        "depreciationAndAmortization": 1320000000,
        "ebitda": 2118000000,
        "ebitdaratio": 0.6381440193,
        "operatingIncome": 705000000,
        "operatingIncomeRatio": 0.2124133775,
        "totalOtherIncomeExpensesNet": -134000000,
        "incomeBeforeTax": 571000000,
        "incomeBeforeTaxRatio": 0.172039771,
        "incomeTaxExpense": 124000000,
        "netIncome": 674000000,
        "netIncomeRatio": 0.2030732148,
        "eps": 1.69,
        "epsdiluted": 1.68,
        "weightedAverageShsOut": 399900000,
        "weightedAverageShsOutDil": 400600000,
        "link": "https://www.sec.gov/Archives/edgar/data/1339947/000133994717000049/0001339947-17-000049-index.htm",
        "finalLink": "https://www.sec.gov/Archives/edgar/data/1339947/000133994717000049/via2017093010k.htm"
    },
    {
        "date": "2017-06-30",
        "symbol": "VIAB",
        "reportedCurrency": "USD",
        "cik": "0001339947",
        "fillingDate": "2017-08-03",
        "acceptedDate": "2017-08-03 17:13:31",
        "calendarYear": "2017",
        "period": "Q2",
        "revenue": 3364000000,
        "costOfRevenue": 1788000000,
        "grossProfit": 1576000000,
        "grossProfitRatio": 0.468489893,
        "researchAndDevelopmentExpenses": 0,
        "generalAndAdministrativeExpenses": 756000000,
        "sellingAndMarketingExpenses": 21000000,
        "sellingGeneralAndAdministrativeExpenses": 777000000,
        "otherExpenses": 0,
        "operatingExpenses": 777000000,
        "costAndExpenses": 2618000000,
        "interestIncome": 0,
        "interestExpense": 0,
        "depreciationAndAmortization": 1216000000,
        "ebitda": 2132000000,
        "ebitdaratio": 0.6337693222,
        "operatingIncome": 746000000,
        "operatingIncomeRatio": 0.2217598098,
        "totalOtherIncomeExpensesNet": 175000000,
        "incomeBeforeTax": 921000000,
        "incomeBeforeTaxRatio": 0.2737812128,
        "incomeTaxExpense": 233000000,
        "netIncome": 683000000,
        "netIncomeRatio": 0.2030321046,
        "eps": 1.71,
        "epsdiluted": 1.71,
        "weightedAverageShsOut": 399100000,
        "weightedAverageShsOutDil": 400000000,
        "link": "https://www.sec.gov/Archives/edgar/data/1339947/000133994717000038/0001339947-17-000038-index.htm",
        "finalLink": "https://www.sec.gov/Archives/edgar/data/1339947/000133994717000038/via-20170630x10q.htm"
    },
    {
        "date": "2017-03-31",
        "symbol": "VIAB",
        "reportedCurrency": "USD",
        "cik": "0001339947",
        "fillingDate": "2017-05-04",
        "acceptedDate": "2017-05-04 12:02:47",
        "calendarYear": "2017",
        "period": "Q1",
        "revenue": 3256000000,
        "costOfRevenue": 1944000000,
        "grossProfit": 1312000000,
        "grossProfitRatio": 0.4029484029,
        "researchAndDevelopmentExpenses": 0,
        "generalAndAdministrativeExpenses": 748000000,
        "sellingAndMarketingExpenses": 174000000,
        "sellingGeneralAndAdministrativeExpenses": 922000000,
        "otherExpenses": 0,
        "operatingExpenses": 922000000,
        "costAndExpenses": 2924000000,
        "interestIncome": 0,
        "interestExpense": 0,
        "depreciationAndAmortization": 1281000000,
        "ebitda": 1428000000,
        "ebitdaratio": 0.4385749386,
        "operatingIncome": 332000000,
        "operatingIncomeRatio": 0.101965602,
        "totalOtherIncomeExpensesNet": -178000000,
        "incomeBeforeTax": 154000000,
        "incomeBeforeTaxRatio": 0.0472972973,
        "incomeTaxExpense": 26000000,
        "netIncome": 121000000,
        "netIncomeRatio": 0.0371621622,
        "eps": 0.3,
        "epsdiluted": 0.3,
        "weightedAverageShsOut": 397600000,
        "weightedAverageShsOutDil": 398700000,
        "link": "https://www.sec.gov/Archives/edgar/data/1339947/000133994717000025/0001339947-17-000025-index.htm",
        "finalLink": "https://www.sec.gov/Archives/edgar/data/1339947/000133994717000025/via-20170331x10q.htm"
    },
    {
        "date": "2016-12-31",
        "symbol": "VIAB",
        "reportedCurrency": "USD",
        "cik": "0001339947",
        "fillingDate": "2017-02-09",
        "acceptedDate": "2017-02-09 11:02:49",
        "calendarYear": "2016",
        "period": "Q4",
        "revenue": 3324000000,
        "costOfRevenue": 1819000000,
        "grossProfit": 1505000000,
        "grossProfitRatio": 0.4527677497,
        "researchAndDevelopmentExpenses": 0,
        "generalAndAdministrativeExpenses": 701000000,
        "sellingAndMarketingExpenses": 42000000,
        "sellingGeneralAndAdministrativeExpenses": 743000000,
        "otherExpenses": 0,
        "operatingExpenses": 743000000,
        "costAndExpenses": 2618000000,
        "interestIncome": 0,
        "interestExpense": 0,
        "depreciationAndAmortization": 1145000000,
        "ebitda": 1699000000,
        "ebitdaratio": 0.5111311673,
        "operatingIncome": 706000000,
        "operatingIncomeRatio": 0.2123947052,
        "totalOtherIncomeExpensesNet": -140000000,
        "incomeBeforeTax": 566000000,
        "incomeBeforeTaxRatio": 0.170276775,
        "incomeTaxExpense": 158000000,
        "netIncome": 396000000,
        "netIncomeRatio": 0.119133574,
        "eps": 1,
        "epsdiluted": 1,
        "weightedAverageShsOut": 397000000,
        "weightedAverageShsOutDil": 397900000,
        "link": "https://www.sec.gov/Archives/edgar/data/1339947/000133994717000009/0001339947-17-000009-index.htm",
        "finalLink": "https://www.sec.gov/Archives/edgar/data/1339947/000133994717000009/via-20161231x10q.htm"
    },
    {
        "date": "2016-09-30",
        "symbol": "VIAB",
        "reportedCurrency": "USD",
        "cik": "0001339947",
        "fillingDate": "2016-11-09",
        "acceptedDate": "2016-11-09 10:37:51",
        "calendarYear": "2016",
        "period": "Q3",
        "revenue": 3226000000,
        "costOfRevenue": 1862000000,
        "grossProfit": 1364000000,
        "grossProfitRatio": 0.4228146311,
        "researchAndDevelopmentExpenses": 0,
        "generalAndAdministrativeExpenses": 771000000,
        "sellingAndMarketingExpenses": 206000000,
        "sellingGeneralAndAdministrativeExpenses": 977000000,
        "otherExpenses": 0,
        "operatingExpenses": 977000000,
        "costAndExpenses": 2894000000,
        "interestIncome": 0,
        "interestExpense": 0,
        "depreciationAndAmortization": 1370000000,
        "ebitda": 1707000000,
        "ebitdaratio": 0.5291382517,
        "operatingIncome": 332000000,
        "operatingIncomeRatio": 0.1029138252,
        "totalOtherIncomeExpensesNet": -154000000,
        "incomeBeforeTax": 178000000,
        "incomeBeforeTaxRatio": 0.0551766894,
        "incomeTaxExpense": 83000000,
        "netIncome": 254000000,
        "netIncomeRatio": 0.0787352759,
        "eps": 0.64,
        "epsdiluted": 0.64,
        "weightedAverageShsOut": 396500000,
        "weightedAverageShsOutDil": 398000000,
        "link": "https://www.sec.gov/Archives/edgar/data/1339947/000133994716000110/0001339947-16-000110-index.htm",
        "finalLink": "https://www.sec.gov/Archives/edgar/data/1339947/000133994716000110/via2016093010k.htm"
    },
    {
        "date": "2016-06-30",
        "symbol": "VIAB",
        "reportedCurrency": "USD",
        "cik": "0001339947",
        "fillingDate": "2016-08-04",
        "acceptedDate": "2016-08-04 10:56:47",
        "calendarYear": "2016",
        "period": "Q2",
        "revenue": 3107000000,
        "costOfRevenue": 1575000000,
        "grossProfit": 1532000000,
        "grossProfitRatio": 0.4930801416,
        "researchAndDevelopmentExpenses": 0,
        "generalAndAdministrativeExpenses": 708000000,
        "sellingAndMarketingExpenses": 0,
        "sellingGeneralAndAdministrativeExpenses": 708000000,
        "otherExpenses": 0,
        "operatingExpenses": 708000000,
        "costAndExpenses": 2338000000,
        "interestIncome": 0,
        "interestExpense": 0,
        "depreciationAndAmortization": 1202000000,
        "ebitda": 1829000000,
        "ebitdaratio": 0.5886707435,
        "operatingIncome": 769000000,
        "operatingIncomeRatio": 0.2475056324,
        "totalOtherIncomeExpensesNet": -134000000,
        "incomeBeforeTax": 635000000,
        "incomeBeforeTaxRatio": 0.2043772127,
        "incomeTaxExpense": 195000000,
        "netIncome": 432000000,
        "netIncomeRatio": 0.1390408754,
        "eps": 1.09,
        "epsdiluted": 1.09,
        "weightedAverageShsOut": 396400000,
        "weightedAverageShsOutDil": 397900000,
        "link": "https://www.sec.gov/Archives/edgar/data/1339947/000133994716000099/0001339947-16-000099-index.htm",
        "finalLink": "https://www.sec.gov/Archives/edgar/data/1339947/000133994716000099/via-20160630x10q.htm"
    },
    {
        "date": "2016-03-31",
        "symbol": "VIAB",
        "reportedCurrency": "USD",
        "cik": "0001339947",
        "fillingDate": "2016-04-28",
        "acceptedDate": "2016-04-28 10:12:53",
        "calendarYear": "2016",
        "period": "Q1",
        "revenue": 3001000000,
        "costOfRevenue": 1654000000,
        "grossProfit": 1347000000,
        "grossProfitRatio": 0.4488503832,
        "researchAndDevelopmentExpenses": 0,
        "generalAndAdministrativeExpenses": 705000000,
        "sellingAndMarketingExpenses": 0,
        "sellingGeneralAndAdministrativeExpenses": 705000000,
        "otherExpenses": 0,
        "operatingExpenses": 705000000,
        "costAndExpenses": 2415000000,
        "interestIncome": 0,
        "interestExpense": 0,
        "depreciationAndAmortization": 1134000000,
        "ebitda": 1588000000,
        "ebitdaratio": 0.5291569477,
        "operatingIncome": 586000000,
        "operatingIncomeRatio": 0.1952682439,
        "totalOtherIncomeExpensesNet": -126000000,
        "incomeBeforeTax": 460000000,
        "incomeBeforeTaxRatio": 0.1532822393,
        "incomeTaxExpense": 151000000,
        "netIncome": 303000000,
        "netIncomeRatio": 0.1009663446,
        "eps": 0.76,
        "epsdiluted": 0.76,
        "weightedAverageShsOut": 396400000,
        "weightedAverageShsOutDil": 397900000,
        "link": "https://www.sec.gov/Archives/edgar/data/1339947/000133994716000070/0001339947-16-000070-index.htm",
        "finalLink": "https://www.sec.gov/Archives/edgar/data/1339947/000133994716000070/via-20160331x10q.htm"
    },
    {
        "date": "2015-12-31",
        "symbol": "VIAB",
        "reportedCurrency": "USD",
        "cik": "0001339947",
        "fillingDate": "2016-02-09",
        "acceptedDate": "2016-02-09 10:11:36",
        "calendarYear": "2015",
        "period": "Q4",
        "revenue": 3154000000,
        "costOfRevenue": 1593000000,
        "grossProfit": 1561000000,
        "grossProfitRatio": 0.4949270767,
        "researchAndDevelopmentExpenses": 0,
        "generalAndAdministrativeExpenses": 667000000,
        "sellingAndMarketingExpenses": 0,
        "sellingGeneralAndAdministrativeExpenses": 667000000,
        "otherExpenses": 0,
        "operatingExpenses": 667000000,
        "costAndExpenses": 2315000000,
        "interestIncome": 0,
        "interestExpense": 0,
        "depreciationAndAmortization": 1083000000,
        "ebitda": 1788000000,
        "ebitdaratio": 0.5668991756,
        "operatingIncome": 839000000,
        "operatingIncomeRatio": 0.2660114141,
        "totalOtherIncomeExpensesNet": -122000000,
        "incomeBeforeTax": 717000000,
        "incomeBeforeTaxRatio": 0.2273303741,
        "incomeTaxExpense": 256000000,
        "netIncome": 449000000,
        "netIncomeRatio": 0.1423589093,
        "eps": 1.13,
        "epsdiluted": 1.13,
        "weightedAverageShsOut": 396600000,
        "weightedAverageShsOutDil": 398400000,
        "link": "https://www.sec.gov/Archives/edgar/data/1339947/000133994716000055/0001339947-16-000055-index.htm",
        "finalLink": "https://www.sec.gov/Archives/edgar/data/1339947/000133994716000055/via-20151231x10q.htm"
    },
    {
        "date": "2015-09-30",
        "symbol": "VIAB",
        "reportedCurrency": "USD",
        "cik": "0001339947",
        "fillingDate": "2015-11-12",
        "acceptedDate": "2015-11-12 10:05:56",
        "calendarYear": "2015",
        "period": "Q3",
        "revenue": 3788000000,
        "costOfRevenue": 1937000000,
        "grossProfit": 1851000000,
        "grossProfitRatio": 0.4886483633,
        "researchAndDevelopmentExpenses": 0,
        "generalAndAdministrativeExpenses": 742000000,
        "sellingAndMarketingExpenses": 0,
        "sellingGeneralAndAdministrativeExpenses": 742000000,
        "otherExpenses": 0,
        "operatingExpenses": 742000000,
        "costAndExpenses": 2733000000,
        "interestIncome": 0,
        "interestExpense": 0,
        "depreciationAndAmortization": 1504000000,
        "ebitda": 2415000000,
        "ebitdaratio": 0.6375395987,
        "operatingIncome": 1055000000,
        "operatingIncomeRatio": 0.2785110876,
        "totalOtherIncomeExpensesNet": -190000000,
        "incomeBeforeTax": 865000000,
        "incomeBeforeTaxRatio": 0.2283526927,
        "incomeTaxExpense": 27000000,
        "netIncome": 884000000,
        "netIncomeRatio": 0.2333685322,
        "eps": 2.2,
        "epsdiluted": 2.18,
        "weightedAverageShsOut": 402200000,
        "weightedAverageShsOutDil": 406000000,
        "link": "https://www.sec.gov/Archives/edgar/data/1339947/000133994715000042/0001339947-15-000042-index.htm",
        "finalLink": "https://www.sec.gov/Archives/edgar/data/1339947/000133994715000042/via2015093010k.htm"
    },
    {
        "date": "2015-06-30",
        "symbol": "VIAB",
        "reportedCurrency": "USD",
        "cik": "0001339947",
        "fillingDate": "2015-08-06",
        "acceptedDate": "2015-08-06 10:28:10",
        "calendarYear": "2015",
        "period": "Q2",
        "revenue": 3058000000,
        "costOfRevenue": 1252000000,
        "grossProfit": 1806000000,
        "grossProfitRatio": 0.5905820798,
        "researchAndDevelopmentExpenses": 0,
        "generalAndAdministrativeExpenses": 666000000,
        "sellingAndMarketingExpenses": 0,
        "sellingGeneralAndAdministrativeExpenses": 666000000,
        "otherExpenses": 0,
        "operatingExpenses": 666000000,
        "costAndExpenses": 1974000000,
        "interestIncome": 0,
        "interestExpense": 0,
        "depreciationAndAmortization": 950000000,
        "ebitda": 1842000000,
        "ebitdaratio": 0.6023544801,
        "operatingIncome": 1084000000,
        "operatingIncomeRatio": 0.3544800523,
        "totalOtherIncomeExpensesNet": -138000000,
        "incomeBeforeTax": 946000000,
        "incomeBeforeTaxRatio": 0.309352518,
        "incomeTaxExpense": 301000000,
        "netIncome": 591000000,
        "netIncomeRatio": 0.193263571,
        "eps": 1.46,
        "epsdiluted": 1.45,
        "weightedAverageShsOut": 403600000,
        "weightedAverageShsOutDil": 408000000,
        "link": "https://www.sec.gov/Archives/edgar/data/1339947/000133994715000034/0001339947-15-000034-index.htm",
        "finalLink": "https://www.sec.gov/Archives/edgar/data/1339947/000133994715000034/via-20150630x10q.htm"
    },
    {
        "date": "2015-03-31",
        "symbol": "VIAB",
        "reportedCurrency": "USD",
        "cik": "0001339947",
        "fillingDate": "2015-04-30",
        "acceptedDate": "2015-04-30 09:53:36",
        "calendarYear": "2015",
        "period": "Q1",
        "revenue": 3078000000,
        "costOfRevenue": 2056000000,
        "grossProfit": 1022000000,
        "grossProfitRatio": 0.3320337882,
        "researchAndDevelopmentExpenses": 0,
        "generalAndAdministrativeExpenses": 721000000,
        "sellingAndMarketingExpenses": 206000000,
        "sellingGeneralAndAdministrativeExpenses": 927000000,
        "otherExpenses": 0,
        "operatingExpenses": 927000000,
        "costAndExpenses": 3040000000,
        "interestIncome": 0,
        "interestExpense": 0,
        "depreciationAndAmortization": 1611000000,
        "ebitda": 1513000000,
        "ebitdaratio": 0.4915529565,
        "operatingIncome": 38000000,
        "operatingIncomeRatio": 0.012345679,
        "totalOtherIncomeExpensesNet": -136000000,
        "incomeBeforeTax": -98000000,
        "incomeBeforeTaxRatio": -0.0318388564,
        "incomeTaxExpense": 50000000,
        "netIncome": -148000000,
        "netIncomeRatio": -0.0480831709,
        "eps": -0.36,
        "epsdiluted": -0.36,
        "weightedAverageShsOut": 406600000,
        "weightedAverageShsOutDil": 411400000,
        "link": "https://www.sec.gov/Archives/edgar/data/1339947/000133994715000024/0001339947-15-000024-index.htm",
        "finalLink": "https://www.sec.gov/Archives/edgar/data/1339947/000133994715000024/via-20150331x10q.htm"
    },
    {
        "date": "2014-12-31",
        "symbol": "VIAB",
        "reportedCurrency": "USD",
        "cik": "0001339947",
        "fillingDate": "2015-01-29",
        "acceptedDate": "2015-01-29 15:43:19",
        "calendarYear": "2014",
        "period": "Q4",
        "revenue": 3344000000,
        "costOfRevenue": 1623000000,
        "grossProfit": 1721000000,
        "grossProfitRatio": 0.51465311,
        "researchAndDevelopmentExpenses": 0,
        "generalAndAdministrativeExpenses": 731000000,
        "sellingAndMarketingExpenses": 0,
        "sellingGeneralAndAdministrativeExpenses": 731000000,
        "otherExpenses": 0,
        "operatingExpenses": 731000000,
        "costAndExpenses": 2409000000,
        "interestIncome": 0,
        "interestExpense": 0,
        "depreciationAndAmortization": 1082000000,
        "ebitda": 1859000000,
        "ebitdaratio": 0.5559210526,
        "operatingIncome": 935000000,
        "operatingIncomeRatio": 0.2796052632,
        "totalOtherIncomeExpensesNet": -145000000,
        "incomeBeforeTax": 790000000,
        "incomeBeforeTaxRatio": 0.2362440191,
        "incomeTaxExpense": 277000000,
        "netIncome": 500000000,
        "netIncomeRatio": 0.1495215311,
        "eps": 1.22,
        "epsdiluted": 1.2,
        "weightedAverageShsOut": 410600000,
        "weightedAverageShsOutDil": 416100000,
        "link": "https://www.sec.gov/Archives/edgar/data/1339947/000133994715000009/0001339947-15-000009-index.htm",
        "finalLink": "https://www.sec.gov/Archives/edgar/data/1339947/000133994715000009/via-20141231x10q.htm"
    },
    {
        "date": "2014-09-30",
        "symbol": "VIAB",
        "reportedCurrency": "USD",
        "cik": "0001339947",
        "fillingDate": "2014-11-13",
        "acceptedDate": "2014-11-13 09:57:09",
        "calendarYear": "2014",
        "period": "Q3",
        "revenue": 3991000000,
        "costOfRevenue": 1965000000,
        "grossProfit": 2026000000,
        "grossProfitRatio": 0.5076421949,
        "researchAndDevelopmentExpenses": 0,
        "generalAndAdministrativeExpenses": 765000000,
        "sellingAndMarketingExpenses": 0,
        "sellingGeneralAndAdministrativeExpenses": 765000000,
        "otherExpenses": 0,
        "operatingExpenses": 765000000,
        "costAndExpenses": 2827000000,
        "interestIncome": 0,
        "interestExpense": 0,
        "depreciationAndAmortization": 1376000000,
        "ebitda": 2374000000,
        "ebitdaratio": 0.5948383864,
        "operatingIncome": 1164000000,
        "operatingIncomeRatio": 0.2916562265,
        "totalOtherIncomeExpensesNet": -156000000,
        "incomeBeforeTax": 1008000000,
        "incomeBeforeTaxRatio": 0.2525682786,
        "incomeTaxExpense": 266000000,
        "netIncome": 732000000,
        "netIncomeRatio": 0.1834126785,
        "eps": 1.69,
        "epsdiluted": 1.66,
        "weightedAverageShsOut": 432100000,
        "weightedAverageShsOutDil": 440200000,
        "link": "https://www.sec.gov/Archives/edgar/data/1339947/000133994714000050/0001339947-14-000050-index.htm",
        "finalLink": "https://www.sec.gov/Archives/edgar/data/1339947/000133994714000050/via2014093010k.htm"
    },
    {
        "date": "2014-06-30",
        "symbol": "VIAB",
        "reportedCurrency": "USD",
        "cik": "0001339947",
        "fillingDate": "2014-08-06",
        "acceptedDate": "2014-08-06 09:51:56",
        "calendarYear": "2014",
        "period": "Q2",
        "revenue": 3421000000,
        "costOfRevenue": 1565000000,
        "grossProfit": 1856000000,
        "grossProfitRatio": 0.5425314236,
        "researchAndDevelopmentExpenses": 0,
        "generalAndAdministrativeExpenses": 718000000,
        "sellingAndMarketingExpenses": 0,
        "sellingGeneralAndAdministrativeExpenses": 718000000,
        "otherExpenses": 0,
        "operatingExpenses": 718000000,
        "costAndExpenses": 2335000000,
        "interestIncome": 0,
        "interestExpense": 0,
        "depreciationAndAmortization": 1074000000,
        "ebitda": 1972000000,
        "ebitdaratio": 0.5764396375,
        "operatingIncome": 1086000000,
        "operatingIncomeRatio": 0.3174510377,
        "totalOtherIncomeExpensesNet": -144000000,
        "incomeBeforeTax": 942000000,
        "incomeBeforeTaxRatio": 0.2753580824,
        "incomeTaxExpense": 288000000,
        "netIncome": 610000000,
        "netIncomeRatio": 0.1783104355,
        "eps": 1.4,
        "epsdiluted": 1.37,
        "weightedAverageShsOut": 436400000,
        "weightedAverageShsOutDil": 444800000,
        "link": "https://www.sec.gov/Archives/edgar/data/1339947/000133994714000042/0001339947-14-000042-index.htm",
        "finalLink": "https://www.sec.gov/Archives/edgar/data/1339947/000133994714000042/via-20140630x10q.htm"
    },
    {
        "date": "2014-03-31",
        "symbol": "VIAB",
        "reportedCurrency": "USD",
        "cik": "0001339947",
        "fillingDate": "2014-05-01",
        "acceptedDate": "2014-05-01 11:11:57",
        "calendarYear": "2014",
        "period": "Q1",
        "revenue": 3174000000,
        "costOfRevenue": 1538000000,
        "grossProfit": 1636000000,
        "grossProfitRatio": 0.5154379332,
        "researchAndDevelopmentExpenses": 0,
        "generalAndAdministrativeExpenses": 712000000,
        "sellingAndMarketingExpenses": 0,
        "sellingGeneralAndAdministrativeExpenses": 712000000,
        "otherExpenses": 0,
        "operatingExpenses": 712000000,
        "costAndExpenses": 2302000000,
        "interestIncome": 0,
        "interestExpense": 0,
        "depreciationAndAmortization": 1007000000,
        "ebitda": 1725000000,
        "ebitdaratio": 0.5434782609,
        "operatingIncome": 872000000,
        "operatingIncomeRatio": 0.2747321991,
        "totalOtherIncomeExpensesNet": -145000000,
        "incomeBeforeTax": 727000000,
        "incomeBeforeTaxRatio": 0.2290485192,
        "incomeTaxExpense": 216000000,
        "netIncome": 502000000,
        "netIncomeRatio": 0.1581600504,
        "eps": 1.14,
        "epsdiluted": 1.12,
        "weightedAverageShsOut": 440500000,
        "weightedAverageShsOutDil": 449300000,
        "link": "https://www.sec.gov/Archives/edgar/data/1339947/000133994714000033/0001339947-14-000033-index.htm",
        "finalLink": "https://www.sec.gov/Archives/edgar/data/1339947/000133994714000033/via-20140331x10q.htm"
    },
    {
        "date": "2013-12-31",
        "symbol": "VIAB",
        "reportedCurrency": "USD",
        "cik": "0001339947",
        "fillingDate": "2014-01-30",
        "acceptedDate": "2014-01-30 10:31:12",
        "calendarYear": "2013",
        "period": "Q4",
        "revenue": 3197000000,
        "costOfRevenue": 1474000000,
        "grossProfit": 1723000000,
        "grossProfitRatio": 0.5389427588,
        "researchAndDevelopmentExpenses": 0,
        "generalAndAdministrativeExpenses": 704000000,
        "sellingAndMarketingExpenses": 0,
        "sellingGeneralAndAdministrativeExpenses": 704000000,
        "otherExpenses": 0,
        "operatingExpenses": 704000000,
        "costAndExpenses": 2237000000,
        "interestIncome": 0,
        "interestExpense": 0,
        "depreciationAndAmortization": 966000000,
        "ebitda": 1793000000,
        "ebitdaratio": 0.5608382859,
        "operatingIncome": 960000000,
        "operatingIncomeRatio": 0.3002815139,
        "totalOtherIncomeExpensesNet": -123000000,
        "incomeBeforeTax": 837000000,
        "incomeBeforeTaxRatio": 0.2618079449,
        "incomeTaxExpense": 280000000,
        "netIncome": 547000000,
        "netIncomeRatio": 0.1710979043,
        "eps": 1.23,
        "epsdiluted": 1.2,
        "weightedAverageShsOut": 444900000,
        "weightedAverageShsOutDil": 454000000,
        "link": "https://www.sec.gov/Archives/edgar/data/1339947/000133994714000016/0001339947-14-000016-index.htm",
        "finalLink": "https://www.sec.gov/Archives/edgar/data/1339947/000133994714000016/via-20131231x10q.htm"
    },
    {
        "date": "2013-09-30",
        "symbol": "VIAB",
        "reportedCurrency": "USD",
        "cik": "0001339947",
        "fillingDate": "2013-11-14",
        "acceptedDate": "2013-11-14 09:38:42",
        "calendarYear": "2013",
        "period": "Q3",
        "revenue": 3652000000,
        "costOfRevenue": 1652000000,
        "grossProfit": 2000000000,
        "grossProfitRatio": 0.547645126,
        "researchAndDevelopmentExpenses": 0,
        "generalAndAdministrativeExpenses": 738000000,
        "sellingAndMarketingExpenses": 0,
        "sellingGeneralAndAdministrativeExpenses": 738000000,
        "otherExpenses": 0,
        "operatingExpenses": 738000000,
        "costAndExpenses": 2545000000,
        "interestIncome": 0,
        "interestExpense": 468000000,
        "depreciationAndAmortization": 1269000000,
        "ebitda": 2808000000,
        "ebitdaratio": 0.7688937568,
        "operatingIncome": 1107000000,
        "operatingIncomeRatio": 0.3031215772,
        "totalOtherIncomeExpensesNet": -28000000,
        "incomeBeforeTax": 1079000000,
        "incomeBeforeTaxRatio": 0.2954545455,
        "incomeTaxExpense": 267000000,
        "netIncome": 804000000,
        "netIncomeRatio": 0.2201533406,
        "eps": 1.65,
        "epsdiluted": 1.62,
        "weightedAverageShsOut": 486200000,
        "weightedAverageShsOutDil": 494800000,
        "link": "https://www.sec.gov/Archives/edgar/data/1339947/000119312513441356/0001193125-13-441356-index.htm",
        "finalLink": "https://www.sec.gov/Archives/edgar/data/1339947/000119312513441356/d622822d10k.htm"
    },
    {
        "date": "2013-06-30",
        "symbol": "VIAB",
        "reportedCurrency": "USD",
        "cik": "0001339947",
        "fillingDate": "2013-08-02",
        "acceptedDate": "2013-08-02 09:43:59",
        "calendarYear": "2013",
        "period": "Q2",
        "revenue": 3693000000,
        "costOfRevenue": 1845000000,
        "grossProfit": 1848000000,
        "grossProfitRatio": 0.5004061738,
        "researchAndDevelopmentExpenses": 0,
        "generalAndAdministrativeExpenses": 705000000,
        "sellingAndMarketingExpenses": 0,
        "sellingGeneralAndAdministrativeExpenses": 705000000,
        "otherExpenses": 0,
        "operatingExpenses": 705000000,
        "costAndExpenses": 2608000000,
        "interestIncome": 0,
        "interestExpense": 0,
        "depreciationAndAmortization": 1217000000,
        "ebitda": 2169000000,
        "ebitdaratio": 0.5873273761,
        "operatingIncome": 1085000000,
        "operatingIncomeRatio": 0.2937990793,
        "totalOtherIncomeExpensesNet": -110000000,
        "incomeBeforeTax": 975000000,
        "incomeBeforeTaxRatio": 0.2640129976,
        "incomeTaxExpense": 309000000,
        "netIncome": 643000000,
        "netIncomeRatio": 0.1741131871,
        "eps": 1.31,
        "epsdiluted": 1.28,
        "weightedAverageShsOut": 492100000,
        "weightedAverageShsOutDil": 500500000,
        "link": "https://www.sec.gov/Archives/edgar/data/1339947/000119312513316354/0001193125-13-316354-index.htm",
        "finalLink": "https://www.sec.gov/Archives/edgar/data/1339947/000119312513316354/d568344d10q.htm"
    },
    {
        "date": "2013-03-31",
        "symbol": "VIAB",
        "reportedCurrency": "USD",
        "cik": "0001339947",
        "fillingDate": "2013-05-01",
        "acceptedDate": "2013-05-01 09:57:50",
        "calendarYear": "2013",
        "period": "Q1",
        "revenue": 3135000000,
        "costOfRevenue": 1539000000,
        "grossProfit": 1596000000,
        "grossProfitRatio": 0.5090909091,
        "researchAndDevelopmentExpenses": 0,
        "generalAndAdministrativeExpenses": 689000000,
        "sellingAndMarketingExpenses": 0,
        "sellingGeneralAndAdministrativeExpenses": 689000000,
        "otherExpenses": 0,
        "operatingExpenses": 689000000,
        "costAndExpenses": 2288000000,
        "interestIncome": 0,
        "interestExpense": 0,
        "depreciationAndAmortization": 1043000000,
        "ebitda": 1779000000,
        "ebitdaratio": 0.5674641148,
        "operatingIncome": 847000000,
        "operatingIncomeRatio": 0.2701754386,
        "totalOtherIncomeExpensesNet": -100000000,
        "incomeBeforeTax": 747000000,
        "incomeBeforeTaxRatio": 0.238277512,
        "incomeTaxExpense": 258000000,
        "netIncome": 478000000,
        "netIncomeRatio": 0.1524720893,
        "eps": 0.96,
        "epsdiluted": 0.95,
        "weightedAverageShsOut": 496800000,
        "weightedAverageShsOutDil": 504700000,
        "link": "https://www.sec.gov/Archives/edgar/data/1339947/000119312513190348/0001193125-13-190348-index.htm",
        "finalLink": "https://www.sec.gov/Archives/edgar/data/1339947/000119312513190348/d523951d10q.htm"
    },
    {
        "date": "2012-12-31",
        "symbol": "VIAB",
        "reportedCurrency": "USD",
        "cik": "0001339947",
        "fillingDate": "2013-01-31",
        "acceptedDate": "2013-01-31 09:55:48",
        "calendarYear": "2012",
        "period": "Q4",
        "revenue": 3314000000,
        "costOfRevenue": 1763000000,
        "grossProfit": 1551000000,
        "grossProfitRatio": 0.468014484,
        "researchAndDevelopmentExpenses": 0,
        "generalAndAdministrativeExpenses": 697000000,
        "sellingAndMarketingExpenses": 0,
        "sellingGeneralAndAdministrativeExpenses": 697000000,
        "otherExpenses": 0,
        "operatingExpenses": 697000000,
        "costAndExpenses": 2517000000,
        "interestIncome": 0,
        "interestExpense": 0,
        "depreciationAndAmortization": 1079000000,
        "ebitda": 1785000000,
        "ebitdaratio": 0.5386240193,
        "operatingIncome": 797000000,
        "operatingIncomeRatio": 0.2404948702,
        "totalOtherIncomeExpensesNet": -79000000,
        "incomeBeforeTax": 718000000,
        "incomeBeforeTaxRatio": 0.2166566083,
        "incomeTaxExpense": 236000000,
        "netIncome": 470000000,
        "netIncomeRatio": 0.1418225709,
        "eps": 0.94,
        "epsdiluted": 0.92,
        "weightedAverageShsOut": 501500000,
        "weightedAverageShsOutDil": 509100000,
        "link": "https://www.sec.gov/Archives/edgar/data/1339947/000119312513031360/0001193125-13-031360-index.htm",
        "finalLink": "https://www.sec.gov/Archives/edgar/data/1339947/000119312513031360/d450520d10q.htm"
    },
    {
        "date": "2012-09-30",
        "symbol": "VIAB",
        "reportedCurrency": "USD",
        "cik": "0001339947",
        "fillingDate": "2012-11-15",
        "acceptedDate": "2012-11-15 09:50:41",
        "calendarYear": "2012",
        "period": "Q3",
        "revenue": 3363000000,
        "costOfRevenue": 1564000000,
        "grossProfit": 1799000000,
        "grossProfitRatio": 0.5349390425,
        "researchAndDevelopmentExpenses": 0,
        "generalAndAdministrativeExpenses": 691000000,
        "sellingAndMarketingExpenses": 0,
        "sellingGeneralAndAdministrativeExpenses": 691000000,
        "otherExpenses": 0,
        "operatingExpenses": 691000000,
        "costAndExpenses": 2313000000,
        "interestIncome": 0,
        "interestExpense": 425000000,
        "depreciationAndAmortization": 1168000000,
        "ebitda": 2533000000,
        "ebitdaratio": 0.7531965507,
        "operatingIncome": 1050000000,
        "operatingIncomeRatio": 0.312221231,
        "totalOtherIncomeExpensesNet": -111000000,
        "incomeBeforeTax": 939000000,
        "incomeBeforeTaxRatio": 0.2792149866,
        "incomeTaxExpense": 290000000,
        "netIncome": 650000000,
        "netIncomeRatio": 0.1932798097,
        "eps": 1.22,
        "epsdiluted": 1.21,
        "weightedAverageShsOut": 530700000,
        "weightedAverageShsOutDil": 537500000,
        "link": "https://www.sec.gov/Archives/edgar/data/1339947/000119312512471870/0001193125-12-471870-index.htm",
        "finalLink": "https://www.sec.gov/Archives/edgar/data/1339947/000119312512471870/d435374d10k.htm"
    },
    {
        "date": "2012-06-30",
        "symbol": "VIAB",
        "reportedCurrency": "USD",
        "cik": "0001339947",
        "fillingDate": "2012-08-03",
        "acceptedDate": "2012-08-03 10:15:36",
        "calendarYear": "2012",
        "period": "Q2",
        "revenue": 3241000000,
        "costOfRevenue": 1599000000,
        "grossProfit": 1642000000,
        "grossProfitRatio": 0.506633755,
        "researchAndDevelopmentExpenses": 0,
        "generalAndAdministrativeExpenses": 682000000,
        "sellingAndMarketingExpenses": 0,
        "sellingGeneralAndAdministrativeExpenses": 682000000,
        "otherExpenses": 0,
        "operatingExpenses": 682000000,
        "costAndExpenses": 2338000000,
        "interestIncome": 0,
        "interestExpense": 0,
        "depreciationAndAmortization": 1080000000,
        "ebitda": 1880000000,
        "ebitdaratio": 0.5800678803,
        "operatingIncome": 903000000,
        "operatingIncomeRatio": 0.2786177106,
        "totalOtherIncomeExpensesNet": 428000000,
        "incomeBeforeTax": 1331000000,
        "incomeBeforeTaxRatio": 0.4106757174,
        "incomeTaxExpense": 266000000,
        "netIncome": 534000000,
        "netIncomeRatio": 0.1647639617,
        "eps": 0.99,
        "epsdiluted": 0.98,
        "weightedAverageShsOut": 537300000,
        "weightedAverageShsOutDil": 544100000,
        "link": "https://www.sec.gov/Archives/edgar/data/1339947/000119312512333732/0001193125-12-333732-index.htm",
        "finalLink": "https://www.sec.gov/Archives/edgar/data/1339947/000119312512333732/d382484d10q.htm"
    },
    {
        "date": "2012-03-31",
        "symbol": "VIAB",
        "reportedCurrency": "USD",
        "cik": "0001339947",
        "fillingDate": "2012-05-03",
        "acceptedDate": "2012-05-03 09:41:38",
        "calendarYear": "2012",
        "period": "Q1",
        "revenue": 3331000000,
        "costOfRevenue": 1645000000,
        "grossProfit": 1686000000,
        "grossProfitRatio": 0.506154308,
        "researchAndDevelopmentExpenses": 0,
        "generalAndAdministrativeExpenses": 695000000,
        "sellingAndMarketingExpenses": 0,
        "sellingGeneralAndAdministrativeExpenses": 695000000,
        "otherExpenses": 0,
        "operatingExpenses": 695000000,
        "costAndExpenses": 2399000000,
        "interestIncome": 0,
        "interestExpense": 0,
        "depreciationAndAmortization": 1121000000,
        "ebitda": 1919000000,
        "ebitdaratio": 0.5761032723,
        "operatingIncome": 932000000,
        "operatingIncomeRatio": 0.2797958571,
        "totalOtherIncomeExpensesNet": -333000000,
        "incomeBeforeTax": 599000000,
        "incomeBeforeTaxRatio": 0.1798258781,
        "incomeTaxExpense": 213000000,
        "netIncome": 585000000,
        "netIncomeRatio": 0.1756229361,
        "eps": 1.08,
        "epsdiluted": 1.06,
        "weightedAverageShsOut": 544100000,
        "weightedAverageShsOutDil": 550800000,
        "link": "https://www.sec.gov/Archives/edgar/data/1339947/000119312512206921/0001193125-12-206921-index.htm",
        "finalLink": "https://www.sec.gov/Archives/edgar/data/1339947/000119312512206921/d339016d10q.htm"
    },
    {
        "date": "2011-12-31",
        "symbol": "VIAB",
        "reportedCurrency": "USD",
        "cik": "0001339947",
        "fillingDate": "2012-02-02",
        "acceptedDate": "2012-02-02 09:46:33",
        "calendarYear": "2011",
        "period": "Q4",
        "revenue": 3952000000,
        "costOfRevenue": 2185000000,
        "grossProfit": 1767000000,
        "grossProfitRatio": 0.4471153846,
        "researchAndDevelopmentExpenses": 0,
        "generalAndAdministrativeExpenses": 689000000,
        "sellingAndMarketingExpenses": 0,
        "sellingGeneralAndAdministrativeExpenses": 689000000,
        "otherExpenses": 0,
        "operatingExpenses": 689000000,
        "costAndExpenses": 2936000000,
        "interestIncome": 0,
        "interestExpense": 0,
        "depreciationAndAmortization": 1247000000,
        "ebitda": 1775000000,
        "ebitdaratio": 0.4491396761,
        "operatingIncome": 1016000000,
        "operatingIncomeRatio": 0.2570850202,
        "totalOtherIncomeExpensesNet": -415000000,
        "incomeBeforeTax": 601000000,
        "incomeBeforeTaxRatio": 0.1520748988,
        "incomeTaxExpense": 316000000,
        "netIncome": 212000000,
        "netIncomeRatio": 0.0536437247,
        "eps": 0.39,
        "epsdiluted": 0.38,
        "weightedAverageShsOut": 550600000,
        "weightedAverageShsOutDil": 557200000,
        "link": "https://www.sec.gov/Archives/edgar/data/1339947/000119312512035760/0001193125-12-035760-index.htm",
        "finalLink": "https://www.sec.gov/Archives/edgar/data/1339947/000119312512035760/d290498d10q.htm"
    },
    {
        "date": "2011-09-30",
        "symbol": "VIAB",
        "reportedCurrency": "USD",
        "cik": "0001339947",
        "fillingDate": "2011-11-10",
        "acceptedDate": "2011-11-10 10:00:57",
        "calendarYear": "2011",
        "period": "Q3",
        "revenue": 4053000000,
        "costOfRevenue": 2185000000,
        "grossProfit": 1868000000,
        "grossProfitRatio": 0.4608931656,
        "researchAndDevelopmentExpenses": 0,
        "generalAndAdministrativeExpenses": 741000000,
        "sellingAndMarketingExpenses": 0,
        "sellingGeneralAndAdministrativeExpenses": 741000000,
        "otherExpenses": 0,
        "operatingExpenses": 741000000,
        "costAndExpenses": 3124000000,
        "interestIncome": 0,
        "interestExpense": 419000000,
        "depreciationAndAmortization": 1552000000,
        "ebitda": 2771000000,
        "ebitdaratio": 0.683691093,
        "operatingIncome": 929000000,
        "operatingIncomeRatio": 0.2292129287,
        "totalOtherIncomeExpensesNet": -346000000,
        "incomeBeforeTax": 583000000,
        "incomeBeforeTaxRatio": 0.1438440661,
        "incomeTaxExpense": 224000000,
        "netIncome": 576000000,
        "netIncomeRatio": 0.1421169504,
        "eps": 0.98,
        "epsdiluted": 0.97,
        "weightedAverageShsOut": 587300000,
        "weightedAverageShsOutDil": 594300000,
        "link": "https://www.sec.gov/Archives/edgar/data/1339947/000119312511305888/0001193125-11-305888-index.htm",
        "finalLink": "https://www.sec.gov/Archives/edgar/data/1339947/000119312511305888/d238359d10k.htm"
    },
    {
        "date": "2011-06-30",
        "symbol": "VIAB",
        "reportedCurrency": "USD",
        "cik": "0001339947",
        "fillingDate": "2011-08-05",
        "acceptedDate": "2011-08-05 09:37:38",
        "calendarYear": "2011",
        "period": "Q2",
        "revenue": 3766000000,
        "costOfRevenue": 1945000000,
        "grossProfit": 1821000000,
        "grossProfitRatio": 0.4835369092,
        "researchAndDevelopmentExpenses": 0,
        "generalAndAdministrativeExpenses": 761000000,
        "sellingAndMarketingExpenses": 0,
        "sellingGeneralAndAdministrativeExpenses": 761000000,
        "otherExpenses": 0,
        "operatingExpenses": 761000000,
        "costAndExpenses": 2785000000,
        "interestIncome": 0,
        "interestExpense": 0,
        "depreciationAndAmortization": 1231000000,
        "ebitda": 2115000000,
        "ebitdaratio": 0.5616038237,
        "operatingIncome": 981000000,
        "operatingIncomeRatio": 0.260488582,
        "totalOtherIncomeExpensesNet": -392000000,
        "incomeBeforeTax": 589000000,
        "incomeBeforeTaxRatio": 0.1563993627,
        "incomeTaxExpense": 310000000,
        "netIncome": 574000000,
        "netIncomeRatio": 0.1524163569,
        "eps": 0.97,
        "epsdiluted": 0.96,
        "weightedAverageShsOut": 593500000,
        "weightedAverageShsOutDil": 600200000,
        "link": "https://www.sec.gov/Archives/edgar/data/1339947/000119312511211521/0001193125-11-211521-index.htm",
        "finalLink": "https://www.sec.gov/Archives/edgar/data/1339947/000119312511211521/d10q.htm"
    },
    {
        "date": "2011-03-31",
        "symbol": "VIAB",
        "reportedCurrency": "USD",
        "cik": "0001339947",
        "fillingDate": "2011-04-28",
        "acceptedDate": "2011-04-28 09:48:51",
        "calendarYear": "2011",
        "period": "Q1",
        "revenue": 3267000000,
        "costOfRevenue": 1721000000,
        "grossProfit": 1546000000,
        "grossProfitRatio": 0.4732170187,
        "researchAndDevelopmentExpenses": 0,
        "generalAndAdministrativeExpenses": 719000000,
        "sellingAndMarketingExpenses": 0,
        "sellingGeneralAndAdministrativeExpenses": 719000000,
        "otherExpenses": 0,
        "operatingExpenses": 719000000,
        "costAndExpenses": 2507000000,
        "interestIncome": 0,
        "interestExpense": 0,
        "depreciationAndAmortization": 1085000000,
        "ebitda": 1658000000,
        "ebitdaratio": 0.5074992348,
        "operatingIncome": 760000000,
        "operatingIncomeRatio": 0.2326293235,
        "totalOtherIncomeExpensesNet": -378000000,
        "incomeBeforeTax": 382000000,
        "incomeBeforeTaxRatio": 0.1169268442,
        "incomeTaxExpense": 197000000,
        "netIncome": 376000000,
        "netIncomeRatio": 0.1150902969,
        "eps": 0.63,
        "epsdiluted": 0.62,
        "weightedAverageShsOut": 599000000,
        "weightedAverageShsOutDil": 604600000,
        "link": "https://www.sec.gov/Archives/edgar/data/1339947/000119312511113734/0001193125-11-113734-index.htm",
        "finalLink": "https://www.sec.gov/Archives/edgar/data/1339947/000119312511113734/d10q.htm"
    },
    {
        "date": "2010-12-31",
        "symbol": "VIAB",
        "reportedCurrency": "USD",
        "cik": "0001339947",
        "fillingDate": "2011-02-03",
        "acceptedDate": "2011-02-03 10:13:36",
        "calendarYear": "2010",
        "period": "Q4",
        "revenue": 3828000000,
        "costOfRevenue": 2017000000,
        "grossProfit": 1811000000,
        "grossProfitRatio": 0.473092999,
        "researchAndDevelopmentExpenses": 0,
        "generalAndAdministrativeExpenses": 700000000,
        "sellingAndMarketingExpenses": 0,
        "sellingGeneralAndAdministrativeExpenses": 700000000,
        "otherExpenses": 0,
        "operatingExpenses": 700000000,
        "costAndExpenses": 2788000000,
        "interestIncome": 0,
        "interestExpense": 0,
        "depreciationAndAmortization": 1212000000,
        "ebitda": 2153000000,
        "ebitdaratio": 0.5624346917,
        "operatingIncome": 1040000000,
        "operatingIncomeRatio": 0.2716823406,
        "totalOtherIncomeExpensesNet": -411000000,
        "incomeBeforeTax": 629000000,
        "incomeBeforeTaxRatio": 0.1643155695,
        "incomeTaxExpense": 331000000,
        "netIncome": 610000000,
        "netIncomeRatio": 0.1593521421,
        "eps": 1.01,
        "epsdiluted": 1,
        "weightedAverageShsOut": 603400000,
        "weightedAverageShsOutDil": 608000000,
        "link": "https://www.sec.gov/Archives/edgar/data/1339947/000119312511022662/0001193125-11-022662-index.htm",
        "finalLink": "https://www.sec.gov/Archives/edgar/data/1339947/000119312511022662/d10q.htm"
    },
    {
        "date": "2010-09-30",
        "symbol": "VIAB",
        "reportedCurrency": "USD",
        "cik": "0001339947",
        "fillingDate": "2010-11-12",
        "acceptedDate": "2010-11-12 08:07:05",
        "calendarYear": "2010",
        "period": "Q3",
        "revenue": 3250000000,
        "costOfRevenue": 0,
        "grossProfit": 3250000000,
        "grossProfitRatio": 1,
        "researchAndDevelopmentExpenses": 0,
        "generalAndAdministrativeExpenses": 685000000,
        "sellingAndMarketingExpenses": 0,
        "sellingGeneralAndAdministrativeExpenses": 685000000,
        "otherExpenses": 0,
        "operatingExpenses": 685000000,
        "costAndExpenses": 685000000,
        "interestIncome": 0,
        "interestExpense": 0,
        "depreciationAndAmortization": 66000000,
        "ebitda": 832000000,
        "ebitdaratio": 0.256,
        "operatingIncome": 879000000,
        "operatingIncomeRatio": 0.2704615385,
        "totalOtherIncomeExpensesNet": -113000000,
        "incomeBeforeTax": 766000000,
        "incomeBeforeTaxRatio": 0.2356923077,
        "incomeTaxExpense": -250000000,
        "netIncome": 1016000000,
        "netIncomeRatio": 0.3126153846,
        "eps": 1.67,
        "epsdiluted": 1.67,
        "weightedAverageShsOut": 607000000,
        "weightedAverageShsOutDil": 610000000,
        "link": "https://www.sec.gov/Archives/edgar/data/1339947/000119312510257767/0001193125-10-257767-index.htm",
        "finalLink": "https://www.sec.gov/Archives/edgar/data/1339947/000119312510257767/d10k.htm"
    },
    {
        "date": "2010-06-30",
        "symbol": "VIAB",
        "reportedCurrency": "USD",
        "cik": "0001339947",
        "fillingDate": "2010-08-05",
        "acceptedDate": "2010-08-05 09:45:45",
        "calendarYear": "2010",
        "period": "Q2",
        "revenue": 3301000000,
        "costOfRevenue": 0,
        "grossProfit": 3301000000,
        "grossProfitRatio": 1,
        "researchAndDevelopmentExpenses": 0,
        "generalAndAdministrativeExpenses": 687000000,
        "sellingAndMarketingExpenses": 0,
        "sellingGeneralAndAdministrativeExpenses": 687000000,
        "otherExpenses": 0,
        "operatingExpenses": 687000000,
        "costAndExpenses": 687000000,
        "interestIncome": 0,
        "interestExpense": 0,
        "depreciationAndAmortization": 78000000,
        "ebitda": 741000000,
        "ebitdaratio": 0.2244774311,
        "operatingIncome": 794000000,
        "operatingIncomeRatio": 0.2405331718,
        "totalOtherIncomeExpensesNet": -131000000,
        "incomeBeforeTax": 663000000,
        "incomeBeforeTaxRatio": 0.2008482278,
        "incomeTaxExpense": -239000000,
        "netIncome": 902000000,
        "netIncomeRatio": 0.2732505301,
        "eps": 1.49,
        "epsdiluted": 1.48,
        "weightedAverageShsOut": 607000000,
        "weightedAverageShsOutDil": 609000000,
        "link": "https://www.sec.gov/Archives/edgar/data/1339947/000119312510178455/0001193125-10-178455-index.htm",
        "finalLink": "https://www.sec.gov/Archives/edgar/data/1339947/000119312510178455/d10q.htm"
    },
    {
        "date": "2010-03-31",
        "symbol": "VIAB",
        "reportedCurrency": "USD",
        "cik": "0001339947",
        "fillingDate": "2010-04-29",
        "acceptedDate": "2010-04-29 10:14:48",
        "calendarYear": "2010",
        "period": "Q1",
        "revenue": 2786000000,
        "costOfRevenue": 0,
        "grossProfit": 2786000000,
        "grossProfitRatio": 1,
        "researchAndDevelopmentExpenses": 0,
        "generalAndAdministrativeExpenses": 653000000,
        "sellingAndMarketingExpenses": 0,
        "sellingGeneralAndAdministrativeExpenses": 653000000,
        "otherExpenses": 0,
        "operatingExpenses": 653000000,
        "costAndExpenses": 653000000,
        "interestIncome": 0,
        "interestExpense": 0,
        "depreciationAndAmortization": 78000000,
        "ebitda": 461000000,
        "ebitdaratio": 0.1654702082,
        "operatingIncome": 534000000,
        "operatingIncomeRatio": 0.191672649,
        "totalOtherIncomeExpensesNet": -151000000,
        "incomeBeforeTax": 383000000,
        "incomeBeforeTaxRatio": 0.1374730797,
        "incomeTaxExpense": -138000000,
        "netIncome": 521000000,
        "netIncomeRatio": 0.1870064609,
        "eps": 0.86,
        "epsdiluted": 0.86,
        "weightedAverageShsOut": 607000000,
        "weightedAverageShsOutDil": 607000000,
        "link": "https://www.sec.gov/Archives/edgar/data/1339947/000119312510098207/0001193125-10-098207-index.htm",
        "finalLink": "https://www.sec.gov/Archives/edgar/data/1339947/000119312510098207/d10q.htm"
    },
    {
        "date": "2009-12-31",
        "symbol": "VIAB",
        "reportedCurrency": "USD",
        "cik": "0001339947",
        "fillingDate": "2010-02-11",
        "acceptedDate": "2010-02-11 09:51:15",
        "calendarYear": "2009",
        "period": "Q4",
        "revenue": 4098000000,
        "costOfRevenue": 0,
        "grossProfit": 4098000000,
        "grossProfitRatio": 1,
        "researchAndDevelopmentExpenses": 0,
        "generalAndAdministrativeExpenses": 751000000,
        "sellingAndMarketingExpenses": 0,
        "sellingGeneralAndAdministrativeExpenses": 751000000,
        "otherExpenses": 0,
        "operatingExpenses": 751000000,
        "costAndExpenses": 751000000,
        "interestIncome": 0,
        "interestExpense": 105000000,
        "depreciationAndAmortization": 149000000,
        "ebitda": 1231000000,
        "ebitdaratio": 0.3003904344,
        "operatingIncome": 1092000000,
        "operatingIncomeRatio": 0.2664714495,
        "totalOtherIncomeExpensesNet": -115000000,
        "incomeBeforeTax": 977000000,
        "incomeBeforeTaxRatio": 0.23840898,
        "incomeTaxExpense": -316000000,
        "netIncome": 1293000000,
        "netIncomeRatio": 0.3155197657,
        "eps": 2.13,
        "epsdiluted": 2.13,
        "weightedAverageShsOut": 607100000,
        "weightedAverageShsOutDil": 608300000,
        "link": "https://www.sec.gov/Archives/edgar/data/1339947/000119312510028165/0001193125-10-028165-index.htm",
        "finalLink": "https://www.sec.gov/Archives/edgar/data/1339947/000119312510028165/d10k.htm"
    },
    {
        "date": "2009-09-30",
        "symbol": "VIAB",
        "reportedCurrency": "USD",
        "cik": "0001339947",
        "fillingDate": "2009-11-03",
        "acceptedDate": "2009-11-03 10:06:15",
        "calendarYear": "2009",
        "period": "Q3",
        "revenue": 3317000000,
        "costOfRevenue": 0,
        "grossProfit": 3317000000,
        "grossProfitRatio": 1,
        "researchAndDevelopmentExpenses": 0,
        "generalAndAdministrativeExpenses": 663000000,
        "sellingAndMarketingExpenses": 0,
        "sellingGeneralAndAdministrativeExpenses": 663000000,
        "otherExpenses": 0,
        "operatingExpenses": 663000000,
        "costAndExpenses": 663000000,
        "interestIncome": 0,
        "interestExpense": 107000000,
        "depreciationAndAmortization": 80000000,
        "ebitda": 766000000,
        "ebitdaratio": 0.2309315647,
        "operatingIncome": 784000000,
        "operatingIncomeRatio": 0.236358155,
        "totalOtherIncomeExpensesNet": -205000000,
        "incomeBeforeTax": 579000000,
        "incomeBeforeTaxRatio": 0.1745553211,
        "incomeTaxExpense": -133000000,
        "netIncome": 712000000,
        "netIncomeRatio": 0.2146517938,
        "eps": 1.17,
        "epsdiluted": 1.17,
        "weightedAverageShsOut": 607100000,
        "weightedAverageShsOutDil": 608300000,
        "link": "https://www.sec.gov/Archives/edgar/data/1339947/000119312509221448/0001193125-09-221448-index.htm",
        "finalLink": "https://www.sec.gov/Archives/edgar/data/1339947/000119312509221448/d10q.htm"
    },
    {
        "date": "2009-06-30",
        "symbol": "VIAB",
        "reportedCurrency": "USD",
        "cik": "0001339947",
        "fillingDate": "2009-07-28",
        "acceptedDate": "2009-07-28 10:53:02",
        "calendarYear": "2009",
        "period": "Q2",
        "revenue": 3299000000,
        "costOfRevenue": 0,
        "grossProfit": 3299000000,
        "grossProfitRatio": 1,
        "researchAndDevelopmentExpenses": 0,
        "generalAndAdministrativeExpenses": 690000000,
        "sellingAndMarketingExpenses": 0,
        "sellingGeneralAndAdministrativeExpenses": 690000000,
        "otherExpenses": 0,
        "operatingExpenses": 690000000,
        "costAndExpenses": 690000000,
        "interestIncome": 0,
        "interestExpense": 109000000,
        "depreciationAndAmortization": 80000000,
        "ebitda": 628000000,
        "ebitdaratio": 0.1903607154,
        "operatingIncome": 586000000,
        "operatingIncomeRatio": 0.1776295847,
        "totalOtherIncomeExpensesNet": -147000000,
        "incomeBeforeTax": 439000000,
        "incomeBeforeTaxRatio": 0.1330706275,
        "incomeTaxExpense": -158000000,
        "netIncome": 597000000,
        "netIncomeRatio": 0.1809639285,
        "eps": 0.98,
        "epsdiluted": 0.98,
        "weightedAverageShsOut": 607100000,
        "weightedAverageShsOutDil": 608300000,
        "link": "https://www.sec.gov/Archives/edgar/data/1339947/000119312509156564/0001193125-09-156564-index.htm",
        "finalLink": "https://www.sec.gov/Archives/edgar/data/1339947/000119312509156564/d10q.htm"
    },
    {
        "date": "2009-03-31",
        "symbol": "VIAB",
        "reportedCurrency": "USD",
        "cik": "0001339947",
        "fillingDate": "2009-04-30",
        "acceptedDate": "2009-04-30 10:00:11",
        "calendarYear": "2009",
        "period": "Q1",
        "revenue": 2905000000,
        "costOfRevenue": 0,
        "grossProfit": 2905000000,
        "grossProfitRatio": 1,
        "researchAndDevelopmentExpenses": 0,
        "generalAndAdministrativeExpenses": 633000000,
        "sellingAndMarketingExpenses": 0,
        "sellingGeneralAndAdministrativeExpenses": 633000000,
        "otherExpenses": 0,
        "operatingExpenses": 633000000,
        "costAndExpenses": 633000000,
        "interestIncome": 0,
        "interestExpense": 109000000,
        "depreciationAndAmortization": 82000000,
        "ebitda": 472000000,
        "ebitdaratio": 0.1624784854,
        "operatingIncome": 442000000,
        "operatingIncomeRatio": 0.152151463,
        "totalOtherIncomeExpensesNet": -161000000,
        "incomeBeforeTax": 281000000,
        "incomeBeforeTaxRatio": 0.0967297762,
        "incomeTaxExpense": -101000000,
        "netIncome": 382000000,
        "netIncomeRatio": 0.1314974182,
        "eps": 0.63,
        "epsdiluted": 0.63,
        "weightedAverageShsOut": 606000000,
        "weightedAverageShsOutDil": 607000000,
        "link": "https://www.sec.gov/Archives/edgar/data/1339947/000119312509093372/0001193125-09-093372-index.htm",
        "finalLink": "https://www.sec.gov/Archives/edgar/data/1339947/000119312509093372/d10q.htm"
    },
    {
        "date": "2008-12-31",
        "symbol": "VIAB",
        "reportedCurrency": "USD",
        "cik": "0001339947",
        "fillingDate": "2009-02-12",
        "acceptedDate": "2009-02-12 09:42:21",
        "calendarYear": "2008",
        "period": "Q4",
        "revenue": 4243000000,
        "costOfRevenue": 0,
        "grossProfit": 4243000000,
        "grossProfitRatio": 1,
        "researchAndDevelopmentExpenses": 0,
        "generalAndAdministrativeExpenses": 849000000,
        "sellingAndMarketingExpenses": 0,
        "sellingGeneralAndAdministrativeExpenses": 849000000,
        "otherExpenses": 0,
        "operatingExpenses": 849000000,
        "costAndExpenses": 849000000,
        "interestIncome": 0,
        "interestExpense": 119000000,
        "depreciationAndAmortization": 124000000,
        "ebitda": -1961000000,
        "ebitdaratio": -0.4621729908,
        "operatingIncome": 475000000,
        "operatingIncomeRatio": 0.1119490926,
        "totalOtherIncomeExpensesNet": -2679000000,
        "incomeBeforeTax": -2204000000,
        "incomeBeforeTaxRatio": -0.5194437898,
        "incomeTaxExpense": -79000000,
        "netIncome": -2125000000,
        "netIncomeRatio": -0.5008248881,
        "eps": -3405.45,
        "epsdiluted": -3400,
        "weightedAverageShsOut": 624000,
        "weightedAverageShsOutDil": 625000,
        "link": "https://www.sec.gov/Archives/edgar/data/1339947/000119312509026502/0001193125-09-026502-index.htm",
        "finalLink": "https://www.sec.gov/Archives/edgar/data/1339947/000119312509026502/d10k.htm"
    },
    {
        "date": "2008-09-30",
        "symbol": "VIAB",
        "reportedCurrency": "USD",
        "cik": "0001339947",
        "fillingDate": "2008-11-03",
        "acceptedDate": "2008-11-03 17:20:47",
        "calendarYear": "2008",
        "period": "Q3",
        "revenue": 3408000000,
        "costOfRevenue": 0,
        "grossProfit": 3408000000,
        "grossProfitRatio": 1,
        "researchAndDevelopmentExpenses": 0,
        "generalAndAdministrativeExpenses": 682000000,
        "sellingAndMarketingExpenses": 0,
        "sellingGeneralAndAdministrativeExpenses": 682000000,
        "otherExpenses": 0,
        "operatingExpenses": 682000000,
        "costAndExpenses": 682000000,
        "interestIncome": 0,
        "interestExpense": 123000000,
        "depreciationAndAmortization": 92000000,
        "ebitda": 726000000,
        "ebitdaratio": 0.213028169,
        "operatingIncome": 689000000,
        "operatingIncomeRatio": 0.2021713615,
        "totalOtherIncomeExpensesNet": -178000000,
        "incomeBeforeTax": 511000000,
        "incomeBeforeTaxRatio": 0.1499413146,
        "incomeTaxExpense": -122000000,
        "netIncome": 633000000,
        "netIncomeRatio": 0.1857394366,
        "eps": 1.01,
        "epsdiluted": 1,
        "weightedAverageShsOut": 629000000,
        "weightedAverageShsOutDil": 630000000,
        "link": "https://www.sec.gov/Archives/edgar/data/1339947/000119312508223066/0001193125-08-223066-index.htm",
        "finalLink": "https://www.sec.gov/Archives/edgar/data/1339947/000119312508223066/d10q.htm"
    },
    {
        "date": "2008-06-30",
        "symbol": "VIAB",
        "reportedCurrency": "USD",
        "cik": "0001339947",
        "fillingDate": "2008-07-29",
        "acceptedDate": "2008-07-29 17:02:20",
        "calendarYear": "2008",
        "period": "Q2",
        "revenue": 3857000000,
        "costOfRevenue": 0,
        "grossProfit": 3857000000,
        "grossProfitRatio": 1,
        "researchAndDevelopmentExpenses": 0,
        "generalAndAdministrativeExpenses": 730000000,
        "sellingAndMarketingExpenses": 0,
        "sellingGeneralAndAdministrativeExpenses": 730000000,
        "otherExpenses": 0,
        "operatingExpenses": 730000000,
        "costAndExpenses": 730000000,
        "interestIncome": 0,
        "interestExpense": 123000000,
        "depreciationAndAmortization": 97000000,
        "ebitda": 867000000,
        "ebitdaratio": 0.2247861032,
        "operatingIncome": 792000000,
        "operatingIncomeRatio": 0.2053409386,
        "totalOtherIncomeExpensesNet": -145000000,
        "incomeBeforeTax": 647000000,
        "incomeBeforeTaxRatio": 0.1677469536,
        "incomeTaxExpense": -237000000,
        "netIncome": 884000000,
        "netIncomeRatio": 0.2291936738,
        "eps": 1.39,
        "epsdiluted": 1.39,
        "weightedAverageShsOut": 634000000,
        "weightedAverageShsOutDil": 635000000,
        "link": "https://www.sec.gov/Archives/edgar/data/1339947/000119312508160288/0001193125-08-160288-index.htm",
        "finalLink": "https://www.sec.gov/Archives/edgar/data/1339947/000119312508160288/d10q.htm"
    },
    {
        "date": "2008-03-31",
        "symbol": "VIAB",
        "reportedCurrency": "USD",
        "cik": "0001339947",
        "fillingDate": "2008-05-02",
        "acceptedDate": "2008-05-02 12:42:18",
        "calendarYear": "2008",
        "period": "Q1",
        "revenue": 3117000000,
        "costOfRevenue": 0,
        "grossProfit": 3117000000,
        "grossProfitRatio": 1,
        "researchAndDevelopmentExpenses": 0,
        "generalAndAdministrativeExpenses": 649000000,
        "sellingAndMarketingExpenses": 0,
        "sellingGeneralAndAdministrativeExpenses": 649000000,
        "otherExpenses": 0,
        "operatingExpenses": 649000000,
        "costAndExpenses": 649000000,
        "interestIncome": 0,
        "interestExpense": 117000000,
        "depreciationAndAmortization": 92000000,
        "ebitda": 650000000,
        "ebitdaratio": 0.2085338466,
        "operatingIncome": 567000000,
        "operatingIncomeRatio": 0.1819056785,
        "totalOtherIncomeExpensesNet": -126000000,
        "incomeBeforeTax": 441000000,
        "incomeBeforeTaxRatio": 0.1414821944,
        "incomeTaxExpense": -167000000,
        "netIncome": 608000000,
        "netIncomeRatio": 0.1950593519,
        "eps": 0.95,
        "epsdiluted": 0.95,
        "weightedAverageShsOut": 639000000,
        "weightedAverageShsOutDil": 641000000,
        "link": "https://www.sec.gov/Archives/edgar/data/1339947/000119312508100381/0001193125-08-100381-index.htm",
        "finalLink": "https://www.sec.gov/Archives/edgar/data/1339947/000119312508100381/d10q.htm"
    },
    {
        "date": "2007-12-31",
        "symbol": "VIAB",
        "reportedCurrency": "USD",
        "cik": "0001339947",
        "fillingDate": "2008-02-28",
        "acceptedDate": "2008-02-28 17:20:38",
        "calendarYear": "2007",
        "period": "Q4",
        "revenue": 4249000000,
        "costOfRevenue": 0,
        "grossProfit": 4249000000,
        "grossProfitRatio": 1,
        "researchAndDevelopmentExpenses": 0,
        "generalAndAdministrativeExpenses": 743000000,
        "sellingAndMarketingExpenses": 0,
        "sellingGeneralAndAdministrativeExpenses": 743000000,
        "otherExpenses": 0,
        "operatingExpenses": 743000000,
        "costAndExpenses": 743000000,
        "interestIncome": 0,
        "interestExpense": 125000000,
        "depreciationAndAmortization": 96000000,
        "ebitda": -2424000000,
        "ebitdaratio": -0.5704871735,
        "operatingIncome": 977000000,
        "operatingIncomeRatio": 0.2299364556,
        "totalOtherIncomeExpensesNet": -3622000000,
        "incomeBeforeTax": -2645000000,
        "incomeBeforeTaxRatio": -0.6224994116,
        "incomeTaxExpense": -302000000,
        "netIncome": -2343000000,
        "netIncomeRatio": -0.5514238644,
        "eps": -3476.26,
        "epsdiluted": -3471.11,
        "weightedAverageShsOut": 674000,
        "weightedAverageShsOutDil": 675000,
        "link": "https://www.sec.gov/Archives/edgar/data/1339947/000119312508042040/0001193125-08-042040-index.htm",
        "finalLink": "https://www.sec.gov/Archives/edgar/data/1339947/000119312508042040/d10k.htm"
    },
    {
        "date": "2007-09-30",
        "symbol": "VIAB",
        "reportedCurrency": "USD",
        "cik": "0001339947",
        "fillingDate": "2007-11-02",
        "acceptedDate": "2007-11-02 13:35:21",
        "calendarYear": "2007",
        "period": "Q3",
        "revenue": 3270000000,
        "costOfRevenue": 0,
        "grossProfit": 3270000000,
        "grossProfitRatio": 1,
        "researchAndDevelopmentExpenses": 0,
        "generalAndAdministrativeExpenses": 681000000,
        "sellingAndMarketingExpenses": 0,
        "sellingGeneralAndAdministrativeExpenses": 681000000,
        "otherExpenses": 0,
        "operatingExpenses": 681000000,
        "costAndExpenses": 681000000,
        "interestIncome": 0,
        "interestExpense": 114000000,
        "depreciationAndAmortization": 103000000,
        "ebitda": 910000000,
        "ebitdaratio": 0.2782874618,
        "operatingIncome": 816000000,
        "operatingIncomeRatio": 0.2495412844,
        "totalOtherIncomeExpensesNet": -123000000,
        "incomeBeforeTax": 693000000,
        "incomeBeforeTaxRatio": 0.2119266055,
        "incomeTaxExpense": -238000000,
        "netIncome": 931000000,
        "netIncomeRatio": 0.2847094801,
        "eps": 1.37,
        "epsdiluted": 1.36,
        "weightedAverageShsOut": 682000000,
        "weightedAverageShsOutDil": 683000000,
        "link": "https://www.sec.gov/Archives/edgar/data/1339947/000119312507233589/0001193125-07-233589-index.htm",
        "finalLink": "https://www.sec.gov/Archives/edgar/data/1339947/000119312507233589/d10q.htm"
    },
    {
        "date": "2007-06-30",
        "symbol": "VIAB",
        "reportedCurrency": "USD",
        "cik": "0001339947",
        "fillingDate": "2007-08-02",
        "acceptedDate": "2007-08-02 13:47:08",
        "calendarYear": "2007",
        "period": "Q2",
        "revenue": 3158000000,
        "costOfRevenue": 0,
        "grossProfit": 3158000000,
        "grossProfitRatio": 1,
        "researchAndDevelopmentExpenses": 0,
        "generalAndAdministrativeExpenses": 620000000,
        "sellingAndMarketingExpenses": 0,
        "sellingGeneralAndAdministrativeExpenses": 620000000,
        "otherExpenses": 0,
        "operatingExpenses": 620000000,
        "costAndExpenses": 620000000,
        "interestIncome": 0,
        "interestExpense": 114000000,
        "depreciationAndAmortization": 98000000,
        "ebitda": 907000000,
        "ebitdaratio": 0.2872070931,
        "operatingIncome": 700000000,
        "operatingIncomeRatio": 0.221659278,
        "totalOtherIncomeExpensesNet": -5000000,
        "incomeBeforeTax": 695000000,
        "incomeBeforeTaxRatio": 0.2200759975,
        "incomeTaxExpense": -265000000,
        "netIncome": 960000000,
        "netIncomeRatio": 0.303989867,
        "eps": 1.39,
        "epsdiluted": 1.39,
        "weightedAverageShsOut": 689000000,
        "weightedAverageShsOutDil": 690000000,
        "link": "https://www.sec.gov/Archives/edgar/data/1339947/000119312507169232/0001193125-07-169232-index.htm",
        "finalLink": "https://www.sec.gov/Archives/edgar/data/1339947/000119312507169232/d10q.htm"
    },
    {
        "date": "2007-03-31",
        "symbol": "VIAB",
        "reportedCurrency": "USD",
        "cik": "0001339947",
        "fillingDate": "2007-05-10",
        "acceptedDate": "2007-05-10 13:10:26",
        "calendarYear": "2007",
        "period": "Q1",
        "revenue": 2746000000,
        "costOfRevenue": 0,
        "grossProfit": 2746000000,
        "grossProfitRatio": 1,
        "researchAndDevelopmentExpenses": 0,
        "generalAndAdministrativeExpenses": 620000000,
        "sellingAndMarketingExpenses": 0,
        "sellingGeneralAndAdministrativeExpenses": 620000000,
        "otherExpenses": 0,
        "operatingExpenses": 620000000,
        "costAndExpenses": 620000000,
        "interestIncome": 0,
        "interestExpense": 111000000,
        "depreciationAndAmortization": 95000000,
        "ebitda": 534000000,
        "ebitdaratio": 0.1944646759,
        "operatingIncome": 442000000,
        "operatingIncomeRatio": 0.1609613984,
        "totalOtherIncomeExpensesNet": -114000000,
        "incomeBeforeTax": 328000000,
        "incomeBeforeTaxRatio": 0.1194464676,
        "incomeTaxExpense": -124000000,
        "netIncome": 452000000,
        "netIncomeRatio": 0.164603059,
        "eps": 0.65,
        "epsdiluted": 0.65,
        "weightedAverageShsOut": 692000000,
        "weightedAverageShsOutDil": 694000000,
        "link": "https://www.sec.gov/Archives/edgar/data/1339947/000119312507109811/0001193125-07-109811-index.htm",
        "finalLink": "https://www.sec.gov/Archives/edgar/data/1339947/000119312507109811/d10q.htm"
    }
]