[
    {
        "date": "2025-09-27",
        "symbol": "VIAV",
        "reportedCurrency": "USD",
        "cik": "0000912093",
        "fillingDate": "2025-10-30",
        "acceptedDate": "2025-10-30 16:13:04",
        "calendarYear": "2026",
        "period": "Q1",
        "revenue": 299100000,
        "costOfRevenue": 130100000,
        "grossProfit": 169000000,
        "grossProfitRatio": 0.5650284186,
        "researchAndDevelopmentExpenses": 56000000,
        "generalAndAdministrativeExpenses": 0,
        "sellingAndMarketingExpenses": 0,
        "sellingGeneralAndAdministrativeExpenses": 104200000,
        "otherExpenses": 0,
        "operatingExpenses": 160200000,
        "costAndExpenses": 290300000,
        "interestIncome": 0,
        "interestExpense": 2500000,
        "depreciationAndAmortization": 0,
        "ebitda": 7600000,
        "ebitdaratio": 0.025409562,
        "operatingIncome": 7600000,
        "operatingIncomeRatio": 0.025409562,
        "totalOtherIncomeExpensesNet": -9900000,
        "incomeBeforeTax": -2300000,
        "incomeBeforeTaxRatio": -0.0076897359,
        "incomeTaxExpense": 19000000,
        "netIncome": -21400000,
        "netIncomeRatio": -0.0715479773,
        "eps": -0.1,
        "epsdiluted": -0.1,
        "weightedAverageShsOut": 222900000,
        "weightedAverageShsOutDil": 222900000,
        "link": "https://www.sec.gov/Archives/edgar/data/912093/000091209325000153/0000912093-25-000153-index.htm",
        "finalLink": "https://www.sec.gov/Archives/edgar/data/912093/000091209325000153/viav-20250927.htm"
    },
    {
        "date": "2025-06-28",
        "symbol": "VIAV",
        "reportedCurrency": "USD",
        "cik": "0000912093",
        "fillingDate": "2025-08-11",
        "acceptedDate": "2025-08-11 16:13:54",
        "calendarYear": "2025",
        "period": "Q4",
        "revenue": 290500000,
        "costOfRevenue": 127000000,
        "grossProfit": 163500000,
        "grossProfitRatio": 0.5628227194,
        "researchAndDevelopmentExpenses": 57200000,
        "generalAndAdministrativeExpenses": 0,
        "sellingAndMarketingExpenses": 0,
        "sellingGeneralAndAdministrativeExpenses": 89700000,
        "otherExpenses": 0,
        "operatingExpenses": 146900000,
        "costAndExpenses": 275200000,
        "interestIncome": 1800000,
        "interestExpense": 7500000,
        "depreciationAndAmortization": 17900000,
        "ebitda": 35000000,
        "ebitdaratio": 0.1204819277,
        "operatingIncome": 15300000,
        "operatingIncomeRatio": 0.0526678141,
        "totalOtherIncomeExpensesNet": -5100000,
        "incomeBeforeTax": 10200000,
        "incomeBeforeTaxRatio": 0.0351118761,
        "incomeTaxExpense": 2200000,
        "netIncome": 8000000,
        "netIncomeRatio": 0.0275387263,
        "eps": 0.0358,
        "epsdiluted": 0.0352,
        "weightedAverageShsOut": 223200000,
        "weightedAverageShsOutDil": 227000000,
        "link": "https://www.sec.gov/Archives/edgar/data/912093/000091209325000096/0000912093-25-000096-index.htm",
        "finalLink": "https://www.sec.gov/Archives/edgar/data/912093/000091209325000096/viav-20250628.htm"
    },
    {
        "date": "2025-03-29",
        "symbol": "VIAV",
        "reportedCurrency": "USD",
        "cik": "0000912093",
        "fillingDate": "2025-05-02",
        "acceptedDate": "2025-05-02 16:38:57",
        "calendarYear": "2025",
        "period": "Q3",
        "revenue": 284800000,
        "costOfRevenue": 124100000,
        "grossProfit": 160700000,
        "grossProfitRatio": 0.564255618,
        "researchAndDevelopmentExpenses": 50000000,
        "generalAndAdministrativeExpenses": 0,
        "sellingAndMarketingExpenses": 0,
        "sellingGeneralAndAdministrativeExpenses": 101300000,
        "otherExpenses": 0,
        "operatingExpenses": 151300000,
        "costAndExpenses": 275400000,
        "interestIncome": 7100000,
        "interestExpense": 37500000,
        "depreciationAndAmortization": 5900000,
        "ebitda": 8500000,
        "ebitdaratio": 0.0298455056,
        "operatingIncome": 8500000,
        "operatingIncomeRatio": 0.0298455056,
        "totalOtherIncomeExpensesNet": -5300000,
        "incomeBeforeTax": 3200000,
        "incomeBeforeTaxRatio": 0.0112359551,
        "incomeTaxExpense": -16300000,
        "netIncome": 19500000,
        "netIncomeRatio": 0.0684691011,
        "eps": 0.0876,
        "epsdiluted": 0.0859,
        "weightedAverageShsOut": 222600000,
        "weightedAverageShsOutDil": 226900000,
        "link": "https://www.sec.gov/Archives/edgar/data/912093/000091209325000028/0000912093-25-000028-index.htm",
        "finalLink": "https://www.sec.gov/Archives/edgar/data/912093/000091209325000028/viav-20250329.htm"
    },
    {
        "date": "2024-12-28",
        "symbol": "VIAV",
        "reportedCurrency": "USD",
        "cik": "0000912093",
        "fillingDate": "2025-01-31",
        "acceptedDate": "2025-01-31 16:15:55",
        "calendarYear": "2025",
        "period": "Q2",
        "revenue": 270800000,
        "costOfRevenue": 110000000,
        "grossProfit": 160800000,
        "grossProfitRatio": 0.5937961595,
        "researchAndDevelopmentExpenses": 52100000,
        "generalAndAdministrativeExpenses": 0,
        "sellingAndMarketingExpenses": 0,
        "sellingGeneralAndAdministrativeExpenses": 84300000,
        "otherExpenses": 2200000,
        "operatingExpenses": 138600000,
        "costAndExpenses": 248600000,
        "interestIncome": 3900000,
        "interestExpense": 7500000,
        "depreciationAndAmortization": 14100000,
        "ebitda": 40200000,
        "ebitdaratio": 0.1484490399,
        "operatingIncome": 22200000,
        "operatingIncomeRatio": 0.0819793205,
        "totalOtherIncomeExpensesNet": -3600000,
        "incomeBeforeTax": 18600000,
        "incomeBeforeTaxRatio": 0.0686853767,
        "incomeTaxExpense": 9500000,
        "netIncome": 9100000,
        "netIncomeRatio": 0.0336041359,
        "eps": 0.041,
        "epsdiluted": 0.0405,
        "weightedAverageShsOut": 222000000,
        "weightedAverageShsOutDil": 224800000,
        "link": "https://www.sec.gov/Archives/edgar/data/912093/000091209325000012/0000912093-25-000012-index.htm",
        "finalLink": "https://www.sec.gov/Archives/edgar/data/912093/000091209325000012/viav-20241228.htm"
    },
    {
        "date": "2024-09-28",
        "symbol": "VIAV",
        "reportedCurrency": "USD",
        "cik": "0000912093",
        "fillingDate": "2024-11-01",
        "acceptedDate": "2024-11-01 17:11:14",
        "calendarYear": "2025",
        "period": "Q1",
        "revenue": 238200000,
        "costOfRevenue": 102100000,
        "grossProfit": 136100000,
        "grossProfitRatio": 0.5713685978,
        "researchAndDevelopmentExpenses": 49400000,
        "generalAndAdministrativeExpenses": 0,
        "sellingAndMarketingExpenses": 0,
        "sellingGeneralAndAdministrativeExpenses": 74100000,
        "otherExpenses": 0,
        "operatingExpenses": 123500000,
        "costAndExpenses": 225600000,
        "interestIncome": 3200000,
        "interestExpense": 7500000,
        "depreciationAndAmortization": 14100000,
        "ebitda": 28800000,
        "ebitdaratio": 0.120906801,
        "operatingIncome": 11500000,
        "operatingIncomeRatio": 0.0482787573,
        "totalOtherIncomeExpensesNet": -4300000,
        "incomeBeforeTax": 7200000,
        "incomeBeforeTaxRatio": 0.0302267003,
        "incomeTaxExpense": 9000000,
        "netIncome": -1800000,
        "netIncomeRatio": -0.0075566751,
        "eps": -0.0081,
        "epsdiluted": -0.0081,
        "weightedAverageShsOut": 222000000,
        "weightedAverageShsOutDil": 222000000,
        "link": "https://www.sec.gov/Archives/edgar/data/912093/000091209324000093/0000912093-24-000093-index.htm",
        "finalLink": "https://www.sec.gov/Archives/edgar/data/912093/000091209324000093/viav-20240928.htm"
    },
    {
        "date": "2024-06-30",
        "symbol": "VIAV",
        "reportedCurrency": "USD",
        "cik": "0000912093",
        "fillingDate": "2024-08-16",
        "acceptedDate": "2024-08-15 18:55:02",
        "calendarYear": "2024",
        "period": "Q4",
        "revenue": 252000000,
        "costOfRevenue": 107700000,
        "grossProfit": 144300000,
        "grossProfitRatio": 0.5726190476,
        "researchAndDevelopmentExpenses": 52500000,
        "generalAndAdministrativeExpenses": 0,
        "sellingAndMarketingExpenses": 0,
        "sellingGeneralAndAdministrativeExpenses": 84300000,
        "otherExpenses": 0,
        "operatingExpenses": 136800000,
        "costAndExpenses": 257700000,
        "interestIncome": 900000,
        "interestExpense": 7500000,
        "depreciationAndAmortization": 14200000,
        "ebitda": 12200000,
        "ebitdaratio": 0.0484126984,
        "operatingIncome": -5700000,
        "operatingIncomeRatio": -0.0226190476,
        "totalOtherIncomeExpensesNet": -3800000,
        "incomeBeforeTax": -9500000,
        "incomeBeforeTaxRatio": -0.0376984127,
        "incomeTaxExpense": 12200000,
        "netIncome": -21700000,
        "netIncomeRatio": -0.0861111111,
        "eps": -0.0974,
        "epsdiluted": -0.0974,
        "weightedAverageShsOut": 222900000,
        "weightedAverageShsOutDil": 222900000,
        "link": "https://www.sec.gov/Archives/edgar/data/912093/000091209324000063/0000912093-24-000063-index.htm",
        "finalLink": "https://www.sec.gov/Archives/edgar/data/912093/000091209324000063/viav-20240629.htm"
    },
    {
        "date": "2024-03-30",
        "symbol": "VIAV",
        "reportedCurrency": "USD",
        "cik": "0000912093",
        "fillingDate": "2024-05-03",
        "acceptedDate": "2024-05-03 16:21:28",
        "calendarYear": "2024",
        "period": "Q3",
        "revenue": 246000000,
        "costOfRevenue": 109600000,
        "grossProfit": 136400000,
        "grossProfitRatio": 0.5544715447,
        "researchAndDevelopmentExpenses": 50000000,
        "generalAndAdministrativeExpenses": 0,
        "sellingAndMarketingExpenses": 0,
        "sellingGeneralAndAdministrativeExpenses": 98800000,
        "otherExpenses": 0,
        "operatingExpenses": 148800000,
        "costAndExpenses": 258400000,
        "interestIncome": 4000000,
        "interestExpense": 7700000,
        "depreciationAndAmortization": 14600000,
        "ebitda": 6700000,
        "ebitdaratio": 0.0272357724,
        "operatingIncome": -12400000,
        "operatingIncomeRatio": -0.0504065041,
        "totalOtherIncomeExpensesNet": -3700000,
        "incomeBeforeTax": -15600000,
        "incomeBeforeTaxRatio": -0.0634146341,
        "incomeTaxExpense": 9000000,
        "netIncome": -24600000,
        "netIncomeRatio": -0.1,
        "eps": -0.11,
        "epsdiluted": -0.11,
        "weightedAverageShsOut": 223000000,
        "weightedAverageShsOutDil": 223000000,
        "link": "https://www.sec.gov/Archives/edgar/data/912093/000091209324000033/0000912093-24-000033-index.htm",
        "finalLink": "https://www.sec.gov/Archives/edgar/data/912093/000091209324000033/viav-20240330.htm"
    },
    {
        "date": "2023-12-30",
        "symbol": "VIAV",
        "reportedCurrency": "USD",
        "cik": "0000912093",
        "fillingDate": "2024-02-02",
        "acceptedDate": "2024-02-02 16:13:40",
        "calendarYear": "2024",
        "period": "Q2",
        "revenue": 254500000,
        "costOfRevenue": 106500000,
        "grossProfit": 148000000,
        "grossProfitRatio": 0.5815324165,
        "researchAndDevelopmentExpenses": 49500000,
        "generalAndAdministrativeExpenses": 0,
        "sellingAndMarketingExpenses": 0,
        "sellingGeneralAndAdministrativeExpenses": 81200000,
        "otherExpenses": -5000000,
        "operatingExpenses": 125700000,
        "costAndExpenses": 232200000,
        "interestIncome": 3800000,
        "interestExpense": 7900000,
        "depreciationAndAmortization": 14500000,
        "ebitda": 30600000,
        "ebitdaratio": 0.1202357564,
        "operatingIncome": 22400000,
        "operatingIncomeRatio": 0.0880157171,
        "totalOtherIncomeExpensesNet": -4100000,
        "incomeBeforeTax": 18300000,
        "incomeBeforeTaxRatio": 0.0719056974,
        "incomeTaxExpense": 7600000,
        "netIncome": 10700000,
        "netIncomeRatio": 0.042043222,
        "eps": 0.0481,
        "epsdiluted": 0.0479,
        "weightedAverageShsOut": 222500000,
        "weightedAverageShsOutDil": 223500000,
        "link": "https://www.sec.gov/Archives/edgar/data/912093/000091209324000009/0000912093-24-000009-index.htm",
        "finalLink": "https://www.sec.gov/Archives/edgar/data/912093/000091209324000009/viav-20231230.htm"
    },
    {
        "date": "2023-09-30",
        "symbol": "VIAV",
        "reportedCurrency": "USD",
        "cik": "0000912093",
        "fillingDate": "2023-11-03",
        "acceptedDate": "2023-11-03 16:17:03",
        "calendarYear": "2024",
        "period": "Q1",
        "revenue": 247900000,
        "costOfRevenue": 103500000,
        "grossProfit": 144400000,
        "grossProfitRatio": 0.5824929407,
        "researchAndDevelopmentExpenses": 49900000,
        "generalAndAdministrativeExpenses": 0,
        "sellingAndMarketingExpenses": 0,
        "sellingGeneralAndAdministrativeExpenses": 78600000,
        "otherExpenses": -100000,
        "operatingExpenses": 128400000,
        "costAndExpenses": 232700000,
        "interestIncome": 10200000,
        "interestExpense": 7800000,
        "depreciationAndAmortization": 15400000,
        "ebitda": 41600000,
        "ebitdaratio": 0.1678096006,
        "operatingIncome": 16000000,
        "operatingIncomeRatio": 0.0645421541,
        "totalOtherIncomeExpensesNet": 2400000,
        "incomeBeforeTax": 18400000,
        "incomeBeforeTaxRatio": 0.0742234772,
        "incomeTaxExpense": 8600000,
        "netIncome": 9800000,
        "netIncomeRatio": 0.0395320694,
        "eps": 0.0441,
        "epsdiluted": 0.0437,
        "weightedAverageShsOut": 222000000,
        "weightedAverageShsOutDil": 224200000,
        "link": "https://www.sec.gov/Archives/edgar/data/912093/000091209323000059/0000912093-23-000059-index.htm",
        "finalLink": "https://www.sec.gov/Archives/edgar/data/912093/000091209323000059/viav-20230930.htm"
    },
    {
        "date": "2023-06-30",
        "symbol": "VIAV",
        "reportedCurrency": "USD",
        "cik": "0000912093",
        "fillingDate": "2023-08-17",
        "acceptedDate": "2023-08-17 17:14:12",
        "calendarYear": "2023",
        "period": "Q4",
        "revenue": 263600000,
        "costOfRevenue": 117600000,
        "grossProfit": 146000000,
        "grossProfitRatio": 0.5538694992,
        "researchAndDevelopmentExpenses": 51600000,
        "generalAndAdministrativeExpenses": 0,
        "sellingAndMarketingExpenses": 0,
        "sellingGeneralAndAdministrativeExpenses": 78500000,
        "otherExpenses": 4100000,
        "operatingExpenses": 132300000,
        "costAndExpenses": 249900000,
        "interestIncome": 2700000,
        "interestExpense": 8100000,
        "depreciationAndAmortization": 17900000,
        "ebitda": 28300000,
        "ebitdaratio": 0.1073596358,
        "operatingIncome": 11800000,
        "operatingIncomeRatio": 0.0447647951,
        "totalOtherIncomeExpensesNet": -5400000,
        "incomeBeforeTax": 6400000,
        "incomeBeforeTaxRatio": 0.0242792109,
        "incomeTaxExpense": 6500000,
        "netIncome": -100000,
        "netIncomeRatio": -0.0003793627,
        "eps": -0.0005,
        "epsdiluted": -0.0005,
        "weightedAverageShsOut": 222200000,
        "weightedAverageShsOutDil": 222200000,
        "link": "https://www.sec.gov/Archives/edgar/data/912093/000091209323000037/0000912093-23-000037-index.htm",
        "finalLink": "https://www.sec.gov/Archives/edgar/data/912093/000091209323000037/viav-20230701.htm"
    },
    {
        "date": "2023-04-01",
        "symbol": "VIAV",
        "reportedCurrency": "USD",
        "cik": "0000912093",
        "fillingDate": "2023-05-03",
        "acceptedDate": "2023-05-03 16:35:04",
        "calendarYear": "2023",
        "period": "Q3",
        "revenue": 247800000,
        "costOfRevenue": 106800000,
        "grossProfit": 141000000,
        "grossProfitRatio": 0.5690072639,
        "researchAndDevelopmentExpenses": 50800000,
        "generalAndAdministrativeExpenses": 0,
        "sellingAndMarketingExpenses": 0,
        "sellingGeneralAndAdministrativeExpenses": 80000000,
        "otherExpenses": 2100000,
        "operatingExpenses": 132900000,
        "costAndExpenses": 239700000,
        "interestIncome": 1600000,
        "interestExpense": 7300000,
        "depreciationAndAmortization": 17300000,
        "ebitda": 14600000,
        "ebitdaratio": 0.0589184826,
        "operatingIncome": 8100000,
        "operatingIncomeRatio": 0.0326876513,
        "totalOtherIncomeExpensesNet": -7300000,
        "incomeBeforeTax": -9400000,
        "incomeBeforeTaxRatio": -0.0379338176,
        "incomeTaxExpense": 6000000,
        "netIncome": -15400000,
        "netIncomeRatio": -0.0621468927,
        "eps": -0.0687,
        "epsdiluted": -0.0687,
        "weightedAverageShsOut": 224100000,
        "weightedAverageShsOutDil": 224100000,
        "link": "https://www.sec.gov/Archives/edgar/data/912093/000091209323000028/0000912093-23-000028-index.htm",
        "finalLink": "https://www.sec.gov/Archives/edgar/data/912093/000091209323000028/viav-20230401.htm"
    },
    {
        "date": "2022-12-31",
        "symbol": "VIAV",
        "reportedCurrency": "USD",
        "cik": "0000912093",
        "fillingDate": "2023-02-03",
        "acceptedDate": "2023-02-03 16:07:51",
        "calendarYear": "2023",
        "period": "Q2",
        "revenue": 284500000,
        "costOfRevenue": 117500000,
        "grossProfit": 167000000,
        "grossProfitRatio": 0.5869947276,
        "researchAndDevelopmentExpenses": 51900000,
        "generalAndAdministrativeExpenses": 0,
        "sellingAndMarketingExpenses": 0,
        "sellingGeneralAndAdministrativeExpenses": 90000000,
        "otherExpenses": 2200000,
        "operatingExpenses": 144100000,
        "costAndExpenses": 261600000,
        "interestIncome": 2200000,
        "interestExpense": 6200000,
        "depreciationAndAmortization": 16500000,
        "ebitda": 40700000,
        "ebitdaratio": 0.1430579965,
        "operatingIncome": 22900000,
        "operatingIncomeRatio": 0.0804920914,
        "totalOtherIncomeExpensesNet": -4000000,
        "incomeBeforeTax": 18900000,
        "incomeBeforeTaxRatio": 0.0664323374,
        "incomeTaxExpense": 10500000,
        "netIncome": 8400000,
        "netIncomeRatio": 0.0295254833,
        "eps": 0.0372,
        "epsdiluted": 0.037,
        "weightedAverageShsOut": 225900000,
        "weightedAverageShsOutDil": 227100000,
        "link": "https://www.sec.gov/Archives/edgar/data/912093/000091209323000011/0000912093-23-000011-index.htm",
        "finalLink": "https://www.sec.gov/Archives/edgar/data/912093/000091209323000011/viav-20221231.htm"
    },
    {
        "date": "2022-10-01",
        "symbol": "VIAV",
        "reportedCurrency": "USD",
        "cik": "0000912093",
        "fillingDate": "2022-11-04",
        "acceptedDate": "2022-11-04 16:14:42",
        "calendarYear": "2023",
        "period": "Q1",
        "revenue": 310200000,
        "costOfRevenue": 125400000,
        "grossProfit": 184800000,
        "grossProfitRatio": 0.5957446809,
        "researchAndDevelopmentExpenses": 52600000,
        "generalAndAdministrativeExpenses": 0,
        "sellingAndMarketingExpenses": 0,
        "sellingGeneralAndAdministrativeExpenses": 80200000,
        "otherExpenses": 2200000,
        "operatingExpenses": 135000000,
        "costAndExpenses": 260400000,
        "interestIncome": 1100000,
        "interestExpense": 5500000,
        "depreciationAndAmortization": 17800000,
        "ebitda": 61700000,
        "ebitdaratio": 0.1989039329,
        "operatingIncome": 49800000,
        "operatingIncomeRatio": 0.1605415861,
        "totalOtherIncomeExpensesNet": -5000000,
        "incomeBeforeTax": 44800000,
        "incomeBeforeTaxRatio": 0.1444229529,
        "incomeTaxExpense": 12200000,
        "netIncome": 32600000,
        "netIncomeRatio": 0.1050934881,
        "eps": 0.14,
        "epsdiluted": 0.14,
        "weightedAverageShsOut": 226300000,
        "weightedAverageShsOutDil": 230400000,
        "link": "https://www.sec.gov/Archives/edgar/data/912093/000091209322000066/0000912093-22-000066-index.htm",
        "finalLink": "https://www.sec.gov/Archives/edgar/data/912093/000091209322000066/viav-20221001.htm"
    },
    {
        "date": "2022-06-30",
        "symbol": "VIAV",
        "reportedCurrency": "USD",
        "cik": "0000912093",
        "fillingDate": "2022-08-19",
        "acceptedDate": "2022-08-19 16:24:41",
        "calendarYear": "2022",
        "period": "Q4",
        "revenue": 335300000,
        "costOfRevenue": 134200000,
        "grossProfit": 201100000,
        "grossProfitRatio": 0.5997614077,
        "researchAndDevelopmentExpenses": 54200000,
        "generalAndAdministrativeExpenses": 0,
        "sellingAndMarketingExpenses": 0,
        "sellingGeneralAndAdministrativeExpenses": 96700000,
        "otherExpenses": 2200000,
        "operatingExpenses": 153100000,
        "costAndExpenses": 287300000,
        "interestIncome": 300000,
        "interestExpense": 7200000,
        "depreciationAndAmortization": 18300000,
        "ebitda": 66700000,
        "ebitdaratio": 0.1989263346,
        "operatingIncome": 48000000,
        "operatingIncomeRatio": 0.1431553832,
        "totalOtherIncomeExpensesNet": -7200000,
        "incomeBeforeTax": 40800000,
        "incomeBeforeTaxRatio": 0.1216820758,
        "incomeTaxExpense": 24300000,
        "netIncome": 16500000,
        "netIncomeRatio": 0.049209663,
        "eps": 0.0726,
        "epsdiluted": 0.0713,
        "weightedAverageShsOut": 227300000,
        "weightedAverageShsOutDil": 231300000,
        "link": "https://www.sec.gov/Archives/edgar/data/912093/000091209322000042/0000912093-22-000042-index.htm",
        "finalLink": "https://www.sec.gov/Archives/edgar/data/912093/000091209322000042/viav-20220702.htm"
    },
    {
        "date": "2022-04-02",
        "symbol": "VIAV",
        "reportedCurrency": "USD",
        "cik": "0000912093",
        "fillingDate": "2022-05-05",
        "acceptedDate": "2022-05-05 17:08:09",
        "calendarYear": "2022",
        "period": "Q3",
        "revenue": 315500000,
        "costOfRevenue": 128600000,
        "grossProfit": 186900000,
        "grossProfitRatio": 0.5923930269,
        "researchAndDevelopmentExpenses": 54900000,
        "generalAndAdministrativeExpenses": 0,
        "sellingAndMarketingExpenses": 0,
        "sellingGeneralAndAdministrativeExpenses": 89000000,
        "otherExpenses": 2200000,
        "operatingExpenses": 146100000,
        "costAndExpenses": 274700000,
        "interestIncome": 600000,
        "interestExpense": 12200000,
        "depreciationAndAmortization": 21900000,
        "ebitda": 62800000,
        "ebitdaratio": 0.1990491284,
        "operatingIncome": 40800000,
        "operatingIncomeRatio": 0.129318542,
        "totalOtherIncomeExpensesNet": -12200000,
        "incomeBeforeTax": 28600000,
        "incomeBeforeTaxRatio": 0.0906497623,
        "incomeTaxExpense": 9400000,
        "netIncome": 19200000,
        "netIncomeRatio": 0.0608557845,
        "eps": 0.0838,
        "epsdiluted": 0.0811,
        "weightedAverageShsOut": 229200000,
        "weightedAverageShsOutDil": 236800000,
        "link": "https://www.sec.gov/Archives/edgar/data/912093/000091209322000025/0000912093-22-000025-index.htm",
        "finalLink": "https://www.sec.gov/Archives/edgar/data/912093/000091209322000025/viav-20220402.htm"
    },
    {
        "date": "2022-01-01",
        "symbol": "VIAV",
        "reportedCurrency": "USD",
        "cik": "0000912093",
        "fillingDate": "2022-02-07",
        "acceptedDate": "2022-02-07 16:24:18",
        "calendarYear": "2022",
        "period": "Q2",
        "revenue": 314800000,
        "costOfRevenue": 124300000,
        "grossProfit": 190500000,
        "grossProfitRatio": 0.6051461245,
        "researchAndDevelopmentExpenses": 50500000,
        "generalAndAdministrativeExpenses": 0,
        "sellingAndMarketingExpenses": 0,
        "sellingGeneralAndAdministrativeExpenses": 88200000,
        "otherExpenses": 2600000,
        "operatingExpenses": 141300000,
        "costAndExpenses": 265600000,
        "interestIncome": 1100000,
        "interestExpense": 12400000,
        "depreciationAndAmortization": 18900000,
        "ebitda": 68100000,
        "ebitdaratio": 0.2163278272,
        "operatingIncome": 49300000,
        "operatingIncomeRatio": 0.1566073698,
        "totalOtherIncomeExpensesNet": -12400000,
        "incomeBeforeTax": 36900000,
        "incomeBeforeTaxRatio": 0.1172172808,
        "incomeTaxExpense": 2300000,
        "netIncome": 34600000,
        "netIncomeRatio": 0.1099110546,
        "eps": 0.15,
        "epsdiluted": 0.15,
        "weightedAverageShsOut": 236000000,
        "weightedAverageShsOutDil": 242300000,
        "link": "https://www.sec.gov/Archives/edgar/data/912093/000091209322000014/0000912093-22-000014-index.htm",
        "finalLink": "https://www.sec.gov/Archives/edgar/data/912093/000091209322000014/viav-20220101.htm"
    },
    {
        "date": "2021-10-02",
        "symbol": "VIAV",
        "reportedCurrency": "USD",
        "cik": "0000912093",
        "fillingDate": "2021-11-08",
        "acceptedDate": "2021-11-08 17:09:48",
        "calendarYear": "2022",
        "period": "Q1",
        "revenue": 326800000,
        "costOfRevenue": 131800000,
        "grossProfit": 195000000,
        "grossProfitRatio": 0.5966952264,
        "researchAndDevelopmentExpenses": 53600000,
        "generalAndAdministrativeExpenses": 0,
        "sellingAndMarketingExpenses": 0,
        "sellingGeneralAndAdministrativeExpenses": 91800000,
        "otherExpenses": 2700000,
        "operatingExpenses": 148100000,
        "costAndExpenses": 279900000,
        "interestIncome": 1400000,
        "interestExpense": 88100000,
        "depreciationAndAmortization": 19500000,
        "ebitda": -18100000,
        "ebitdaratio": -0.0553855569,
        "operatingIncome": 46900000,
        "operatingIncomeRatio": 0.1435128519,
        "totalOtherIncomeExpensesNet": -88100000,
        "incomeBeforeTax": -41200000,
        "incomeBeforeTaxRatio": -0.1260709914,
        "incomeTaxExpense": 13600000,
        "netIncome": -54800000,
        "netIncomeRatio": -0.1676866585,
        "eps": -0.24,
        "epsdiluted": -0.24,
        "weightedAverageShsOut": 228333333,
        "weightedAverageShsOutDil": 231100000,
        "link": "https://www.sec.gov/Archives/edgar/data/912093/000091209321000153/0000912093-21-000153-index.htm",
        "finalLink": "https://www.sec.gov/Archives/edgar/data/912093/000091209321000153/viav-20211002.htm"
    },
    {
        "date": "2021-06-30",
        "symbol": "VIAV",
        "reportedCurrency": "USD",
        "cik": "0000912093",
        "fillingDate": "2021-08-23",
        "acceptedDate": "2021-08-23 16:21:48",
        "calendarYear": "2021",
        "period": "Q4",
        "revenue": 310900000,
        "costOfRevenue": 128000000,
        "grossProfit": 182900000,
        "grossProfitRatio": 0.5882920553,
        "researchAndDevelopmentExpenses": 52100000,
        "generalAndAdministrativeExpenses": 0,
        "sellingAndMarketingExpenses": 0,
        "sellingGeneralAndAdministrativeExpenses": 90500000,
        "otherExpenses": 8400000,
        "operatingExpenses": 151000000,
        "costAndExpenses": 279000000,
        "interestIncome": 2500000,
        "interestExpense": 9100000,
        "depreciationAndAmortization": 25700000,
        "ebitda": 56400000,
        "ebitdaratio": 0.1814088131,
        "operatingIncome": 32700000,
        "operatingIncomeRatio": 0.105178514,
        "totalOtherIncomeExpensesNet": -6600000,
        "incomeBeforeTax": 26100000,
        "incomeBeforeTaxRatio": 0.0839498231,
        "incomeTaxExpense": 28000000,
        "netIncome": -1900000,
        "netIncomeRatio": -0.0061112898,
        "eps": -0.0083,
        "epsdiluted": -0.0083,
        "weightedAverageShsOut": 228400000,
        "weightedAverageShsOutDil": 228400000,
        "link": "https://www.sec.gov/Archives/edgar/data/912093/000091209321000128/0000912093-21-000128-index.htm",
        "finalLink": "https://www.sec.gov/Archives/edgar/data/912093/000091209321000128/viav-20210703.htm"
    },
    {
        "date": "2021-04-03",
        "symbol": "VIAV",
        "reportedCurrency": "USD",
        "cik": "0000912093",
        "fillingDate": "2021-05-07",
        "acceptedDate": "2021-05-07 16:17:51",
        "calendarYear": "2021",
        "period": "Q3",
        "revenue": 303400000,
        "costOfRevenue": 121400000,
        "grossProfit": 182000000,
        "grossProfitRatio": 0.5998681608,
        "researchAndDevelopmentExpenses": 52100000,
        "generalAndAdministrativeExpenses": 0,
        "sellingAndMarketingExpenses": 0,
        "sellingGeneralAndAdministrativeExpenses": 86100000,
        "otherExpenses": 8300000,
        "operatingExpenses": 146500000,
        "costAndExpenses": 267900000,
        "interestIncome": 0,
        "interestExpense": 3600000,
        "depreciationAndAmortization": 8300000,
        "ebitda": 58900000,
        "ebitdaratio": 0.1941331575,
        "operatingIncome": 35900000,
        "operatingIncomeRatio": 0.1183256427,
        "totalOtherIncomeExpensesNet": -9900000,
        "incomeBeforeTax": 26000000,
        "incomeBeforeTaxRatio": 0.0856954515,
        "incomeTaxExpense": 14200000,
        "netIncome": 11800000,
        "netIncomeRatio": 0.0388925511,
        "eps": 0.08,
        "epsdiluted": 0.07,
        "weightedAverageShsOut": 228700000,
        "weightedAverageShsOutDil": 240200000,
        "link": "https://www.sec.gov/Archives/edgar/data/912093/000091209321000072/0000912093-21-000072-index.htm",
        "finalLink": "https://www.sec.gov/Archives/edgar/data/912093/000091209321000072/viav-20210403.htm"
    },
    {
        "date": "2021-01-02",
        "symbol": "VIAV",
        "reportedCurrency": "USD",
        "cik": "0000912093",
        "fillingDate": "2021-02-09",
        "acceptedDate": "2021-02-09 16:12:10",
        "calendarYear": "2021",
        "period": "Q2",
        "revenue": 299900000,
        "costOfRevenue": 119800000,
        "grossProfit": 180100000,
        "grossProfitRatio": 0.6005335112,
        "researchAndDevelopmentExpenses": 50000000,
        "generalAndAdministrativeExpenses": 0,
        "sellingAndMarketingExpenses": 0,
        "sellingGeneralAndAdministrativeExpenses": 79500000,
        "otherExpenses": 8100000,
        "operatingExpenses": 137600000,
        "costAndExpenses": 257400000,
        "interestIncome": 1100000,
        "interestExpense": 3600000,
        "depreciationAndAmortization": 8100000,
        "ebitda": 65900000,
        "ebitdaratio": 0.2197399133,
        "operatingIncome": 42300000,
        "operatingIncomeRatio": 0.1410470157,
        "totalOtherIncomeExpensesNet": -7900000,
        "incomeBeforeTax": 34400000,
        "incomeBeforeTaxRatio": 0.1147049016,
        "incomeTaxExpense": 12500000,
        "netIncome": 21900000,
        "netIncomeRatio": 0.0730243414,
        "eps": 0.12,
        "epsdiluted": 0.12,
        "weightedAverageShsOut": 228800000,
        "weightedAverageShsOutDil": 231100000,
        "link": "https://www.sec.gov/Archives/edgar/data/912093/000091209321000027/0000912093-21-000027-index.htm",
        "finalLink": "https://www.sec.gov/Archives/edgar/data/912093/000091209321000027/viav-20210102.htm"
    },
    {
        "date": "2020-10-03",
        "symbol": "VIAV",
        "reportedCurrency": "USD",
        "cik": "0000912093",
        "fillingDate": "2020-11-10",
        "acceptedDate": "2020-11-10 16:11:47",
        "calendarYear": "2021",
        "period": "Q1",
        "revenue": 284700000,
        "costOfRevenue": 115300000,
        "grossProfit": 169400000,
        "grossProfitRatio": 0.5950122936,
        "researchAndDevelopmentExpenses": 48800000,
        "generalAndAdministrativeExpenses": 0,
        "sellingAndMarketingExpenses": 0,
        "sellingGeneralAndAdministrativeExpenses": 81400000,
        "otherExpenses": 8500000,
        "operatingExpenses": 138700000,
        "costAndExpenses": 254000000,
        "interestIncome": 600000,
        "interestExpense": 3600000,
        "depreciationAndAmortization": 8500000,
        "ebitda": 56200000,
        "ebitdaratio": 0.1974007727,
        "operatingIncome": 31300000,
        "operatingIncomeRatio": 0.109940288,
        "totalOtherIncomeExpensesNet": -8400000,
        "incomeBeforeTax": 22900000,
        "incomeBeforeTaxRatio": 0.0804355462,
        "incomeTaxExpense": 8600000,
        "netIncome": 14300000,
        "netIncomeRatio": 0.0502283105,
        "eps": 0.09,
        "epsdiluted": 0.08,
        "weightedAverageShsOut": 228800000,
        "weightedAverageShsOutDil": 231800000,
        "link": "https://www.sec.gov/Archives/edgar/data/912093/000091209320000101/0000912093-20-000101-index.htm",
        "finalLink": "https://www.sec.gov/Archives/edgar/data/912093/000091209320000101/viavq1fy2110-q.htm"
    },
    {
        "date": "2020-06-30",
        "symbol": "VIAV",
        "reportedCurrency": "USD",
        "cik": "0000912093",
        "fillingDate": "2020-08-24",
        "acceptedDate": "2020-08-24 16:20:29",
        "calendarYear": "2020",
        "period": "Q4",
        "revenue": 266600000,
        "costOfRevenue": 112000000,
        "grossProfit": 154600000,
        "grossProfitRatio": 0.5798949737,
        "researchAndDevelopmentExpenses": 45000000,
        "generalAndAdministrativeExpenses": 0,
        "sellingAndMarketingExpenses": 0,
        "sellingGeneralAndAdministrativeExpenses": 51900000,
        "otherExpenses": 8700000,
        "operatingExpenses": 105600000,
        "costAndExpenses": 217600000,
        "interestIncome": 300000,
        "interestExpense": 8600000,
        "depreciationAndAmortization": 8700000,
        "ebitda": 49200000,
        "ebitdaratio": 0.1845461365,
        "operatingIncome": 43300000,
        "operatingIncomeRatio": 0.1624156039,
        "totalOtherIncomeExpensesNet": -8300000,
        "incomeBeforeTax": 35000000,
        "incomeBeforeTaxRatio": 0.1312828207,
        "incomeTaxExpense": 8300000,
        "netIncome": 26700000,
        "netIncomeRatio": 0.1001500375,
        "eps": 0.12,
        "epsdiluted": 0.12,
        "weightedAverageShsOut": 228100000,
        "weightedAverageShsOutDil": 230300000,
        "link": "https://www.sec.gov/Archives/edgar/data/912093/000091209320000057/0000912093-20-000057-index.htm",
        "finalLink": "https://www.sec.gov/Archives/edgar/data/912093/000091209320000057/viavq4fy2010-k.htm"
    },
    {
        "date": "2020-03-28",
        "symbol": "VIAV",
        "reportedCurrency": "USD",
        "cik": "0000912093",
        "fillingDate": "2020-05-07",
        "acceptedDate": "2020-05-07 16:33:28",
        "calendarYear": "2020",
        "period": "Q3",
        "revenue": 256200000,
        "costOfRevenue": 109400000,
        "grossProfit": 146800000,
        "grossProfitRatio": 0.5729898517,
        "researchAndDevelopmentExpenses": 46800000,
        "generalAndAdministrativeExpenses": 0,
        "sellingAndMarketingExpenses": 0,
        "sellingGeneralAndAdministrativeExpenses": 83600000,
        "otherExpenses": 8900000,
        "operatingExpenses": 139300000,
        "costAndExpenses": 248700000,
        "interestIncome": 5300000,
        "interestExpense": 8400000,
        "depreciationAndAmortization": 8900000,
        "ebitda": 41600000,
        "ebitdaratio": 0.162373146,
        "operatingIncome": 9100000,
        "operatingIncomeRatio": 0.0355191257,
        "totalOtherIncomeExpensesNet": -3100000,
        "incomeBeforeTax": 6000000,
        "incomeBeforeTaxRatio": 0.0234192037,
        "incomeTaxExpense": 38800000,
        "netIncome": -32800000,
        "netIncomeRatio": -0.1280249805,
        "eps": -0.14,
        "epsdiluted": -0.14,
        "weightedAverageShsOut": 230000000,
        "weightedAverageShsOutDil": 230000000,
        "link": "https://www.sec.gov/Archives/edgar/data/912093/000091209320000030/0000912093-20-000030-index.htm",
        "finalLink": "https://www.sec.gov/Archives/edgar/data/912093/000091209320000030/viavq3fy2010-q.htm"
    },
    {
        "date": "2019-12-28",
        "symbol": "VIAV",
        "reportedCurrency": "USD",
        "cik": "0000912093",
        "fillingDate": "2020-02-06",
        "acceptedDate": "2020-02-06 08:44:16",
        "calendarYear": "2020",
        "period": "Q2",
        "revenue": 313700000,
        "costOfRevenue": 124200000,
        "grossProfit": 189500000,
        "grossProfitRatio": 0.6040803315,
        "researchAndDevelopmentExpenses": 50300000,
        "generalAndAdministrativeExpenses": 0,
        "sellingAndMarketingExpenses": 0,
        "sellingGeneralAndAdministrativeExpenses": 86300000,
        "otherExpenses": 8800000,
        "operatingExpenses": 145400000,
        "costAndExpenses": 269600000,
        "interestIncome": 1300000,
        "interestExpense": 8400000,
        "depreciationAndAmortization": 8800000,
        "ebitda": 65500000,
        "ebitdaratio": 0.2087982149,
        "operatingIncome": 45000000,
        "operatingIncomeRatio": 0.1434491552,
        "totalOtherIncomeExpensesNet": -7100000,
        "incomeBeforeTax": 37900000,
        "incomeBeforeTaxRatio": 0.1208160663,
        "incomeTaxExpense": 9900000,
        "netIncome": 28000000,
        "netIncomeRatio": 0.0892572522,
        "eps": 0.12,
        "epsdiluted": 0.12,
        "weightedAverageShsOut": 230000000,
        "weightedAverageShsOutDil": 238300000,
        "link": "https://www.sec.gov/Archives/edgar/data/912093/000091209320000004/0000912093-20-000004-index.htm",
        "finalLink": "https://www.sec.gov/Archives/edgar/data/912093/000091209320000004/viavq2fy2010-q.htm"
    },
    {
        "date": "2019-09-28",
        "symbol": "VIAV",
        "reportedCurrency": "USD",
        "cik": "0000912093",
        "fillingDate": "2019-11-05",
        "acceptedDate": "2019-11-05 16:16:06",
        "calendarYear": "2020",
        "period": "Q1",
        "revenue": 299800000,
        "costOfRevenue": 125400000,
        "grossProfit": 174400000,
        "grossProfitRatio": 0.5817211474,
        "researchAndDevelopmentExpenses": 51500000,
        "generalAndAdministrativeExpenses": 0,
        "sellingAndMarketingExpenses": 0,
        "sellingGeneralAndAdministrativeExpenses": 93200000,
        "otherExpenses": 8700000,
        "operatingExpenses": 153400000,
        "costAndExpenses": 278800000,
        "interestIncome": 2700000,
        "interestExpense": 8300000,
        "depreciationAndAmortization": 8700000,
        "ebitda": 49700000,
        "ebitdaratio": 0.1657771848,
        "operatingIncome": 20700000,
        "operatingIncomeRatio": 0.0690460307,
        "totalOtherIncomeExpensesNet": -5600000,
        "incomeBeforeTax": 15100000,
        "incomeBeforeTaxRatio": 0.0503669113,
        "incomeTaxExpense": 8300000,
        "netIncome": 6800000,
        "netIncomeRatio": 0.0226817879,
        "eps": 0.03,
        "epsdiluted": 0.03,
        "weightedAverageShsOut": 229400000,
        "weightedAverageShsOutDil": 236400000,
        "link": "https://www.sec.gov/Archives/edgar/data/912093/000091209319000060/0000912093-19-000060-index.htm",
        "finalLink": "https://www.sec.gov/Archives/edgar/data/912093/000091209319000060/viavq1fy2010-q.htm"
    },
    {
        "date": "2019-06-30",
        "symbol": "VIAV",
        "reportedCurrency": "USD",
        "cik": "0000912093",
        "fillingDate": "2019-08-27",
        "acceptedDate": "2019-08-27 09:01:50",
        "calendarYear": "2019",
        "period": "Q4",
        "revenue": 289700000,
        "costOfRevenue": 120200000,
        "grossProfit": 169500000,
        "grossProfitRatio": 0.5850880221,
        "researchAndDevelopmentExpenses": 49800000,
        "generalAndAdministrativeExpenses": 0,
        "sellingAndMarketingExpenses": 0,
        "sellingGeneralAndAdministrativeExpenses": 83800000,
        "otherExpenses": 8700000,
        "operatingExpenses": 142300000,
        "costAndExpenses": 262500000,
        "interestIncome": 3600000,
        "interestExpense": 8100000,
        "depreciationAndAmortization": 8700000,
        "ebitda": 48700000,
        "ebitdaratio": 0.1681049361,
        "operatingIncome": 27800000,
        "operatingIncomeRatio": 0.0959613393,
        "totalOtherIncomeExpensesNet": -6000000,
        "incomeBeforeTax": 21800000,
        "incomeBeforeTaxRatio": 0.0752502589,
        "incomeTaxExpense": 9300000,
        "netIncome": 12500000,
        "netIncomeRatio": 0.0431480842,
        "eps": 0.05,
        "epsdiluted": 0.05,
        "weightedAverageShsOut": 228700000,
        "weightedAverageShsOutDil": 232500000,
        "link": "https://www.sec.gov/Archives/edgar/data/912093/000091209319000023/0000912093-19-000023-index.htm",
        "finalLink": "https://www.sec.gov/Archives/edgar/data/912093/000091209319000023/viavq4fy1910-k.htm"
    },
    {
        "date": "2019-03-30",
        "symbol": "VIAV",
        "reportedCurrency": "USD",
        "cik": "0000912093",
        "fillingDate": "2019-05-08",
        "acceptedDate": "2019-05-08 16:16:43",
        "calendarYear": "2019",
        "period": "Q3",
        "revenue": 265200000,
        "costOfRevenue": 111700000,
        "grossProfit": 153500000,
        "grossProfitRatio": 0.5788084465,
        "researchAndDevelopmentExpenses": 48700000,
        "generalAndAdministrativeExpenses": 0,
        "sellingAndMarketingExpenses": 0,
        "sellingGeneralAndAdministrativeExpenses": 86800000,
        "otherExpenses": 9200000,
        "operatingExpenses": 144700000,
        "costAndExpenses": 256400000,
        "interestIncome": 900000,
        "interestExpense": 8000000,
        "depreciationAndAmortization": 9200000,
        "ebitda": 35900000,
        "ebitdaratio": 0.1353695324,
        "operatingIncome": 7900000,
        "operatingIncomeRatio": 0.0297888386,
        "totalOtherIncomeExpensesNet": -7100000,
        "incomeBeforeTax": 800000,
        "incomeBeforeTaxRatio": 0.0030165913,
        "incomeTaxExpense": 5600000,
        "netIncome": -4800000,
        "netIncomeRatio": -0.0180995475,
        "eps": -0.021,
        "epsdiluted": -0.021,
        "weightedAverageShsOut": 228300000,
        "weightedAverageShsOutDil": 228300000,
        "link": "https://www.sec.gov/Archives/edgar/data/912093/000091209319000008/0000912093-19-000008-index.htm",
        "finalLink": "https://www.sec.gov/Archives/edgar/data/912093/000091209319000008/viavq3fy1910-q.htm"
    },
    {
        "date": "2018-12-29",
        "symbol": "VIAV",
        "reportedCurrency": "USD",
        "cik": "0000912093",
        "fillingDate": "2019-02-06",
        "acceptedDate": "2019-02-06 16:55:03",
        "calendarYear": "2019",
        "period": "Q2",
        "revenue": 306900000,
        "costOfRevenue": 128900000,
        "grossProfit": 178000000,
        "grossProfitRatio": 0.5799934832,
        "researchAndDevelopmentExpenses": 45900000,
        "generalAndAdministrativeExpenses": 0,
        "sellingAndMarketingExpenses": 0,
        "sellingGeneralAndAdministrativeExpenses": 88500000,
        "otherExpenses": 10400000,
        "operatingExpenses": 144800000,
        "costAndExpenses": 273700000,
        "interestIncome": 1500000,
        "interestExpense": 8100000,
        "depreciationAndAmortization": 10400000,
        "ebitda": 62300000,
        "ebitdaratio": 0.2029977191,
        "operatingIncome": 32900000,
        "operatingIncomeRatio": 0.1072010427,
        "totalOtherIncomeExpensesNet": -6600000,
        "incomeBeforeTax": 26300000,
        "incomeBeforeTaxRatio": 0.0856956663,
        "incomeTaxExpense": 10900000,
        "netIncome": 13000000,
        "netIncomeRatio": 0.0423590746,
        "eps": 0.06,
        "epsdiluted": 0.06,
        "weightedAverageShsOut": 228300000,
        "weightedAverageShsOutDil": 230400000,
        "link": "https://www.sec.gov/Archives/edgar/data/912093/000091209319000004/0000912093-19-000004-index.htm",
        "finalLink": "https://www.sec.gov/Archives/edgar/data/912093/000091209319000004/viavq2fy1910-q.htm"
    },
    {
        "date": "2018-09-29",
        "symbol": "VIAV",
        "reportedCurrency": "USD",
        "cik": "0000912093",
        "fillingDate": "2018-11-07",
        "acceptedDate": "2018-11-07 16:15:54",
        "calendarYear": "2019",
        "period": "Q1",
        "revenue": 268500000,
        "costOfRevenue": 118100000,
        "grossProfit": 150400000,
        "grossProfitRatio": 0.5601489758,
        "researchAndDevelopmentExpenses": 42600000,
        "generalAndAdministrativeExpenses": 0,
        "sellingAndMarketingExpenses": 0,
        "sellingGeneralAndAdministrativeExpenses": 84400000,
        "otherExpenses": 9800000,
        "operatingExpenses": 136800000,
        "costAndExpenses": 254900000,
        "interestIncome": 1700000,
        "interestExpense": 10100000,
        "depreciationAndAmortization": 9800000,
        "ebitda": 42700000,
        "ebitdaratio": 0.1590316574,
        "operatingIncome": -1200000,
        "operatingIncomeRatio": -0.0044692737,
        "totalOtherIncomeExpensesNet": -8400000,
        "incomeBeforeTax": -9600000,
        "incomeBeforeTaxRatio": -0.0357541899,
        "incomeTaxExpense": 5700000,
        "netIncome": -15300000,
        "netIncomeRatio": -0.0569832402,
        "eps": -0.07,
        "epsdiluted": -0.0673,
        "weightedAverageShsOut": 218571428,
        "weightedAverageShsOutDil": 227200000,
        "link": "https://www.sec.gov/Archives/edgar/data/912093/000091209318000065/0000912093-18-000065-index.htm",
        "finalLink": "https://www.sec.gov/Archives/edgar/data/912093/000091209318000065/viavq1fy1910-q.htm"
    },
    {
        "date": "2018-06-30",
        "symbol": "VIAV",
        "reportedCurrency": "USD",
        "cik": "0000912093",
        "fillingDate": "2018-08-28",
        "acceptedDate": "2018-08-28 16:36:46",
        "calendarYear": "2018",
        "period": "Q4",
        "revenue": 264000000,
        "costOfRevenue": 127800000,
        "grossProfit": 136200000,
        "grossProfitRatio": 0.5159090909,
        "researchAndDevelopmentExpenses": 42200000,
        "generalAndAdministrativeExpenses": 0,
        "sellingAndMarketingExpenses": 0,
        "sellingGeneralAndAdministrativeExpenses": 89000000,
        "otherExpenses": 10000000,
        "operatingExpenses": 141200000,
        "costAndExpenses": 269000000,
        "interestIncome": 9300000,
        "interestExpense": 11700000,
        "depreciationAndAmortization": 10000000,
        "ebitda": 26600000,
        "ebitdaratio": 0.1007575758,
        "operatingIncome": -9000000,
        "operatingIncomeRatio": -0.0340909091,
        "totalOtherIncomeExpensesNet": -8600000,
        "incomeBeforeTax": -17600000,
        "incomeBeforeTaxRatio": -0.0666666667,
        "incomeTaxExpense": 11200000,
        "netIncome": -28800000,
        "netIncomeRatio": -0.1090909091,
        "eps": -0.13,
        "epsdiluted": -0.13,
        "weightedAverageShsOut": 226500000,
        "weightedAverageShsOutDil": 226500000,
        "link": "https://www.sec.gov/Archives/edgar/data/912093/000091209318000059/0000912093-18-000059-index.htm",
        "finalLink": "https://www.sec.gov/Archives/edgar/data/912093/000091209318000059/viavq4fy1810-k.htm"
    },
    {
        "date": "2018-03-31",
        "symbol": "VIAV",
        "reportedCurrency": "USD",
        "cik": "0000912093",
        "fillingDate": "2018-05-09",
        "acceptedDate": "2018-05-08 21:16:29",
        "calendarYear": "2018",
        "period": "Q3",
        "revenue": 219400000,
        "costOfRevenue": 95700000,
        "grossProfit": 123700000,
        "grossProfitRatio": 0.563810392,
        "researchAndDevelopmentExpenses": 32100000,
        "generalAndAdministrativeExpenses": 0,
        "sellingAndMarketingExpenses": 0,
        "sellingGeneralAndAdministrativeExpenses": 86400000,
        "otherExpenses": 4500000,
        "operatingExpenses": 123000000,
        "costAndExpenses": 218700000,
        "interestIncome": 3500000,
        "interestExpense": 11400000,
        "depreciationAndAmortization": 4500000,
        "ebitda": 23900000,
        "ebitdaratio": 0.1089334549,
        "operatingIncome": 400000,
        "operatingIncomeRatio": 0.0018231541,
        "totalOtherIncomeExpensesNet": -8000000,
        "incomeBeforeTax": -7600000,
        "incomeBeforeTaxRatio": -0.0346399271,
        "incomeTaxExpense": 1100000,
        "netIncome": -8700000,
        "netIncomeRatio": -0.0396536007,
        "eps": -0.0384,
        "epsdiluted": -0.0384,
        "weightedAverageShsOut": 226300000,
        "weightedAverageShsOutDil": 226300000,
        "link": "https://www.sec.gov/Archives/edgar/data/912093/000091209318000029/0000912093-18-000029-index.htm",
        "finalLink": "https://www.sec.gov/Archives/edgar/data/912093/000091209318000029/viavq3fy1810-q.htm"
    },
    {
        "date": "2017-12-30",
        "symbol": "VIAV",
        "reportedCurrency": "USD",
        "cik": "0000912093",
        "fillingDate": "2018-02-07",
        "acceptedDate": "2018-02-06 18:15:59",
        "calendarYear": "2018",
        "period": "Q2",
        "revenue": 201800000,
        "costOfRevenue": 85700000,
        "grossProfit": 116100000,
        "grossProfitRatio": 0.5753221011,
        "researchAndDevelopmentExpenses": 29900000,
        "generalAndAdministrativeExpenses": 0,
        "sellingAndMarketingExpenses": 0,
        "sellingGeneralAndAdministrativeExpenses": 76600000,
        "otherExpenses": 3400000,
        "operatingExpenses": 109900000,
        "costAndExpenses": 195600000,
        "interestIncome": 2900000,
        "interestExpense": 11700000,
        "depreciationAndAmortization": 3400000,
        "ebitda": 26700000,
        "ebitdaratio": 0.132309217,
        "operatingIncome": 3700000,
        "operatingIncomeRatio": 0.0183349851,
        "totalOtherIncomeExpensesNet": -8800000,
        "incomeBeforeTax": -5100000,
        "incomeBeforeTaxRatio": -0.0252725471,
        "incomeTaxExpense": -1400000,
        "netIncome": -3700000,
        "netIncomeRatio": -0.0183349851,
        "eps": -0.0163,
        "epsdiluted": -0.0163,
        "weightedAverageShsOut": 227400000,
        "weightedAverageShsOutDil": 227400000,
        "link": "https://www.sec.gov/Archives/edgar/data/912093/000091209318000010/0000912093-18-000010-index.htm",
        "finalLink": "https://www.sec.gov/Archives/edgar/data/912093/000091209318000010/viavq2fy1810-q.htm"
    },
    {
        "date": "2017-09-30",
        "symbol": "VIAV",
        "reportedCurrency": "USD",
        "cik": "0000912093",
        "fillingDate": "2017-11-08",
        "acceptedDate": "2017-11-07 18:13:59",
        "calendarYear": "2018",
        "period": "Q1",
        "revenue": 195200000,
        "costOfRevenue": 79000000,
        "grossProfit": 116200000,
        "grossProfitRatio": 0.5952868852,
        "researchAndDevelopmentExpenses": 29100000,
        "generalAndAdministrativeExpenses": 0,
        "sellingAndMarketingExpenses": 0,
        "sellingGeneralAndAdministrativeExpenses": 72500000,
        "otherExpenses": 3100000,
        "operatingExpenses": 104700000,
        "costAndExpenses": 183700000,
        "interestIncome": 200000,
        "interestExpense": 12500000,
        "depreciationAndAmortization": 3100000,
        "ebitda": 25100000,
        "ebitdaratio": 0.1285860656,
        "operatingIncome": 10000000,
        "operatingIncomeRatio": 0.0512295082,
        "totalOtherIncomeExpensesNet": -12300000,
        "incomeBeforeTax": -2300000,
        "incomeBeforeTaxRatio": -0.0117827869,
        "incomeTaxExpense": 2500000,
        "netIncome": -4800000,
        "netIncomeRatio": -0.0245901639,
        "eps": -0.021,
        "epsdiluted": -0.021,
        "weightedAverageShsOut": 228100000,
        "weightedAverageShsOutDil": 228100000,
        "link": "https://www.sec.gov/Archives/edgar/data/912093/000162828017011110/0001628280-17-011110-index.htm",
        "finalLink": "https://www.sec.gov/Archives/edgar/data/912093/000162828017011110/viavq1fy1810-q.htm"
    },
    {
        "date": "2017-06-30",
        "symbol": "VIAV",
        "reportedCurrency": "USD",
        "cik": "0000912093",
        "fillingDate": "2017-08-29",
        "acceptedDate": "2017-08-29 08:51:41",
        "calendarYear": "2017",
        "period": "Q4",
        "revenue": 198100000,
        "costOfRevenue": 78900000,
        "grossProfit": 119200000,
        "grossProfitRatio": 0.6017163049,
        "researchAndDevelopmentExpenses": 30200000,
        "generalAndAdministrativeExpenses": 0,
        "sellingAndMarketingExpenses": 0,
        "sellingGeneralAndAdministrativeExpenses": 72000000,
        "otherExpenses": 3600000,
        "operatingExpenses": 105800000,
        "costAndExpenses": 184700000,
        "interestIncome": 1000000,
        "interestExpense": 13900000,
        "depreciationAndAmortization": 3600000,
        "ebitda": 21700000,
        "ebitdaratio": 0.109540636,
        "operatingIncome": 12000000,
        "operatingIncomeRatio": 0.0605754669,
        "totalOtherIncomeExpensesNet": 5600000,
        "incomeBeforeTax": 17600000,
        "incomeBeforeTaxRatio": 0.0888440182,
        "incomeTaxExpense": 5500000,
        "netIncome": 13700000,
        "netIncomeRatio": 0.0691569914,
        "eps": 0.06,
        "epsdiluted": 0.06,
        "weightedAverageShsOut": 227300000,
        "weightedAverageShsOutDil": 232500000,
        "link": "https://www.sec.gov/Archives/edgar/data/912093/000091209317000022/0000912093-17-000022-index.htm",
        "finalLink": "https://www.sec.gov/Archives/edgar/data/912093/000091209317000022/viavq4fy1710-k.htm"
    },
    {
        "date": "2017-04-01",
        "symbol": "VIAV",
        "reportedCurrency": "USD",
        "cik": "0000912093",
        "fillingDate": "2017-05-09",
        "acceptedDate": "2017-05-09 08:49:25",
        "calendarYear": "2017",
        "period": "Q3",
        "revenue": 196000000,
        "costOfRevenue": 79000000,
        "grossProfit": 117000000,
        "grossProfitRatio": 0.5969387755,
        "researchAndDevelopmentExpenses": 34100000,
        "generalAndAdministrativeExpenses": 0,
        "sellingAndMarketingExpenses": 0,
        "sellingGeneralAndAdministrativeExpenses": 76200000,
        "otherExpenses": 3500000,
        "operatingExpenses": 113800000,
        "costAndExpenses": 192800000,
        "interestIncome": 5000000,
        "interestExpense": 10700000,
        "depreciationAndAmortization": 3500000,
        "ebitda": 17600000,
        "ebitdaratio": 0.0897959184,
        "operatingIncome": -15200000,
        "operatingIncomeRatio": -0.0775510204,
        "totalOtherIncomeExpensesNet": 45500000,
        "incomeBeforeTax": 30300000,
        "incomeBeforeTaxRatio": 0.1545918367,
        "incomeTaxExpense": 4300000,
        "netIncome": 26000000,
        "netIncomeRatio": 0.1326530612,
        "eps": 0.11,
        "epsdiluted": 0.11,
        "weightedAverageShsOut": 229400000,
        "weightedAverageShsOutDil": 234600000,
        "link": "https://www.sec.gov/Archives/edgar/data/912093/000091209317000015/0000912093-17-000015-index.htm",
        "finalLink": "https://www.sec.gov/Archives/edgar/data/912093/000091209317000015/viavq3fy1710-q.htm"
    },
    {
        "date": "2016-12-31",
        "symbol": "VIAV",
        "reportedCurrency": "USD",
        "cik": "0000912093",
        "fillingDate": "2017-02-07",
        "acceptedDate": "2017-02-07 08:49:28",
        "calendarYear": "2017",
        "period": "Q2",
        "revenue": 206500000,
        "costOfRevenue": 81800000,
        "grossProfit": 124700000,
        "grossProfitRatio": 0.603874092,
        "researchAndDevelopmentExpenses": 35900000,
        "generalAndAdministrativeExpenses": 0,
        "sellingAndMarketingExpenses": 0,
        "sellingGeneralAndAdministrativeExpenses": 76900000,
        "otherExpenses": 3400000,
        "operatingExpenses": 116200000,
        "costAndExpenses": 198000000,
        "interestIncome": 3800000,
        "interestExpense": 9400000,
        "depreciationAndAmortization": 3400000,
        "ebitda": 23700000,
        "ebitdaratio": 0.1147699758,
        "operatingIncome": 6700000,
        "operatingIncomeRatio": 0.0324455206,
        "totalOtherIncomeExpensesNet": 48300000,
        "incomeBeforeTax": 55000000,
        "incomeBeforeTaxRatio": 0.2663438257,
        "incomeTaxExpense": 5800000,
        "netIncome": 49200000,
        "netIncomeRatio": 0.2382566586,
        "eps": 0.21,
        "epsdiluted": 0.21,
        "weightedAverageShsOut": 230500000,
        "weightedAverageShsOutDil": 234200000,
        "link": "https://www.sec.gov/Archives/edgar/data/912093/000091209317000006/0000912093-17-000006-index.htm",
        "finalLink": "https://www.sec.gov/Archives/edgar/data/912093/000091209317000006/viavq2fy1710-q.htm"
    },
    {
        "date": "2016-10-01",
        "symbol": "VIAV",
        "reportedCurrency": "USD",
        "cik": "0000912093",
        "fillingDate": "2016-11-08",
        "acceptedDate": "2016-11-08 08:34:41",
        "calendarYear": "2017",
        "period": "Q1",
        "revenue": 210800000,
        "costOfRevenue": 85700000,
        "grossProfit": 125100000,
        "grossProfitRatio": 0.5934535104,
        "researchAndDevelopmentExpenses": 36100000,
        "generalAndAdministrativeExpenses": 0,
        "sellingAndMarketingExpenses": 0,
        "sellingGeneralAndAdministrativeExpenses": 75400000,
        "otherExpenses": 3500000,
        "operatingExpenses": 115000000,
        "costAndExpenses": 200700000,
        "interestIncome": 1300000,
        "interestExpense": 9200000,
        "depreciationAndAmortization": 3500000,
        "ebitda": 25700000,
        "ebitdaratio": 0.1219165085,
        "operatingIncome": 10100000,
        "operatingIncomeRatio": 0.0479127135,
        "totalOtherIncomeExpensesNet": 73600000,
        "incomeBeforeTax": 83700000,
        "incomeBeforeTaxRatio": 0.3970588235,
        "incomeTaxExpense": 5700000,
        "netIncome": 78000000,
        "netIncomeRatio": 0.3700189753,
        "eps": 0.34,
        "epsdiluted": 0.33,
        "weightedAverageShsOut": 232400000,
        "weightedAverageShsOutDil": 236800000,
        "link": "https://www.sec.gov/Archives/edgar/data/912093/000091209316000041/0000912093-16-000041-index.htm",
        "finalLink": "https://www.sec.gov/Archives/edgar/data/912093/000091209316000041/viavq1fy1710-q.htm"
    },
    {
        "date": "2016-06-30",
        "symbol": "VIAV",
        "reportedCurrency": "USD",
        "cik": "0000912093",
        "fillingDate": "2016-08-30",
        "acceptedDate": "2016-08-30 16:20:24",
        "calendarYear": "2016",
        "period": "Q4",
        "revenue": 224100000,
        "costOfRevenue": 88000000,
        "grossProfit": 136100000,
        "grossProfitRatio": 0.6073181615,
        "researchAndDevelopmentExpenses": 40400000,
        "generalAndAdministrativeExpenses": 0,
        "sellingAndMarketingExpenses": 0,
        "sellingGeneralAndAdministrativeExpenses": 89800000,
        "otherExpenses": 3500000,
        "operatingExpenses": 133700000,
        "costAndExpenses": 221700000,
        "interestIncome": 1100000,
        "interestExpense": 9000000,
        "depreciationAndAmortization": 3500000,
        "ebitda": -48800000,
        "ebitdaratio": -0.2177599286,
        "operatingIncome": -97800000,
        "operatingIncomeRatio": -0.4364123159,
        "totalOtherIncomeExpensesNet": 23900000,
        "incomeBeforeTax": -73900000,
        "incomeBeforeTaxRatio": -0.3297634984,
        "incomeTaxExpense": -6400000,
        "netIncome": -70900000,
        "netIncomeRatio": -0.3163766176,
        "eps": -0.31,
        "epsdiluted": -0.3,
        "weightedAverageShsOut": 228367086,
        "weightedAverageShsOutDil": 232700000,
        "link": "https://www.sec.gov/Archives/edgar/data/912093/000091209316000035/0000912093-16-000035-index.htm",
        "finalLink": "https://www.sec.gov/Archives/edgar/data/912093/000091209316000035/viavq4fy1610-k.htm"
    },
    {
        "date": "2016-04-02",
        "symbol": "VIAV",
        "reportedCurrency": "USD",
        "cik": "0000912093",
        "fillingDate": "2016-05-10",
        "acceptedDate": "2016-05-10 08:54:09",
        "calendarYear": "2016",
        "period": "Q3",
        "revenue": 220400000,
        "costOfRevenue": 89100000,
        "grossProfit": 131300000,
        "grossProfitRatio": 0.5957350272,
        "researchAndDevelopmentExpenses": 40000000,
        "generalAndAdministrativeExpenses": 0,
        "sellingAndMarketingExpenses": 0,
        "sellingGeneralAndAdministrativeExpenses": 80600000,
        "otherExpenses": 3600000,
        "operatingExpenses": 124200000,
        "costAndExpenses": 213300000,
        "interestIncome": 800000,
        "interestExpense": 9100000,
        "depreciationAndAmortization": 3600000,
        "ebitda": 22800000,
        "ebitdaratio": 0.1034482759,
        "operatingIncome": 7200000,
        "operatingIncomeRatio": 0.0326678766,
        "totalOtherIncomeExpensesNet": 31500000,
        "incomeBeforeTax": 38700000,
        "incomeBeforeTaxRatio": 0.1755898367,
        "incomeTaxExpense": 11300000,
        "netIncome": 32400000,
        "netIncomeRatio": 0.1470054446,
        "eps": 0.14,
        "epsdiluted": 0.14,
        "weightedAverageShsOut": 232000000,
        "weightedAverageShsOutDil": 234600000,
        "link": "https://www.sec.gov/Archives/edgar/data/912093/000091209316000021/0000912093-16-000021-index.htm",
        "finalLink": "https://www.sec.gov/Archives/edgar/data/912093/000091209316000021/viavq3fy1610q.htm"
    },
    {
        "date": "2016-01-02",
        "symbol": "VIAV",
        "reportedCurrency": "USD",
        "cik": "0000912093",
        "fillingDate": "2016-02-09",
        "acceptedDate": "2016-02-09 16:20:03",
        "calendarYear": "2016",
        "period": "Q2",
        "revenue": 232100000,
        "costOfRevenue": 90300000,
        "grossProfit": 141800000,
        "grossProfitRatio": 0.6109435588,
        "researchAndDevelopmentExpenses": 41700000,
        "generalAndAdministrativeExpenses": 0,
        "sellingAndMarketingExpenses": 0,
        "sellingGeneralAndAdministrativeExpenses": 85800000,
        "otherExpenses": 3700000,
        "operatingExpenses": 131200000,
        "costAndExpenses": 221500000,
        "interestIncome": 1700000,
        "interestExpense": 8800000,
        "depreciationAndAmortization": 3700000,
        "ebitda": 16000000,
        "ebitdaratio": 0.0689358035,
        "operatingIncome": 9200000,
        "operatingIncomeRatio": 0.039638087,
        "totalOtherIncomeExpensesNet": -7100000,
        "incomeBeforeTax": 2100000,
        "incomeBeforeTaxRatio": 0.0090478242,
        "incomeTaxExpense": -1200000,
        "netIncome": 6300000,
        "netIncomeRatio": 0.0271434726,
        "eps": 0.03,
        "epsdiluted": 0.03,
        "weightedAverageShsOut": 234900000,
        "weightedAverageShsOutDil": 237100000,
        "link": "https://www.sec.gov/Archives/edgar/data/912093/000091209316000013/0000912093-16-000013-index.htm",
        "finalLink": "https://www.sec.gov/Archives/edgar/data/912093/000091209316000013/viavq2fy1610q.htm"
    },
    {
        "date": "2015-10-03",
        "symbol": "VIAV",
        "reportedCurrency": "USD",
        "cik": "0000912093",
        "fillingDate": "2015-11-12",
        "acceptedDate": "2015-11-12 09:18:26",
        "calendarYear": "2016",
        "period": "Q1",
        "revenue": 229700000,
        "costOfRevenue": 89200000,
        "grossProfit": 140500000,
        "grossProfitRatio": 0.6116673923,
        "researchAndDevelopmentExpenses": 44300000,
        "generalAndAdministrativeExpenses": 0,
        "sellingAndMarketingExpenses": 0,
        "sellingGeneralAndAdministrativeExpenses": 94900000,
        "otherExpenses": 3800000,
        "operatingExpenses": 143000000,
        "costAndExpenses": 232200000,
        "interestIncome": 0,
        "interestExpense": 9900000,
        "depreciationAndAmortization": 3800000,
        "ebitda": 18800000,
        "ebitdaratio": 0.0818458859,
        "operatingIncome": -2900000,
        "operatingIncomeRatio": -0.0126251633,
        "totalOtherIncomeExpensesNet": -9900000,
        "incomeBeforeTax": -12800000,
        "incomeBeforeTaxRatio": -0.0557248585,
        "incomeTaxExpense": -8100000,
        "netIncome": -67000000,
        "netIncomeRatio": -0.2916848063,
        "eps": -0.3,
        "epsdiluted": -0.28,
        "weightedAverageShsOut": 224285714,
        "weightedAverageShsOutDil": 236000000,
        "link": "https://www.sec.gov/Archives/edgar/data/912093/000091209315000007/0000912093-15-000007-index.htm",
        "finalLink": "https://www.sec.gov/Archives/edgar/data/912093/000091209315000007/viavq1fy1610q.htm"
    },
    {
        "date": "2015-06-30",
        "symbol": "VIAV",
        "reportedCurrency": "USD",
        "cik": "0000912093",
        "fillingDate": "2015-08-25",
        "acceptedDate": "2015-08-25 16:09:08",
        "calendarYear": "2015",
        "period": "Q4",
        "revenue": 427700000,
        "costOfRevenue": 233100000,
        "grossProfit": 194600000,
        "grossProfitRatio": 0.4549918167,
        "researchAndDevelopmentExpenses": 80900000,
        "generalAndAdministrativeExpenses": 0,
        "sellingAndMarketingExpenses": 0,
        "sellingGeneralAndAdministrativeExpenses": 118500000,
        "otherExpenses": 4800000,
        "operatingExpenses": 204200000,
        "costAndExpenses": 437300000,
        "interestIncome": 2200000,
        "interestExpense": 8600000,
        "depreciationAndAmortization": 4800000,
        "ebitda": -2600000,
        "ebitdaratio": -0.0060790274,
        "operatingIncome": -23200000,
        "operatingIncomeRatio": -0.0542436287,
        "totalOtherIncomeExpensesNet": -6400000,
        "incomeBeforeTax": -29600000,
        "incomeBeforeTaxRatio": -0.0692073884,
        "incomeTaxExpense": 7700000,
        "netIncome": -37300000,
        "netIncomeRatio": -0.0872106617,
        "eps": -0.16,
        "epsdiluted": -0.16,
        "weightedAverageShsOut": 229285714,
        "weightedAverageShsOutDil": 234600000,
        "link": "https://www.sec.gov/Archives/edgar/data/912093/000110465915061694/0001104659-15-061694-index.htm",
        "finalLink": "https://www.sec.gov/Archives/edgar/data/912093/000110465915061694/a15-16909_110k.htm"
    },
    {
        "date": "2015-03-28",
        "symbol": "VIAV",
        "reportedCurrency": "USD",
        "cik": "0000912093",
        "fillingDate": "2015-05-05",
        "acceptedDate": "2015-05-05 16:21:00",
        "calendarYear": "2015",
        "period": "Q3",
        "revenue": 410700000,
        "costOfRevenue": 226400000,
        "grossProfit": 184300000,
        "grossProfitRatio": 0.4487460433,
        "researchAndDevelopmentExpenses": 76700000,
        "generalAndAdministrativeExpenses": 0,
        "sellingAndMarketingExpenses": 0,
        "sellingGeneralAndAdministrativeExpenses": 116700000,
        "otherExpenses": 4900000,
        "operatingExpenses": 198300000,
        "costAndExpenses": 424700000,
        "interestIncome": 300000,
        "interestExpense": 8600000,
        "depreciationAndAmortization": 4900000,
        "ebitda": -8800000,
        "ebitdaratio": -0.0214268322,
        "operatingIncome": -22300000,
        "operatingIncomeRatio": -0.0542975408,
        "totalOtherIncomeExpensesNet": -7400000,
        "incomeBeforeTax": -30600000,
        "incomeBeforeTaxRatio": -0.0745069394,
        "incomeTaxExpense": -17400000,
        "netIncome": -13200000,
        "netIncomeRatio": -0.0321402484,
        "eps": -0.059,
        "epsdiluted": -0.0566,
        "weightedAverageShsOut": 223750000,
        "weightedAverageShsOutDil": 233200000,
        "link": "https://www.sec.gov/Archives/edgar/data/912093/000110465915034290/0001104659-15-034290-index.htm",
        "finalLink": "https://www.sec.gov/Archives/edgar/data/912093/000110465915034290/a15-7436_110q.htm"
    },
    {
        "date": "2014-12-27",
        "symbol": "VIAV",
        "reportedCurrency": "USD",
        "cik": "0000912093",
        "fillingDate": "2015-02-05",
        "acceptedDate": "2015-02-05 07:00:51",
        "calendarYear": "2015",
        "period": "Q2",
        "revenue": 437100000,
        "costOfRevenue": 236600000,
        "grossProfit": 200500000,
        "grossProfitRatio": 0.4587051018,
        "researchAndDevelopmentExpenses": 79200000,
        "generalAndAdministrativeExpenses": 0,
        "sellingAndMarketingExpenses": 0,
        "sellingGeneralAndAdministrativeExpenses": 114800000,
        "otherExpenses": 5000000,
        "operatingExpenses": 199000000,
        "costAndExpenses": 435600000,
        "interestIncome": 400000,
        "interestExpense": 8500000,
        "depreciationAndAmortization": 5000000,
        "ebitda": 15800000,
        "ebitdaratio": 0.0361473347,
        "operatingIncome": -8200000,
        "operatingIncomeRatio": -0.0187600092,
        "totalOtherIncomeExpensesNet": -8000000,
        "incomeBeforeTax": -16300000,
        "incomeBeforeTaxRatio": -0.0372912377,
        "incomeTaxExpense": 8800000,
        "netIncome": -25100000,
        "netIncomeRatio": -0.0574239305,
        "eps": -0.11,
        "epsdiluted": -0.11,
        "weightedAverageShsOut": 232100000,
        "weightedAverageShsOutDil": 232100000,
        "link": "https://www.sec.gov/Archives/edgar/data/912093/000110465915006806/0001104659-15-006806-index.htm",
        "finalLink": "https://www.sec.gov/Archives/edgar/data/912093/000110465915006806/a14-26601_110q.htm"
    },
    {
        "date": "2014-09-27",
        "symbol": "VIAV",
        "reportedCurrency": "USD",
        "cik": "0000912093",
        "fillingDate": "2014-11-04",
        "acceptedDate": "2014-11-04 17:04:05",
        "calendarYear": "2015",
        "period": "Q1",
        "revenue": 433600000,
        "costOfRevenue": 234300000,
        "grossProfit": 199300000,
        "grossProfitRatio": 0.4596402214,
        "researchAndDevelopmentExpenses": 76400000,
        "generalAndAdministrativeExpenses": 0,
        "sellingAndMarketingExpenses": 0,
        "sellingGeneralAndAdministrativeExpenses": 110700000,
        "otherExpenses": 5100000,
        "operatingExpenses": 192200000,
        "costAndExpenses": 426500000,
        "interestIncome": 500000,
        "interestExpense": 8300000,
        "depreciationAndAmortization": 5100000,
        "ebitda": 4200000,
        "ebitdaratio": 0.0096863469,
        "operatingIncome": 4200000,
        "operatingIncomeRatio": 0.0096863469,
        "totalOtherIncomeExpensesNet": -7600000,
        "incomeBeforeTax": -3600000,
        "incomeBeforeTaxRatio": -0.008302583,
        "incomeTaxExpense": 6100000,
        "netIncome": -9700000,
        "netIncomeRatio": -0.0223708487,
        "eps": -0.042,
        "epsdiluted": -0.042,
        "weightedAverageShsOut": 230800000,
        "weightedAverageShsOutDil": 230800000,
        "link": "https://www.sec.gov/Archives/edgar/data/912093/000110465914076570/0001104659-14-076570-index.htm",
        "finalLink": "https://www.sec.gov/Archives/edgar/data/912093/000110465914076570/a14-23537_110q.htm"
    },
    {
        "date": "2014-06-30",
        "symbol": "VIAV",
        "reportedCurrency": "USD",
        "cik": "0000912093",
        "fillingDate": "2014-08-26",
        "acceptedDate": "2014-08-26 07:05:57",
        "calendarYear": "2014",
        "period": "Q4",
        "revenue": 448600000,
        "costOfRevenue": 239100000,
        "grossProfit": 209500000,
        "grossProfitRatio": 0.4670084708,
        "researchAndDevelopmentExpenses": 80000000,
        "generalAndAdministrativeExpenses": 0,
        "sellingAndMarketingExpenses": 0,
        "sellingGeneralAndAdministrativeExpenses": 120900000,
        "otherExpenses": 5100000,
        "operatingExpenses": 206000000,
        "costAndExpenses": 445100000,
        "interestIncome": 100000,
        "interestExpense": 8400000,
        "depreciationAndAmortization": 5100000,
        "ebitda": 18300000,
        "ebitdaratio": 0.04079358,
        "operatingIncome": -16500000,
        "operatingIncomeRatio": -0.0367810967,
        "totalOtherIncomeExpensesNet": -8300000,
        "incomeBeforeTax": -24800000,
        "incomeBeforeTaxRatio": -0.055283103,
        "incomeTaxExpense": 600000,
        "netIncome": -25400000,
        "netIncomeRatio": -0.0566205974,
        "eps": -0.11,
        "epsdiluted": -0.11,
        "weightedAverageShsOut": 230070379,
        "weightedAverageShsOutDil": 234300000,
        "link": "https://www.sec.gov/Archives/edgar/data/912093/000104746914007199/0001047469-14-007199-index.htm",
        "finalLink": "https://www.sec.gov/Archives/edgar/data/912093/000104746914007199/a2221211z10-k.htm"
    },
    {
        "date": "2014-03-29",
        "symbol": "VIAV",
        "reportedCurrency": "USD",
        "cik": "0000912093",
        "fillingDate": "2014-05-07",
        "acceptedDate": "2014-05-07 07:01:40",
        "calendarYear": "2014",
        "period": "Q3",
        "revenue": 418000000,
        "costOfRevenue": 233300000,
        "grossProfit": 184700000,
        "grossProfitRatio": 0.4418660287,
        "researchAndDevelopmentExpenses": 74100000,
        "generalAndAdministrativeExpenses": 0,
        "sellingAndMarketingExpenses": 0,
        "sellingGeneralAndAdministrativeExpenses": 113400000,
        "otherExpenses": 5200000,
        "operatingExpenses": 192700000,
        "costAndExpenses": 426000000,
        "interestIncome": 600000,
        "interestExpense": 7700000,
        "depreciationAndAmortization": 5200000,
        "ebitda": 23400000,
        "ebitdaratio": 0.0559808612,
        "operatingIncome": -11600000,
        "operatingIncomeRatio": -0.0277511962,
        "totalOtherIncomeExpensesNet": -7100000,
        "incomeBeforeTax": -18700000,
        "incomeBeforeTaxRatio": -0.0447368421,
        "incomeTaxExpense": -17200000,
        "netIncome": -1500000,
        "netIncomeRatio": -0.0035885167,
        "eps": -0.0064,
        "epsdiluted": -0.0064,
        "weightedAverageShsOut": 234000000,
        "weightedAverageShsOutDil": 234000000,
        "link": "https://www.sec.gov/Archives/edgar/data/912093/000110465914035422/0001104659-14-035422-index.htm",
        "finalLink": "https://www.sec.gov/Archives/edgar/data/912093/000110465914035422/a14-8792_110q.htm"
    },
    {
        "date": "2013-12-28",
        "symbol": "VIAV",
        "reportedCurrency": "USD",
        "cik": "0000912093",
        "fillingDate": "2014-02-06",
        "acceptedDate": "2014-02-06 16:17:04",
        "calendarYear": "2014",
        "period": "Q2",
        "revenue": 447600000,
        "costOfRevenue": 242700000,
        "grossProfit": 204900000,
        "grossProfitRatio": 0.4577747989,
        "researchAndDevelopmentExpenses": 72300000,
        "generalAndAdministrativeExpenses": 0,
        "sellingAndMarketingExpenses": 0,
        "sellingGeneralAndAdministrativeExpenses": 109000000,
        "otherExpenses": 2800000,
        "operatingExpenses": 184100000,
        "costAndExpenses": 426800000,
        "interestIncome": 400000,
        "interestExpense": 8400000,
        "depreciationAndAmortization": 2800000,
        "ebitda": 51300000,
        "ebitdaratio": 0.1146112601,
        "operatingIncome": 19800000,
        "operatingIncomeRatio": 0.0442359249,
        "totalOtherIncomeExpensesNet": -8000000,
        "incomeBeforeTax": 11800000,
        "incomeBeforeTaxRatio": 0.0263628239,
        "incomeTaxExpense": 3000000,
        "netIncome": 8800000,
        "netIncomeRatio": 0.0196604111,
        "eps": 0.04,
        "epsdiluted": 0.04,
        "weightedAverageShsOut": 233000000,
        "weightedAverageShsOutDil": 235800000,
        "link": "https://www.sec.gov/Archives/edgar/data/912093/000110465914007161/0001104659-14-007161-index.htm",
        "finalLink": "https://www.sec.gov/Archives/edgar/data/912093/000110465914007161/a13-26013_110q.htm"
    },
    {
        "date": "2013-09-28",
        "symbol": "VIAV",
        "reportedCurrency": "USD",
        "cik": "0000912093",
        "fillingDate": "2013-11-06",
        "acceptedDate": "2013-11-06 06:04:41",
        "calendarYear": "2014",
        "period": "Q1",
        "revenue": 429000000,
        "costOfRevenue": 243800000,
        "grossProfit": 185200000,
        "grossProfitRatio": 0.4317016317,
        "researchAndDevelopmentExpenses": 69600000,
        "generalAndAdministrativeExpenses": 0,
        "sellingAndMarketingExpenses": 0,
        "sellingGeneralAndAdministrativeExpenses": 107100000,
        "otherExpenses": 2700000,
        "operatingExpenses": 179400000,
        "costAndExpenses": 423200000,
        "interestIncome": 0,
        "interestExpense": 5800000,
        "depreciationAndAmortization": 2700000,
        "ebitda": 6600000,
        "ebitdaratio": 0.0153846154,
        "operatingIncome": 6600000,
        "operatingIncomeRatio": 0.0153846154,
        "totalOtherIncomeExpensesNet": -5800000,
        "incomeBeforeTax": 800000,
        "incomeBeforeTaxRatio": 0.0018648019,
        "incomeTaxExpense": 500000,
        "netIncome": 300000,
        "netIncomeRatio": 0.0006993007,
        "eps": 0.0013,
        "epsdiluted": 0.0013,
        "weightedAverageShsOut": 235300000,
        "weightedAverageShsOutDil": 239600000,
        "link": "https://www.sec.gov/Archives/edgar/data/912093/000110465913081365/0001104659-13-081365-index.htm",
        "finalLink": "https://www.sec.gov/Archives/edgar/data/912093/000110465913081365/a13-21017_110q.htm"
    },
    {
        "date": "2013-06-30",
        "symbol": "VIAV",
        "reportedCurrency": "USD",
        "cik": "0000912093",
        "fillingDate": "2013-08-23",
        "acceptedDate": "2013-08-23 07:21:53",
        "calendarYear": "2013",
        "period": "Q4",
        "revenue": 421300000,
        "costOfRevenue": 243600000,
        "grossProfit": 177700000,
        "grossProfitRatio": 0.4217896986,
        "researchAndDevelopmentExpenses": 67600000,
        "generalAndAdministrativeExpenses": 0,
        "sellingAndMarketingExpenses": 0,
        "sellingGeneralAndAdministrativeExpenses": 111900000,
        "otherExpenses": 3900000,
        "operatingExpenses": 183400000,
        "costAndExpenses": 427000000,
        "interestIncome": 3800000,
        "interestExpense": 2900000,
        "depreciationAndAmortization": 3900000,
        "ebitda": 13300000,
        "ebitdaratio": 0.0315689532,
        "operatingIncome": -18600000,
        "operatingIncomeRatio": -0.0441490624,
        "totalOtherIncomeExpensesNet": -22400000,
        "incomeBeforeTax": -21500000,
        "incomeBeforeTaxRatio": -0.0510325184,
        "incomeTaxExpense": -113000000,
        "netIncome": 92500000,
        "netIncomeRatio": 0.2195585094,
        "eps": 0.39,
        "epsdiluted": 0.38,
        "weightedAverageShsOut": 236900000,
        "weightedAverageShsOutDil": 241100000,
        "link": "https://www.sec.gov/Archives/edgar/data/912093/000104746913008597/0001047469-13-008597-index.htm",
        "finalLink": "https://www.sec.gov/Archives/edgar/data/912093/000104746913008597/a2216445z10-k.htm"
    },
    {
        "date": "2013-03-30",
        "symbol": "VIAV",
        "reportedCurrency": "USD",
        "cik": "0000912093",
        "fillingDate": "2013-05-08",
        "acceptedDate": "2013-05-08 16:25:04",
        "calendarYear": "2013",
        "period": "Q3",
        "revenue": 405300000,
        "costOfRevenue": 250000000,
        "grossProfit": 155300000,
        "grossProfitRatio": 0.3831729583,
        "researchAndDevelopmentExpenses": 65800000,
        "generalAndAdministrativeExpenses": 0,
        "sellingAndMarketingExpenses": 0,
        "sellingGeneralAndAdministrativeExpenses": 107300000,
        "otherExpenses": 3100000,
        "operatingExpenses": 176200000,
        "costAndExpenses": 426200000,
        "interestIncome": 0,
        "interestExpense": 5100000,
        "depreciationAndAmortization": 3100000,
        "ebitda": 15800000,
        "ebitdaratio": 0.038983469,
        "operatingIncome": -21300000,
        "operatingIncomeRatio": -0.052553664,
        "totalOtherIncomeExpensesNet": -5100000,
        "incomeBeforeTax": -26400000,
        "incomeBeforeTaxRatio": -0.0651369356,
        "incomeTaxExpense": 1600000,
        "netIncome": -28000000,
        "netIncomeRatio": -0.0690846287,
        "eps": -0.12,
        "epsdiluted": -0.12,
        "weightedAverageShsOut": 233333333,
        "weightedAverageShsOutDil": 235900000,
        "link": "https://www.sec.gov/Archives/edgar/data/912093/000110465913038876/0001104659-13-038876-index.htm",
        "finalLink": "https://www.sec.gov/Archives/edgar/data/912093/000110465913038876/a13-7818_110q.htm"
    },
    {
        "date": "2012-12-29",
        "symbol": "VIAV",
        "reportedCurrency": "USD",
        "cik": "0000912093",
        "fillingDate": "2013-02-06",
        "acceptedDate": "2013-02-06 06:06:25",
        "calendarYear": "2013",
        "period": "Q2",
        "revenue": 429400000,
        "costOfRevenue": 240400000,
        "grossProfit": 189000000,
        "grossProfitRatio": 0.4401490452,
        "researchAndDevelopmentExpenses": 63500000,
        "generalAndAdministrativeExpenses": 0,
        "sellingAndMarketingExpenses": 0,
        "sellingGeneralAndAdministrativeExpenses": 105400000,
        "otherExpenses": 2200000,
        "operatingExpenses": 171100000,
        "costAndExpenses": 411500000,
        "interestIncome": 0,
        "interestExpense": 7500000,
        "depreciationAndAmortization": 2200000,
        "ebitda": 14900000,
        "ebitdaratio": 0.0346995808,
        "operatingIncome": 14900000,
        "operatingIncomeRatio": 0.0346995808,
        "totalOtherIncomeExpensesNet": -7500000,
        "incomeBeforeTax": 7400000,
        "incomeBeforeTaxRatio": 0.0172333489,
        "incomeTaxExpense": 4100000,
        "netIncome": 4100000,
        "netIncomeRatio": 0.0095482068,
        "eps": 0.02,
        "epsdiluted": 0.02,
        "weightedAverageShsOut": 234400000,
        "weightedAverageShsOutDil": 237100000,
        "link": "https://www.sec.gov/Archives/edgar/data/912093/000110465913007738/0001104659-13-007738-index.htm",
        "finalLink": "https://www.sec.gov/Archives/edgar/data/912093/000110465913007738/a12-29736_110q.htm"
    },
    {
        "date": "2012-09-29",
        "symbol": "VIAV",
        "reportedCurrency": "USD",
        "cik": "0000912093",
        "fillingDate": "2012-11-08",
        "acceptedDate": "2012-11-08 07:00:53",
        "calendarYear": "2013",
        "period": "Q1",
        "revenue": 420900000,
        "costOfRevenue": 248300000,
        "grossProfit": 172600000,
        "grossProfitRatio": 0.4100736517,
        "researchAndDevelopmentExpenses": 61600000,
        "generalAndAdministrativeExpenses": 0,
        "sellingAndMarketingExpenses": 0,
        "sellingGeneralAndAdministrativeExpenses": 104700000,
        "otherExpenses": 3500000,
        "operatingExpenses": 169800000,
        "costAndExpenses": 418100000,
        "interestIncome": 0,
        "interestExpense": 6600000,
        "depreciationAndAmortization": 3500000,
        "ebitda": 100000,
        "ebitdaratio": 0.0002375861,
        "operatingIncome": 100000,
        "operatingIncomeRatio": 0.0002375861,
        "totalOtherIncomeExpensesNet": -6500000,
        "incomeBeforeTax": -6400000,
        "incomeBeforeTaxRatio": -0.015205512,
        "incomeTaxExpense": 3400000,
        "netIncome": -11600000,
        "netIncomeRatio": -0.0275599905,
        "eps": -0.0498,
        "epsdiluted": -0.0498,
        "weightedAverageShsOut": 232800000,
        "weightedAverageShsOutDil": 232800000,
        "link": "https://www.sec.gov/Archives/edgar/data/912093/000110465912075612/0001104659-12-075612-index.htm",
        "finalLink": "https://www.sec.gov/Archives/edgar/data/912093/000110465912075612/a12-19487_110q.htm"
    },
    {
        "date": "2012-06-30",
        "symbol": "VIAV",
        "reportedCurrency": "USD",
        "cik": "0000912093",
        "fillingDate": "2012-08-24",
        "acceptedDate": "2012-08-24 06:02:15",
        "calendarYear": "2012",
        "period": "Q4",
        "revenue": 439300000,
        "costOfRevenue": 256600000,
        "grossProfit": 182700000,
        "grossProfitRatio": 0.4158889142,
        "researchAndDevelopmentExpenses": 64300000,
        "generalAndAdministrativeExpenses": 0,
        "sellingAndMarketingExpenses": 0,
        "sellingGeneralAndAdministrativeExpenses": 107400000,
        "otherExpenses": 7300000,
        "operatingExpenses": 179000000,
        "costAndExpenses": 435600000,
        "interestIncome": 10300000,
        "interestExpense": 7200000,
        "depreciationAndAmortization": 7300000,
        "ebitda": 27300000,
        "ebitdaratio": 0.0621443205,
        "operatingIncome": -25200000,
        "operatingIncomeRatio": -0.0573639882,
        "totalOtherIncomeExpensesNet": 3400000,
        "incomeBeforeTax": -21800000,
        "incomeBeforeTaxRatio": -0.0496244025,
        "incomeTaxExpense": 2500000,
        "netIncome": -24300000,
        "netIncomeRatio": -0.0553152743,
        "eps": -0.1,
        "epsdiluted": -0.1,
        "weightedAverageShsOut": 231500000,
        "weightedAverageShsOutDil": 231700000,
        "link": "https://www.sec.gov/Archives/edgar/data/912093/000104746912008496/0001047469-12-008496-index.htm",
        "finalLink": "https://www.sec.gov/Archives/edgar/data/912093/000104746912008496/a2210801z10-k.htm"
    },
    {
        "date": "2012-03-31",
        "symbol": "VIAV",
        "reportedCurrency": "USD",
        "cik": "0000912093",
        "fillingDate": "2012-05-08",
        "acceptedDate": "2012-05-08 16:50:23",
        "calendarYear": "2012",
        "period": "Q3",
        "revenue": 409200000,
        "costOfRevenue": 239500000,
        "grossProfit": 169700000,
        "grossProfitRatio": 0.4147116325,
        "researchAndDevelopmentExpenses": 62500000,
        "generalAndAdministrativeExpenses": 0,
        "sellingAndMarketingExpenses": 0,
        "sellingGeneralAndAdministrativeExpenses": 105300000,
        "otherExpenses": 7500000,
        "operatingExpenses": 175300000,
        "costAndExpenses": 414800000,
        "interestIncome": 100000,
        "interestExpense": 6900000,
        "depreciationAndAmortization": 7500000,
        "ebitda": 2000000,
        "ebitdaratio": 0.0048875855,
        "operatingIncome": -7600000,
        "operatingIncomeRatio": -0.018572825,
        "totalOtherIncomeExpensesNet": -5500000,
        "incomeBeforeTax": -14300000,
        "incomeBeforeTaxRatio": -0.0349462366,
        "incomeTaxExpense": 3100000,
        "netIncome": -17400000,
        "netIncomeRatio": -0.0425219941,
        "eps": -0.0755,
        "epsdiluted": -0.0755,
        "weightedAverageShsOut": 230600000,
        "weightedAverageShsOutDil": 230600000,
        "link": "https://www.sec.gov/Archives/edgar/data/912093/000110465912034534/0001104659-12-034534-index.htm",
        "finalLink": "https://www.sec.gov/Archives/edgar/data/912093/000110465912034534/a12-7331_110q.htm"
    },
    {
        "date": "2011-12-31",
        "symbol": "VIAV",
        "reportedCurrency": "USD",
        "cik": "0000912093",
        "fillingDate": "2012-02-07",
        "acceptedDate": "2012-02-07 06:01:51",
        "calendarYear": "2012",
        "period": "Q2",
        "revenue": 412800000,
        "costOfRevenue": 237800000,
        "grossProfit": 175000000,
        "grossProfitRatio": 0.4239341085,
        "researchAndDevelopmentExpenses": 59400000,
        "generalAndAdministrativeExpenses": 0,
        "sellingAndMarketingExpenses": 0,
        "sellingGeneralAndAdministrativeExpenses": 106000000,
        "otherExpenses": 7200000,
        "operatingExpenses": 172600000,
        "costAndExpenses": 410400000,
        "interestIncome": 1000000,
        "interestExpense": 6600000,
        "depreciationAndAmortization": 7200000,
        "ebitda": 9600000,
        "ebitdaratio": 0.023255814,
        "operatingIncome": -1600000,
        "operatingIncomeRatio": -0.003875969,
        "totalOtherIncomeExpensesNet": -3100000,
        "incomeBeforeTax": -7200000,
        "incomeBeforeTaxRatio": -0.0174418605,
        "incomeTaxExpense": 3000000,
        "netIncome": -10200000,
        "netIncomeRatio": -0.0247093023,
        "eps": -0.0445,
        "epsdiluted": -0.0445,
        "weightedAverageShsOut": 229400000,
        "weightedAverageShsOutDil": 229400000,
        "link": "https://www.sec.gov/Archives/edgar/data/912093/000110465912007058/0001104659-12-007058-index.htm",
        "finalLink": "https://www.sec.gov/Archives/edgar/data/912093/000110465912007058/a11-30227_110q.htm"
    },
    {
        "date": "2011-10-01",
        "symbol": "VIAV",
        "reportedCurrency": "USD",
        "cik": "0000912093",
        "fillingDate": "2011-11-09",
        "acceptedDate": "2011-11-09 06:01:47",
        "calendarYear": "2012",
        "period": "Q1",
        "revenue": 420800000,
        "costOfRevenue": 238200000,
        "grossProfit": 182600000,
        "grossProfitRatio": 0.4339353612,
        "researchAndDevelopmentExpenses": 59800000,
        "generalAndAdministrativeExpenses": 0,
        "sellingAndMarketingExpenses": 0,
        "sellingGeneralAndAdministrativeExpenses": 111200000,
        "otherExpenses": 6900000,
        "operatingExpenses": 177900000,
        "costAndExpenses": 416100000,
        "interestIncome": 0,
        "interestExpense": 6600000,
        "depreciationAndAmortization": 6900000,
        "ebitda": 11600000,
        "ebitdaratio": 0.0275665399,
        "operatingIncome": 3200000,
        "operatingIncomeRatio": 0.0076045627,
        "totalOtherIncomeExpensesNet": -3400000,
        "incomeBeforeTax": -2400000,
        "incomeBeforeTaxRatio": -0.0057034221,
        "incomeTaxExpense": 3400000,
        "netIncome": -5800000,
        "netIncomeRatio": -0.01378327,
        "eps": -0.0254,
        "epsdiluted": -0.0254,
        "weightedAverageShsOut": 228400000,
        "weightedAverageShsOutDil": 228400000,
        "link": "https://www.sec.gov/Archives/edgar/data/912093/000110465911062310/0001104659-11-062310-index.htm",
        "finalLink": "https://www.sec.gov/Archives/edgar/data/912093/000110465911062310/a11-26283_110q.htm"
    },
    {
        "date": "2011-06-30",
        "symbol": "VIAV",
        "reportedCurrency": "USD",
        "cik": "0000912093",
        "fillingDate": "2011-08-30",
        "acceptedDate": "2011-08-30 14:49:17",
        "calendarYear": "2011",
        "period": "Q4",
        "revenue": 471800000,
        "costOfRevenue": 267700000,
        "grossProfit": 204100000,
        "grossProfitRatio": 0.4325985587,
        "researchAndDevelopmentExpenses": 62700000,
        "generalAndAdministrativeExpenses": 0,
        "sellingAndMarketingExpenses": 0,
        "sellingGeneralAndAdministrativeExpenses": 109700000,
        "otherExpenses": 7600000,
        "operatingExpenses": 180000000,
        "costAndExpenses": 447700000,
        "interestIncome": 2400000,
        "interestExpense": 6500000,
        "depreciationAndAmortization": 7600000,
        "ebitda": 57400000,
        "ebitdaratio": 0.1216617211,
        "operatingIncome": 18400000,
        "operatingIncomeRatio": 0.0389995761,
        "totalOtherIncomeExpensesNet": -6100000.000000007,
        "incomeBeforeTax": 12300000,
        "incomeBeforeTaxRatio": 0.0260703688,
        "incomeTaxExpense": 3000000,
        "netIncome": 9300000,
        "netIncomeRatio": 0.0197117423,
        "eps": 0.04,
        "epsdiluted": 0.04,
        "weightedAverageShsOut": 227200000,
        "weightedAverageShsOutDil": 235700000,
        "link": "https://www.sec.gov/Archives/edgar/data/912093/000104746911007735/0001047469-11-007735-index.htm",
        "finalLink": "https://www.sec.gov/Archives/edgar/data/912093/000104746911007735/a2205402z10-k.htm"
    },
    {
        "date": "2011-04-02",
        "symbol": "VIAV",
        "reportedCurrency": "USD",
        "cik": "0000912093",
        "fillingDate": "2011-05-10",
        "acceptedDate": "2011-05-10 15:30:28",
        "calendarYear": "2011",
        "period": "Q3",
        "revenue": 454000000,
        "costOfRevenue": 254300000,
        "grossProfit": 199700000,
        "grossProfitRatio": 0.4398678414,
        "researchAndDevelopmentExpenses": 60600000,
        "generalAndAdministrativeExpenses": 0,
        "sellingAndMarketingExpenses": 0,
        "sellingGeneralAndAdministrativeExpenses": 110900000,
        "otherExpenses": 8000000,
        "operatingExpenses": 179500000,
        "costAndExpenses": 433800000,
        "interestIncome": 0,
        "interestExpense": 6200000,
        "depreciationAndAmortization": 8000000,
        "ebitda": 28200000,
        "ebitdaratio": 0.0621145374,
        "operatingIncome": 12600000,
        "operatingIncomeRatio": 0.027753304,
        "totalOtherIncomeExpensesNet": -6100000,
        "incomeBeforeTax": 6500000,
        "incomeBeforeTaxRatio": 0.0143171806,
        "incomeTaxExpense": -32100000,
        "netIncome": 38600000,
        "netIncomeRatio": 0.0850220264,
        "eps": 0.17,
        "epsdiluted": 0.16,
        "weightedAverageShsOut": 225600000,
        "weightedAverageShsOutDil": 235400000,
        "link": "https://www.sec.gov/Archives/edgar/data/912093/000119312511134116/0001193125-11-134116-index.htm",
        "finalLink": "https://www.sec.gov/Archives/edgar/data/912093/000119312511134116/d10q.htm"
    },
    {
        "date": "2011-01-01",
        "symbol": "VIAV",
        "reportedCurrency": "USD",
        "cik": "0000912093",
        "fillingDate": "2011-02-08",
        "acceptedDate": "2011-02-08 16:16:09",
        "calendarYear": "2011",
        "period": "Q2",
        "revenue": 473500000,
        "costOfRevenue": 259700000,
        "grossProfit": 213800000,
        "grossProfitRatio": 0.451531151,
        "researchAndDevelopmentExpenses": 60200000,
        "generalAndAdministrativeExpenses": 0,
        "sellingAndMarketingExpenses": 0,
        "sellingGeneralAndAdministrativeExpenses": 109500000,
        "otherExpenses": 8000000,
        "operatingExpenses": 177700000,
        "costAndExpenses": 437400000,
        "interestIncome": 0,
        "interestExpense": 6400000,
        "depreciationAndAmortization": 8000000,
        "ebitda": 44100000,
        "ebitdaratio": 0.0931362196,
        "operatingIncome": 33600000,
        "operatingIncomeRatio": 0.0709609293,
        "totalOtherIncomeExpensesNet": -4800000,
        "incomeBeforeTax": 28800000,
        "incomeBeforeTaxRatio": 0.0608236536,
        "incomeTaxExpense": 5200000,
        "netIncome": 23600000,
        "netIncomeRatio": 0.0498416051,
        "eps": 0.11,
        "epsdiluted": 0.1,
        "weightedAverageShsOut": 222900000,
        "weightedAverageShsOutDil": 229100000,
        "link": "https://www.sec.gov/Archives/edgar/data/912093/000119312511027239/0001193125-11-027239-index.htm",
        "finalLink": "https://www.sec.gov/Archives/edgar/data/912093/000119312511027239/d10q.htm"
    },
    {
        "date": "2010-10-02",
        "symbol": "VIAV",
        "reportedCurrency": "USD",
        "cik": "0000912093",
        "fillingDate": "2010-11-12",
        "acceptedDate": "2010-11-12 15:42:20",
        "calendarYear": "2011",
        "period": "Q1",
        "revenue": 405200000,
        "costOfRevenue": 231900000,
        "grossProfit": 173300000,
        "grossProfitRatio": 0.4276900296,
        "researchAndDevelopmentExpenses": 56400000,
        "generalAndAdministrativeExpenses": 0,
        "sellingAndMarketingExpenses": 0,
        "sellingGeneralAndAdministrativeExpenses": 107200000,
        "otherExpenses": 8600000,
        "operatingExpenses": 172200000,
        "costAndExpenses": 404100000,
        "interestIncome": 1000000,
        "interestExpense": 6300000,
        "depreciationAndAmortization": 8600000,
        "ebitda": 9700000,
        "ebitdaratio": 0.0239387957,
        "operatingIncome": 800000,
        "operatingIncomeRatio": 0.0019743337,
        "totalOtherIncomeExpensesNet": -2800000,
        "incomeBeforeTax": -2000000,
        "incomeBeforeTaxRatio": -0.0049358342,
        "incomeTaxExpense": -2100000,
        "netIncome": 100000,
        "netIncomeRatio": 0.0002467917,
        "eps": 0.0005,
        "epsdiluted": 0.0004,
        "weightedAverageShsOut": 221800000,
        "weightedAverageShsOutDil": 227500000,
        "link": "https://www.sec.gov/Archives/edgar/data/912093/000119312510258748/0001193125-10-258748-index.htm",
        "finalLink": "https://www.sec.gov/Archives/edgar/data/912093/000119312510258748/d10q.htm"
    },
    {
        "date": "2010-06-30",
        "symbol": "VIAV",
        "reportedCurrency": "USD",
        "cik": "0000912093",
        "fillingDate": "2010-08-31",
        "acceptedDate": "2010-08-31 16:50:04",
        "calendarYear": "2010",
        "period": "Q4",
        "revenue": 390900000,
        "costOfRevenue": 217500000,
        "grossProfit": 173400000,
        "grossProfitRatio": 0.4435917114,
        "researchAndDevelopmentExpenses": 51400000,
        "generalAndAdministrativeExpenses": 0,
        "sellingAndMarketingExpenses": 0,
        "sellingGeneralAndAdministrativeExpenses": 103700000,
        "otherExpenses": 6000000,
        "operatingExpenses": 161100000,
        "costAndExpenses": 378600000,
        "interestIncome": -9800000,
        "interestExpense": 6200000,
        "depreciationAndAmortization": 40400000,
        "ebitda": 50100000,
        "ebitdaratio": 0.1281657713,
        "operatingIncome": -3100000,
        "operatingIncomeRatio": -0.007930417,
        "totalOtherIncomeExpensesNet": 6600000,
        "incomeBeforeTax": 3500000,
        "incomeBeforeTaxRatio": 0.0089536966,
        "incomeTaxExpense": 1800000,
        "netIncome": 1500000,
        "netIncomeRatio": 0.0038372985,
        "eps": 0.0068,
        "epsdiluted": 0.0066,
        "weightedAverageShsOut": 221800000,
        "weightedAverageShsOutDil": 227500000,
        "link": "https://www.sec.gov/Archives/edgar/data/912093/000119312510201868/0001193125-10-201868-index.htm",
        "finalLink": "https://www.sec.gov/Archives/edgar/data/912093/000119312510201868/d10k.htm"
    },
    {
        "date": "2010-04-03",
        "symbol": "VIAV",
        "reportedCurrency": "USD",
        "cik": "0000912093",
        "fillingDate": "2010-05-07",
        "acceptedDate": "2010-05-07 16:30:16",
        "calendarYear": "2010",
        "period": "Q3",
        "revenue": 332300000,
        "costOfRevenue": 200400000,
        "grossProfit": 131900000,
        "grossProfitRatio": 0.3969304845,
        "researchAndDevelopmentExpenses": 42200000,
        "generalAndAdministrativeExpenses": 0,
        "sellingAndMarketingExpenses": 0,
        "sellingGeneralAndAdministrativeExpenses": 92300000,
        "otherExpenses": 6300000,
        "operatingExpenses": 140800000,
        "costAndExpenses": 341200000,
        "interestIncome": 4300000,
        "interestExpense": 5900000,
        "depreciationAndAmortization": 6300000,
        "ebitda": 1700000,
        "ebitdaratio": 0.0051158592,
        "operatingIncome": -10600000,
        "operatingIncomeRatio": -0.0318988865,
        "totalOtherIncomeExpensesNet": -2400000,
        "incomeBeforeTax": -13000000,
        "incomeBeforeTaxRatio": -0.039121276,
        "incomeTaxExpense": -1700000,
        "netIncome": -11900000,
        "netIncomeRatio": -0.0358110141,
        "eps": -0.0542,
        "epsdiluted": -0.0542,
        "weightedAverageShsOut": 219400000,
        "weightedAverageShsOutDil": 219400000,
        "link": "https://www.sec.gov/Archives/edgar/data/912093/000119312510112945/0001193125-10-112945-index.htm",
        "finalLink": "https://www.sec.gov/Archives/edgar/data/912093/000119312510112945/d10q.htm"
    },
    {
        "date": "2010-01-02",
        "symbol": "VIAV",
        "reportedCurrency": "USD",
        "cik": "0000912093",
        "fillingDate": "2010-02-05",
        "acceptedDate": "2010-02-05 16:15:06",
        "calendarYear": "2010",
        "period": "Q2",
        "revenue": 342900000,
        "costOfRevenue": 204700000,
        "grossProfit": 138200000,
        "grossProfitRatio": 0.4030329542,
        "researchAndDevelopmentExpenses": 41500000,
        "generalAndAdministrativeExpenses": 0,
        "sellingAndMarketingExpenses": 0,
        "sellingGeneralAndAdministrativeExpenses": 94700000,
        "otherExpenses": 6500000,
        "operatingExpenses": 142700000,
        "costAndExpenses": 347400000,
        "interestIncome": 2300000,
        "interestExpense": 6300000,
        "depreciationAndAmortization": 6500000,
        "ebitda": 4300000,
        "ebitdaratio": 0.0125400992,
        "operatingIncome": -13000000,
        "operatingIncomeRatio": -0.0379119277,
        "totalOtherIncomeExpensesNet": -4700000,
        "incomeBeforeTax": -17700000,
        "incomeBeforeTaxRatio": -0.0516185477,
        "incomeTaxExpense": 1700000,
        "netIncome": -19500000,
        "netIncomeRatio": -0.0568678915,
        "eps": -0.0893,
        "epsdiluted": -0.0893,
        "weightedAverageShsOut": 218300000,
        "weightedAverageShsOutDil": 218300000,
        "link": "https://www.sec.gov/Archives/edgar/data/912093/000119312510023351/0001193125-10-023351-index.htm",
        "finalLink": "https://www.sec.gov/Archives/edgar/data/912093/000119312510023351/d10q.htm"
    },
    {
        "date": "2009-10-03",
        "symbol": "VIAV",
        "reportedCurrency": "USD",
        "cik": "0000912093",
        "fillingDate": "2009-11-12",
        "acceptedDate": "2009-11-10 19:32:48",
        "calendarYear": "2010",
        "period": "Q1",
        "revenue": 297800000,
        "costOfRevenue": 180700000,
        "grossProfit": 117100000,
        "grossProfitRatio": 0.3932169241,
        "researchAndDevelopmentExpenses": 39800000,
        "generalAndAdministrativeExpenses": 0,
        "sellingAndMarketingExpenses": 0,
        "sellingGeneralAndAdministrativeExpenses": 92200000,
        "otherExpenses": 7000000,
        "operatingExpenses": 139000000,
        "costAndExpenses": 319700000,
        "interestIncome": 3200000,
        "interestExpense": 5900000,
        "depreciationAndAmortization": 7000000,
        "ebitda": -11700000,
        "ebitdaratio": -0.0392881128,
        "operatingIncome": -27500000,
        "operatingIncomeRatio": -0.0923438549,
        "totalOtherIncomeExpensesNet": -2500000,
        "incomeBeforeTax": -30000000,
        "incomeBeforeTaxRatio": -0.1007387508,
        "incomeTaxExpense": 700000,
        "netIncome": -31900000,
        "netIncomeRatio": -0.1071188717,
        "eps": -0.15,
        "epsdiluted": -0.15,
        "weightedAverageShsOut": 217500000,
        "weightedAverageShsOutDil": 217500000,
        "link": "https://www.sec.gov/Archives/edgar/data/912093/000119312509230987/0001193125-09-230987-index.htm",
        "finalLink": "https://www.sec.gov/Archives/edgar/data/912093/000119312509230987/d10q.htm"
    },
    {
        "date": "2009-06-30",
        "symbol": "VIAV",
        "reportedCurrency": "USD",
        "cik": "0000912093",
        "fillingDate": "2009-08-24",
        "acceptedDate": "2009-08-24 16:54:59",
        "calendarYear": "2009",
        "period": "Q4",
        "revenue": 276100000,
        "costOfRevenue": 161900000,
        "grossProfit": 114200000,
        "grossProfitRatio": 0.4136182543,
        "researchAndDevelopmentExpenses": 39400000,
        "generalAndAdministrativeExpenses": 0,
        "sellingAndMarketingExpenses": 0,
        "sellingGeneralAndAdministrativeExpenses": 93500000,
        "otherExpenses": 7400000,
        "operatingExpenses": 140300000,
        "costAndExpenses": 302200000,
        "interestIncome": 2200000,
        "interestExpense": 1700000,
        "depreciationAndAmortization": 34500000,
        "ebitda": -24300000,
        "ebitdaratio": -0.08801159,
        "operatingIncome": -60900000,
        "operatingIncomeRatio": -0.2205722564,
        "totalOtherIncomeExpensesNet": 400000,
        "incomeBeforeTax": -60500000,
        "incomeBeforeTaxRatio": -0.219123506,
        "incomeTaxExpense": -1000000,
        "netIncome": -59500000,
        "netIncomeRatio": -0.2155016298,
        "eps": -0.28,
        "epsdiluted": -0.27,
        "weightedAverageShsOut": 216200000,
        "weightedAverageShsOutDil": 217500000,
        "link": "https://www.sec.gov/Archives/edgar/data/912093/000119312509180423/0001193125-09-180423-index.htm",
        "finalLink": "https://www.sec.gov/Archives/edgar/data/912093/000119312509180423/d10k.htm"
    },
    {
        "date": "2009-03-28",
        "symbol": "VIAV",
        "reportedCurrency": "USD",
        "cik": "0000912093",
        "fillingDate": "2009-05-05",
        "acceptedDate": "2009-05-05 16:20:59",
        "calendarYear": "2009",
        "period": "Q3",
        "revenue": 280600000,
        "costOfRevenue": 165600000,
        "grossProfit": 115000000,
        "grossProfitRatio": 0.4098360656,
        "researchAndDevelopmentExpenses": 42700000,
        "generalAndAdministrativeExpenses": 0,
        "sellingAndMarketingExpenses": 0,
        "sellingGeneralAndAdministrativeExpenses": 93800000,
        "otherExpenses": 13700000,
        "operatingExpenses": 150200000,
        "costAndExpenses": 315800000,
        "interestIncome": 22200000,
        "interestExpense": 1900000,
        "depreciationAndAmortization": 36800000,
        "ebitda": -53900000,
        "ebitdaratio": -0.192088382,
        "operatingIncome": -104200000,
        "operatingIncomeRatio": -0.3713471133,
        "totalOtherIncomeExpensesNet": 3300000,
        "incomeBeforeTax": -85800000,
        "incomeBeforeTaxRatio": -0.3057733428,
        "incomeTaxExpense": -600000,
        "netIncome": -85200000,
        "netIncomeRatio": -0.3036350677,
        "eps": -0.4,
        "epsdiluted": -0.4,
        "weightedAverageShsOut": 215600000,
        "weightedAverageShsOutDil": 215600000,
        "link": "https://www.sec.gov/Archives/edgar/data/912093/000119312509099963/0001193125-09-099963-index.htm",
        "finalLink": "https://www.sec.gov/Archives/edgar/data/912093/000119312509099963/d10q.htm"
    },
    {
        "date": "2008-12-27",
        "symbol": "VIAV",
        "reportedCurrency": "USD",
        "cik": "0000912093",
        "fillingDate": "2009-02-05",
        "acceptedDate": "2009-02-05 16:37:28",
        "calendarYear": "2009",
        "period": "Q2",
        "revenue": 357000000,
        "costOfRevenue": 220300000,
        "grossProfit": 136700000,
        "grossProfitRatio": 0.3829131653,
        "researchAndDevelopmentExpenses": 42900000,
        "generalAndAdministrativeExpenses": 0,
        "sellingAndMarketingExpenses": 0,
        "sellingGeneralAndAdministrativeExpenses": 105000000,
        "otherExpenses": 703700000,
        "operatingExpenses": 851600000,
        "costAndExpenses": 1071900000,
        "interestIncome": 16200000,
        "interestExpense": 7000000,
        "depreciationAndAmortization": 36800000,
        "ebitda": -669700000,
        "ebitdaratio": -1.8759103641,
        "operatingIncome": -721500000,
        "operatingIncomeRatio": -2.0210084034,
        "totalOtherIncomeExpensesNet": -3200000,
        "incomeBeforeTax": -707000000,
        "incomeBeforeTaxRatio": -1.9803921569,
        "incomeTaxExpense": -1700000,
        "netIncome": -705300000,
        "netIncomeRatio": -1.9756302521,
        "eps": -3.28,
        "epsdiluted": -3.28,
        "weightedAverageShsOut": 215100000,
        "weightedAverageShsOutDil": 215100000,
        "link": "https://www.sec.gov/Archives/edgar/data/912093/000119312509020076/0001193125-09-020076-index.htm",
        "finalLink": "https://www.sec.gov/Archives/edgar/data/912093/000119312509020076/d10q.htm"
    },
    {
        "date": "2008-09-27",
        "symbol": "VIAV",
        "reportedCurrency": "USD",
        "cik": "0000912093",
        "fillingDate": "2008-11-03",
        "acceptedDate": "2008-11-03 16:55:37",
        "calendarYear": "2009",
        "period": "Q1",
        "revenue": 380700000,
        "costOfRevenue": 230000000,
        "grossProfit": 150700000,
        "grossProfitRatio": 0.3958497505,
        "researchAndDevelopmentExpenses": 45100000,
        "generalAndAdministrativeExpenses": 0,
        "sellingAndMarketingExpenses": 0,
        "sellingGeneralAndAdministrativeExpenses": 112300000,
        "otherExpenses": 7300000,
        "operatingExpenses": 164700000,
        "costAndExpenses": 394700000,
        "interestIncome": 0,
        "interestExpense": 0,
        "depreciationAndAmortization": 36300000,
        "ebitda": 22300000,
        "ebitdaratio": 0.0585763068,
        "operatingIncome": -16600000,
        "operatingIncomeRatio": -0.0436038876,
        "totalOtherIncomeExpensesNet": 1200000,
        "incomeBeforeTax": -15400000,
        "incomeBeforeTaxRatio": -0.0404517993,
        "incomeTaxExpense": 1000000,
        "netIncome": -16400000,
        "netIncomeRatio": -0.0430785395,
        "eps": -0.0761,
        "epsdiluted": -0.0761,
        "weightedAverageShsOut": 215400000,
        "weightedAverageShsOutDil": 215400000,
        "link": "https://www.sec.gov/Archives/edgar/data/912093/000119312508222996/0001193125-08-222996-index.htm",
        "finalLink": "https://www.sec.gov/Archives/edgar/data/912093/000119312508222996/d10q.htm"
    },
    {
        "date": "2008-06-30",
        "symbol": "VIAV",
        "reportedCurrency": "USD",
        "cik": "0000912093",
        "fillingDate": "2008-08-27",
        "acceptedDate": "2008-08-26 21:09:30",
        "calendarYear": "2008",
        "period": "Q4",
        "revenue": 390300000,
        "costOfRevenue": 249700000,
        "grossProfit": 140600000,
        "grossProfitRatio": 0.3602357161,
        "researchAndDevelopmentExpenses": 47500000,
        "generalAndAdministrativeExpenses": 0,
        "sellingAndMarketingExpenses": 0,
        "sellingGeneralAndAdministrativeExpenses": 137900000,
        "otherExpenses": 49900000,
        "operatingExpenses": 235300000,
        "costAndExpenses": 485000000,
        "interestIncome": 0,
        "interestExpense": 0,
        "depreciationAndAmortization": 86900000,
        "ebitda": -7800000,
        "ebitdaratio": -0.0199846272,
        "operatingIncome": -98400000,
        "operatingIncomeRatio": -0.2521137586,
        "totalOtherIncomeExpensesNet": 68400000,
        "incomeBeforeTax": -30000000,
        "incomeBeforeTaxRatio": -0.0768639508,
        "incomeTaxExpense": -200000,
        "netIncome": -29800000,
        "netIncomeRatio": -0.0763515245,
        "eps": -0.14,
        "epsdiluted": -0.14,
        "weightedAverageShsOut": 215400000,
        "weightedAverageShsOutDil": 215400000,
        "link": "https://www.sec.gov/Archives/edgar/data/912093/000119312508184575/0001193125-08-184575-index.htm",
        "finalLink": "https://www.sec.gov/Archives/edgar/data/912093/000119312508184575/d10k.htm"
    },
    {
        "date": "2008-03-29",
        "symbol": "VIAV",
        "reportedCurrency": "USD",
        "cik": "0000912093",
        "fillingDate": "2008-05-06",
        "acceptedDate": "2008-05-06 16:35:17",
        "calendarYear": "2008",
        "period": "Q3",
        "revenue": 383900000,
        "costOfRevenue": 238300000,
        "grossProfit": 145600000,
        "grossProfitRatio": 0.3792654337,
        "researchAndDevelopmentExpenses": 47700000,
        "generalAndAdministrativeExpenses": 0,
        "sellingAndMarketingExpenses": 0,
        "sellingGeneralAndAdministrativeExpenses": 112200000,
        "otherExpenses": 9900000,
        "operatingExpenses": 169800000,
        "costAndExpenses": 408100000,
        "interestIncome": 0,
        "interestExpense": 0,
        "depreciationAndAmortization": 37400000,
        "ebitda": 13200000,
        "ebitdaratio": 0.0343839542,
        "operatingIncome": -25900000,
        "operatingIncomeRatio": -0.0674654858,
        "totalOtherIncomeExpensesNet": 14300000,
        "incomeBeforeTax": -11600000,
        "incomeBeforeTaxRatio": -0.0302162021,
        "incomeTaxExpense": -5400000,
        "netIncome": -6200000,
        "netIncomeRatio": -0.0161500391,
        "eps": -0.0275,
        "epsdiluted": -0.0275,
        "weightedAverageShsOut": 225200000,
        "weightedAverageShsOutDil": 225200000,
        "link": "https://www.sec.gov/Archives/edgar/data/912093/000119312508104149/0001193125-08-104149-index.htm",
        "finalLink": "https://www.sec.gov/Archives/edgar/data/912093/000119312508104149/d10q.htm"
    },
    {
        "date": "2007-12-29",
        "symbol": "VIAV",
        "reportedCurrency": "USD",
        "cik": "0000912093",
        "fillingDate": "2008-02-07",
        "acceptedDate": "2008-02-07 13:17:16",
        "calendarYear": "2008",
        "period": "Q2",
        "revenue": 399200000,
        "costOfRevenue": 227800000,
        "grossProfit": 171400000,
        "grossProfitRatio": 0.4293587174,
        "researchAndDevelopmentExpenses": 46300000,
        "generalAndAdministrativeExpenses": 0,
        "sellingAndMarketingExpenses": 0,
        "sellingGeneralAndAdministrativeExpenses": 105500000,
        "otherExpenses": 6600000,
        "operatingExpenses": 158400000,
        "costAndExpenses": 386200000,
        "interestIncome": 0,
        "interestExpense": 0,
        "depreciationAndAmortization": 36100000,
        "ebitda": 49100000,
        "ebitdaratio": 0.122995992,
        "operatingIncome": 12800000,
        "operatingIncomeRatio": 0.0320641283,
        "totalOtherIncomeExpensesNet": 13900000,
        "incomeBeforeTax": 26700000,
        "incomeBeforeTaxRatio": 0.0668837675,
        "incomeTaxExpense": 5500000,
        "netIncome": 21200000,
        "netIncomeRatio": 0.0531062124,
        "eps": 0.1,
        "epsdiluted": 0.09,
        "weightedAverageShsOut": 220500000,
        "weightedAverageShsOutDil": 228400000,
        "link": "https://www.sec.gov/Archives/edgar/data/912093/000119312508022767/0001193125-08-022767-index.htm",
        "finalLink": "https://www.sec.gov/Archives/edgar/data/912093/000119312508022767/d10q.htm"
    },
    {
        "date": "2007-09-29",
        "symbol": "VIAV",
        "reportedCurrency": "USD",
        "cik": "0000912093",
        "fillingDate": "2007-11-07",
        "acceptedDate": "2007-11-07 16:19:30",
        "calendarYear": "2008",
        "period": "Q1",
        "revenue": 356700000,
        "costOfRevenue": 223000000,
        "grossProfit": 133700000,
        "grossProfitRatio": 0.3748247827,
        "researchAndDevelopmentExpenses": 46600000,
        "generalAndAdministrativeExpenses": 0,
        "sellingAndMarketingExpenses": 0,
        "sellingGeneralAndAdministrativeExpenses": 100200000,
        "otherExpenses": 7300000,
        "operatingExpenses": 154100000,
        "costAndExpenses": 377100000,
        "interestIncome": 0,
        "interestExpense": 0,
        "depreciationAndAmortization": 35700000,
        "ebitda": 15300000,
        "ebitdaratio": 0.0428931876,
        "operatingIncome": -21500000,
        "operatingIncomeRatio": -0.0602747407,
        "totalOtherIncomeExpensesNet": 17100000,
        "incomeBeforeTax": -4400000,
        "incomeBeforeTaxRatio": -0.0123352958,
        "incomeTaxExpense": 2500000,
        "netIncome": -6900000,
        "netIncomeRatio": -0.0193439865,
        "eps": -0.0315,
        "epsdiluted": -0.0315,
        "weightedAverageShsOut": 219200000,
        "weightedAverageShsOutDil": 219200000,
        "link": "https://www.sec.gov/Archives/edgar/data/912093/000119312507238473/0001193125-07-238473-index.htm",
        "finalLink": "https://www.sec.gov/Archives/edgar/data/912093/000119312507238473/d10q.htm"
    },
    {
        "date": "2007-06-30",
        "symbol": "VIAV",
        "reportedCurrency": "USD",
        "cik": "0000912093",
        "fillingDate": "2007-08-29",
        "acceptedDate": "2007-08-29 14:17:03",
        "calendarYear": "2007",
        "period": "Q4",
        "revenue": 350700000,
        "costOfRevenue": 238800000,
        "grossProfit": 111900000,
        "grossProfitRatio": 0.3190761334,
        "researchAndDevelopmentExpenses": 42200000,
        "generalAndAdministrativeExpenses": 0,
        "sellingAndMarketingExpenses": 0,
        "sellingGeneralAndAdministrativeExpenses": 95300000,
        "otherExpenses": 7800000,
        "operatingExpenses": 145300000,
        "costAndExpenses": 384100000,
        "interestIncome": 0,
        "interestExpense": 0,
        "depreciationAndAmortization": 64000000,
        "ebitda": 30600000,
        "ebitdaratio": 0.0872540633,
        "operatingIncome": -42600000,
        "operatingIncomeRatio": -0.121471343,
        "totalOtherIncomeExpensesNet": 20100000,
        "incomeBeforeTax": -22500000,
        "incomeBeforeTaxRatio": -0.0641573995,
        "incomeTaxExpense": -4600000,
        "netIncome": -17900000,
        "netIncomeRatio": -0.0510407756,
        "eps": -0.0838,
        "epsdiluted": -0.0817,
        "weightedAverageShsOut": 213500000,
        "weightedAverageShsOutDil": 219200000,
        "link": "https://www.sec.gov/Archives/edgar/data/912093/000119312507191624/0001193125-07-191624-index.htm",
        "finalLink": "https://www.sec.gov/Archives/edgar/data/912093/000119312507191624/d10k.htm"
    },
    {
        "date": "2007-03-31",
        "symbol": "VIAV",
        "reportedCurrency": "USD",
        "cik": "0000912093",
        "fillingDate": "2007-05-09",
        "acceptedDate": "2007-05-09 13:34:14",
        "calendarYear": "2007",
        "period": "Q3",
        "revenue": 361700000,
        "costOfRevenue": 236700000,
        "grossProfit": 125000000,
        "grossProfitRatio": 0.3455902682,
        "researchAndDevelopmentExpenses": 43400000,
        "generalAndAdministrativeExpenses": 0,
        "sellingAndMarketingExpenses": 0,
        "sellingGeneralAndAdministrativeExpenses": 95700000,
        "otherExpenses": 10400000,
        "operatingExpenses": 149500000,
        "costAndExpenses": 386200000,
        "interestIncome": 0,
        "interestExpense": 0,
        "depreciationAndAmortization": 31800000,
        "ebitda": 7300000,
        "ebitdaratio": 0.0201824717,
        "operatingIncome": -24400000,
        "operatingIncomeRatio": -0.0674592203,
        "totalOtherIncomeExpensesNet": 14200000,
        "incomeBeforeTax": -10200000,
        "incomeBeforeTaxRatio": -0.0282001659,
        "incomeTaxExpense": 4000000,
        "netIncome": -14200000,
        "netIncomeRatio": -0.0392590545,
        "eps": -0.0672,
        "epsdiluted": -0.0672,
        "weightedAverageShsOut": 211300000,
        "weightedAverageShsOutDil": 211300000,
        "link": "https://www.sec.gov/Archives/edgar/data/912093/000119312507107848/0001193125-07-107848-index.htm",
        "finalLink": "https://www.sec.gov/Archives/edgar/data/912093/000119312507107848/d10q.htm"
    },
    {
        "date": "2006-12-30",
        "symbol": "VIAV",
        "reportedCurrency": "USD",
        "cik": "0000912093",
        "fillingDate": "2007-02-06",
        "acceptedDate": "2007-02-06 14:45:17",
        "calendarYear": "2007",
        "period": "Q2",
        "revenue": 366300000,
        "costOfRevenue": 229200000,
        "grossProfit": 137100000,
        "grossProfitRatio": 0.3742833743,
        "researchAndDevelopmentExpenses": 42800000,
        "generalAndAdministrativeExpenses": 0,
        "sellingAndMarketingExpenses": 0,
        "sellingGeneralAndAdministrativeExpenses": 94400000,
        "otherExpenses": 9900000,
        "operatingExpenses": 147100000,
        "costAndExpenses": 376300000,
        "interestIncome": 0,
        "interestExpense": 0,
        "depreciationAndAmortization": 25700000,
        "ebitda": -4000000,
        "ebitdaratio": -0.0109200109,
        "operatingIncome": -15500000,
        "operatingIncomeRatio": -0.0423150423,
        "totalOtherIncomeExpensesNet": 42400000,
        "incomeBeforeTax": 26900000,
        "incomeBeforeTaxRatio": 0.0734370734,
        "incomeTaxExpense": 3700000,
        "netIncome": 23200000,
        "netIncomeRatio": 0.0633360633,
        "eps": 0.11,
        "epsdiluted": 0.1,
        "weightedAverageShsOut": 211100000,
        "weightedAverageShsOutDil": 223500000,
        "link": "https://www.sec.gov/Archives/edgar/data/912093/000119312507021209/0001193125-07-021209-index.htm",
        "finalLink": "https://www.sec.gov/Archives/edgar/data/912093/000119312507021209/d10q.htm"
    },
    {
        "date": "2006-09-30",
        "symbol": "VIAV",
        "reportedCurrency": "USD",
        "cik": "0000912093",
        "fillingDate": "2006-11-09",
        "acceptedDate": "2006-11-09 13:00:28",
        "calendarYear": "2007",
        "period": "Q1",
        "revenue": 318100000,
        "costOfRevenue": 220100000,
        "grossProfit": 98000000,
        "grossProfitRatio": 0.3080792204,
        "researchAndDevelopmentExpenses": 40000000,
        "generalAndAdministrativeExpenses": 0,
        "sellingAndMarketingExpenses": 0,
        "sellingGeneralAndAdministrativeExpenses": 83000000,
        "otherExpenses": 6500000,
        "operatingExpenses": 129500000,
        "costAndExpenses": 349600000,
        "interestIncome": 0,
        "interestExpense": 0,
        "depreciationAndAmortization": 40400000,
        "ebitda": 8900000,
        "ebitdaratio": 0.0279786231,
        "operatingIncome": -36700000,
        "operatingIncomeRatio": -0.1153725244,
        "totalOtherIncomeExpensesNet": 18200000,
        "incomeBeforeTax": -18500000,
        "incomeBeforeTaxRatio": -0.058157812,
        "incomeTaxExpense": -1100000,
        "netIncome": -17400000,
        "netIncomeRatio": -0.0546997799,
        "eps": -0.0825,
        "epsdiluted": -0.0825,
        "weightedAverageShsOut": 210900000,
        "weightedAverageShsOutDil": 210900000,
        "link": "https://www.sec.gov/Archives/edgar/data/912093/000119312506229884/0001193125-06-229884-index.htm",
        "finalLink": "https://www.sec.gov/Archives/edgar/data/912093/000119312506229884/d10q.htm"
    },
    {
        "date": "2006-06-30",
        "symbol": "VIAV",
        "reportedCurrency": "USD",
        "cik": "0000912093",
        "fillingDate": "2006-09-14",
        "acceptedDate": "2006-09-14 16:12:10",
        "calendarYear": "2006",
        "period": "Q4",
        "revenue": 318200000,
        "costOfRevenue": 249000000,
        "grossProfit": 69200000,
        "grossProfitRatio": 0.2174732872,
        "researchAndDevelopmentExpenses": 39800000,
        "generalAndAdministrativeExpenses": 0,
        "sellingAndMarketingExpenses": 0,
        "sellingGeneralAndAdministrativeExpenses": 83400000,
        "otherExpenses": 6000000,
        "operatingExpenses": 129200000,
        "costAndExpenses": 378200000,
        "interestIncome": 0,
        "interestExpense": 0,
        "depreciationAndAmortization": 47800000,
        "ebitda": -12200000,
        "ebitdaratio": -0.0383406662,
        "operatingIncome": -66800000,
        "operatingIncomeRatio": -0.2099308611,
        "totalOtherIncomeExpensesNet": 11700000,
        "incomeBeforeTax": -55100000,
        "incomeBeforeTaxRatio": -0.1731615336,
        "incomeTaxExpense": -9300000,
        "netIncome": -45800000,
        "netIncomeRatio": -0.1439346323,
        "eps": -0.22,
        "epsdiluted": -0.22,
        "weightedAverageShsOut": 210400000,
        "weightedAverageShsOutDil": 210900000,
        "link": "https://www.sec.gov/Archives/edgar/data/912093/000119312506190889/0001193125-06-190889-index.htm",
        "finalLink": "https://www.sec.gov/Archives/edgar/data/912093/000119312506190889/d10k.htm"
    },
    {
        "date": "2006-03-31",
        "symbol": "VIAV",
        "reportedCurrency": "USD",
        "cik": "0000912093",
        "fillingDate": "2006-05-09",
        "acceptedDate": "2006-05-09 07:13:05",
        "calendarYear": "2006",
        "period": "Q3",
        "revenue": 315000000,
        "costOfRevenue": 199400000,
        "grossProfit": 115600000,
        "grossProfitRatio": 0.366984127,
        "researchAndDevelopmentExpenses": 41300000,
        "generalAndAdministrativeExpenses": 0,
        "sellingAndMarketingExpenses": 0,
        "sellingGeneralAndAdministrativeExpenses": 88200000,
        "otherExpenses": 16300000,
        "operatingExpenses": 145800000,
        "costAndExpenses": 345200000,
        "interestIncome": 0,
        "interestExpense": 0,
        "depreciationAndAmortization": 24000000,
        "ebitda": -34900000,
        "ebitdaratio": -0.1107936508,
        "operatingIncome": -39200000,
        "operatingIncomeRatio": -0.1244444444,
        "totalOtherIncomeExpensesNet": 45600000,
        "incomeBeforeTax": 6600000,
        "incomeBeforeTaxRatio": 0.020952381,
        "incomeTaxExpense": 2900000,
        "netIncome": 3700000,
        "netIncomeRatio": 0.0117460317,
        "eps": 0.02,
        "epsdiluted": 0.02,
        "weightedAverageShsOut": 209900000,
        "weightedAverageShsOutDil": 224300000,
        "link": "https://www.sec.gov/Archives/edgar/data/912093/000119312506104260/0001193125-06-104260-index.htm",
        "finalLink": "https://www.sec.gov/Archives/edgar/data/912093/000119312506104260/d10q.htm"
    },
    {
        "date": "2005-12-31",
        "symbol": "VIAV",
        "reportedCurrency": "USD",
        "cik": "0000912093",
        "fillingDate": "2006-02-08",
        "acceptedDate": "2006-02-08 06:24:33",
        "calendarYear": "2006",
        "period": "Q2",
        "revenue": 312900000,
        "costOfRevenue": 208700000,
        "grossProfit": 104200000,
        "grossProfitRatio": 0.3330137424,
        "researchAndDevelopmentExpenses": 40700000,
        "generalAndAdministrativeExpenses": 0,
        "sellingAndMarketingExpenses": 0,
        "sellingGeneralAndAdministrativeExpenses": 83300000,
        "otherExpenses": 16800000,
        "operatingExpenses": 140800000,
        "costAndExpenses": 349500000,
        "interestIncome": 0,
        "interestExpense": 0,
        "depreciationAndAmortization": 32400000,
        "ebitda": -7600000,
        "ebitdaratio": -0.0242889102,
        "operatingIncome": -51800000,
        "operatingIncomeRatio": -0.1655480984,
        "totalOtherIncomeExpensesNet": 7600000,
        "incomeBeforeTax": -41600000,
        "incomeBeforeTaxRatio": -0.1329498242,
        "incomeTaxExpense": 500000,
        "netIncome": -42100000,
        "netIncomeRatio": -0.1345477788,
        "eps": -0.2,
        "epsdiluted": -0.2,
        "weightedAverageShsOut": 207000000,
        "weightedAverageShsOutDil": 207000000,
        "link": "https://www.sec.gov/Archives/edgar/data/912093/000119312506022862/0001193125-06-022862-index.htm",
        "finalLink": "https://www.sec.gov/Archives/edgar/data/912093/000119312506022862/d10q.htm"
    },
    {
        "date": "2005-10-01",
        "symbol": "VIAV",
        "reportedCurrency": "USD",
        "cik": "0000912093",
        "fillingDate": "2005-11-15",
        "acceptedDate": "2005-11-15 15:37:28",
        "calendarYear": "2006",
        "period": "Q1",
        "revenue": 258300000,
        "costOfRevenue": 206700000,
        "grossProfit": 51600000,
        "grossProfitRatio": 0.199767712,
        "researchAndDevelopmentExpenses": 33700000,
        "generalAndAdministrativeExpenses": 0,
        "sellingAndMarketingExpenses": 0,
        "sellingGeneralAndAdministrativeExpenses": 70400000,
        "otherExpenses": 13300000,
        "operatingExpenses": 117400000,
        "costAndExpenses": 324100000,
        "interestIncome": 0,
        "interestExpense": 0,
        "depreciationAndAmortization": 29000000,
        "ebitda": -90200000,
        "ebitdaratio": -0.3492063492,
        "operatingIncome": -90200000,
        "operatingIncomeRatio": -0.3492063492,
        "totalOtherIncomeExpensesNet": 28700000,
        "incomeBeforeTax": -61500000,
        "incomeBeforeTaxRatio": -0.2380952381,
        "incomeTaxExpense": 5500000,
        "netIncome": -67000000,
        "netIncomeRatio": -0.2593883082,
        "eps": -0.34,
        "epsdiluted": -0.34,
        "weightedAverageShsOut": 197700000,
        "weightedAverageShsOutDil": 197700000,
        "link": "https://www.sec.gov/Archives/edgar/data/912093/000119312505227047/0001193125-05-227047-index.htm",
        "finalLink": "https://www.sec.gov/Archives/edgar/data/912093/000119312505227047/d10q.htm"
    },
    {
        "date": "2005-06-30",
        "symbol": "VIAV",
        "reportedCurrency": "USD",
        "cik": "0000912093",
        "fillingDate": "2005-09-30",
        "acceptedDate": "2005-09-30 16:32:41",
        "calendarYear": "2005",
        "period": "Q4",
        "revenue": 170900000,
        "costOfRevenue": 142800000,
        "grossProfit": 28100000,
        "grossProfitRatio": 0.1644236396,
        "researchAndDevelopmentExpenses": 22300000,
        "generalAndAdministrativeExpenses": 0,
        "sellingAndMarketingExpenses": 0,
        "sellingGeneralAndAdministrativeExpenses": 38600000,
        "otherExpenses": 68200000,
        "operatingExpenses": 129100000,
        "costAndExpenses": 271900000,
        "interestIncome": 0,
        "interestExpense": 0,
        "depreciationAndAmortization": 16200000,
        "ebitda": -84800000,
        "ebitdaratio": -0.4961966062,
        "operatingIncome": -109700000,
        "operatingIncomeRatio": -0.6418958455,
        "totalOtherIncomeExpensesNet": -26100000,
        "incomeBeforeTax": -135800000,
        "incomeBeforeTaxRatio": -0.7946167349,
        "incomeTaxExpense": 9900000,
        "netIncome": -145700000,
        "netIncomeRatio": -0.8525453482,
        "eps": -0.74,
        "epsdiluted": -0.74,
        "weightedAverageShsOut": 197662500,
        "weightedAverageShsOutDil": 197662500,
        "link": "https://www.sec.gov/Archives/edgar/data/912093/000119312505195032/0001193125-05-195032-index.htm",
        "finalLink": "https://www.sec.gov/Archives/edgar/data/912093/000119312505195032/d10k.htm"
    },
    {
        "date": "2005-03-31",
        "symbol": "VIAV",
        "reportedCurrency": "USD",
        "cik": "0000912093",
        "fillingDate": "2005-05-12",
        "acceptedDate": "2005-05-11 21:51:26",
        "calendarYear": "2005",
        "period": "Q3",
        "revenue": 166300000,
        "costOfRevenue": 141500000,
        "grossProfit": 24800000,
        "grossProfitRatio": 0.1491280818,
        "researchAndDevelopmentExpenses": 22500000,
        "generalAndAdministrativeExpenses": 0,
        "sellingAndMarketingExpenses": 0,
        "sellingGeneralAndAdministrativeExpenses": 38000000,
        "otherExpenses": 7400000,
        "operatingExpenses": 67900000,
        "costAndExpenses": 209400000,
        "interestIncome": 0,
        "interestExpense": 0,
        "depreciationAndAmortization": 15900000,
        "ebitda": -27500000,
        "ebitdaratio": -0.1653638004,
        "operatingIncome": -44600000,
        "operatingIncomeRatio": -0.268190018,
        "totalOtherIncomeExpensesNet": 4200000,
        "incomeBeforeTax": -40400000,
        "incomeBeforeTaxRatio": -0.2429344558,
        "incomeTaxExpense": -1800000,
        "netIncome": -38600000,
        "netIncomeRatio": -0.2321106434,
        "eps": -0.21,
        "epsdiluted": -0.21,
        "weightedAverageShsOut": 180837500,
        "weightedAverageShsOutDil": 180837500,
        "link": "https://www.sec.gov/Archives/edgar/data/912093/000119312505104451/0001193125-05-104451-index.htm",
        "finalLink": "https://www.sec.gov/Archives/edgar/data/912093/000119312505104451/d10q.htm"
    },
    {
        "date": "2004-12-31",
        "symbol": "VIAV",
        "reportedCurrency": "USD",
        "cik": "0000912093",
        "fillingDate": "2005-02-10",
        "acceptedDate": "2005-02-10 16:33:32",
        "calendarYear": "2005",
        "period": "Q2",
        "revenue": 180500000,
        "costOfRevenue": 150700000,
        "grossProfit": 29800000,
        "grossProfitRatio": 0.1650969529,
        "researchAndDevelopmentExpenses": 24400000,
        "generalAndAdministrativeExpenses": 0,
        "sellingAndMarketingExpenses": 0,
        "sellingGeneralAndAdministrativeExpenses": 43500000,
        "otherExpenses": 4800000,
        "operatingExpenses": 72700000,
        "costAndExpenses": 223400000,
        "interestIncome": 0,
        "interestExpense": 0,
        "depreciationAndAmortization": 14700000,
        "ebitda": -27900000,
        "ebitdaratio": -0.1545706371,
        "operatingIncome": -46700000,
        "operatingIncomeRatio": -0.2587257618,
        "totalOtherIncomeExpensesNet": 3800000,
        "incomeBeforeTax": -42900000,
        "incomeBeforeTaxRatio": -0.2376731302,
        "incomeTaxExpense": -1900000,
        "netIncome": -41000000,
        "netIncomeRatio": -0.2271468144,
        "eps": -0.23,
        "epsdiluted": -0.23,
        "weightedAverageShsOut": 180512500,
        "weightedAverageShsOutDil": 180512500,
        "link": "https://www.sec.gov/Archives/edgar/data/912093/000095013405002597/0000950134-05-002597-index.htm",
        "finalLink": "https://www.sec.gov/Archives/edgar/data/912093/000095013405002597/f05008e10vq.htm"
    },
    {
        "date": "2004-09-30",
        "symbol": "VIAV",
        "reportedCurrency": "USD",
        "cik": "0000912093",
        "fillingDate": "2004-11-10",
        "acceptedDate": "2004-11-10 17:13:25",
        "calendarYear": "2005",
        "period": "Q1",
        "revenue": 194500000,
        "costOfRevenue": 151600000,
        "grossProfit": 42900000,
        "grossProfitRatio": 0.2205655527,
        "researchAndDevelopmentExpenses": 24500000,
        "generalAndAdministrativeExpenses": 0,
        "sellingAndMarketingExpenses": 0,
        "sellingGeneralAndAdministrativeExpenses": 37200000,
        "otherExpenses": 9200000,
        "operatingExpenses": 70900000,
        "costAndExpenses": 222500000,
        "interestIncome": 0,
        "interestExpense": 0,
        "depreciationAndAmortization": 15200000,
        "ebitda": -12800000,
        "ebitdaratio": -0.0658097686,
        "operatingIncome": -33300000,
        "operatingIncomeRatio": -0.1712082262,
        "totalOtherIncomeExpensesNet": -2200000,
        "incomeBeforeTax": -35500000,
        "incomeBeforeTaxRatio": -0.1825192802,
        "incomeTaxExpense": 500000,
        "netIncome": -36000000,
        "netIncomeRatio": -0.1850899743,
        "eps": -0.2,
        "epsdiluted": -0.2,
        "weightedAverageShsOut": 180300000,
        "weightedAverageShsOutDil": 180300000,
        "link": "https://www.sec.gov/Archives/edgar/data/912093/000095013404017078/0000950134-04-017078-index.htm",
        "finalLink": "https://www.sec.gov/Archives/edgar/data/912093/000095013404017078/f03119e10vq.htm"
    },
    {
        "date": "2004-06-30",
        "symbol": "VIAV",
        "reportedCurrency": "USD",
        "cik": "0000912093",
        "fillingDate": "2004-09-16",
        "acceptedDate": "2004-09-16 17:26:34",
        "calendarYear": "2004",
        "period": "Q4",
        "revenue": 174500000,
        "costOfRevenue": 135200000,
        "grossProfit": 39300000,
        "grossProfitRatio": 0.2252148997,
        "researchAndDevelopmentExpenses": 25100000,
        "generalAndAdministrativeExpenses": 0,
        "sellingAndMarketingExpenses": 0,
        "sellingGeneralAndAdministrativeExpenses": 31400000,
        "otherExpenses": 2200000,
        "operatingExpenses": 58700000,
        "costAndExpenses": 193900000,
        "interestIncome": 0,
        "interestExpense": 0,
        "depreciationAndAmortization": 13400000,
        "ebitda": -6000000,
        "ebitdaratio": -0.0343839542,
        "operatingIncome": -26000000,
        "operatingIncomeRatio": -0.1489971347,
        "totalOtherIncomeExpensesNet": 6200000,
        "incomeBeforeTax": -19800000,
        "incomeBeforeTaxRatio": -0.1134670487,
        "incomeTaxExpense": 1900000,
        "netIncome": -21700000,
        "netIncomeRatio": -0.1243553009,
        "eps": -0.12,
        "epsdiluted": -0.12,
        "weightedAverageShsOut": 180300000,
        "weightedAverageShsOutDil": 180300000,
        "link": "https://www.sec.gov/Archives/edgar/data/912093/000089161804001245/0000891618-04-001245-index.htm",
        "finalLink": "https://www.sec.gov/Archives/edgar/data/912093/000089161804001245/f00999e10vk.htm"
    },
    {
        "date": "2004-03-31",
        "symbol": "VIAV",
        "reportedCurrency": "USD",
        "cik": "0000912093",
        "fillingDate": "2004-05-13",
        "acceptedDate": "2004-05-13 17:14:13",
        "calendarYear": "2004",
        "period": "Q3",
        "revenue": 161400000,
        "costOfRevenue": 121000000,
        "grossProfit": 40400000,
        "grossProfitRatio": 0.2503097893,
        "researchAndDevelopmentExpenses": 25600000,
        "generalAndAdministrativeExpenses": 0,
        "sellingAndMarketingExpenses": 0,
        "sellingGeneralAndAdministrativeExpenses": 35600000,
        "otherExpenses": 14400000,
        "operatingExpenses": 75600000,
        "costAndExpenses": 196600000,
        "interestIncome": 0,
        "interestExpense": 0,
        "depreciationAndAmortization": 13600000,
        "ebitda": -27100000,
        "ebitdaratio": -0.167905824,
        "operatingIncome": -36900000,
        "operatingIncomeRatio": -0.2286245353,
        "totalOtherIncomeExpensesNet": 22300000,
        "incomeBeforeTax": -14600000,
        "incomeBeforeTaxRatio": -0.0904584882,
        "incomeTaxExpense": -7300000,
        "netIncome": -7300000,
        "netIncomeRatio": -0.0452292441,
        "eps": -0.0406,
        "epsdiluted": -0.0406,
        "weightedAverageShsOut": 179787500,
        "weightedAverageShsOutDil": 179787500,
        "link": "https://www.sec.gov/Archives/edgar/data/912093/000089161804001000/0000891618-04-001000-index.htm",
        "finalLink": "https://www.sec.gov/Archives/edgar/data/912093/000089161804001000/f98915e10vq.htm"
    },
    {
        "date": "2003-12-31",
        "symbol": "VIAV",
        "reportedCurrency": "USD",
        "cik": "0000912093",
        "fillingDate": "2004-02-17",
        "acceptedDate": "2004-02-17 17:04:11",
        "calendarYear": "2004",
        "period": "Q2",
        "revenue": 152600000,
        "costOfRevenue": 118300000,
        "grossProfit": 34300000,
        "grossProfitRatio": 0.2247706422,
        "researchAndDevelopmentExpenses": 24100000,
        "generalAndAdministrativeExpenses": 0,
        "sellingAndMarketingExpenses": 0,
        "sellingGeneralAndAdministrativeExpenses": 36800000,
        "otherExpenses": 42300000,
        "operatingExpenses": 103200000,
        "costAndExpenses": 221500000,
        "interestIncome": 0,
        "interestExpense": 0,
        "depreciationAndAmortization": 15000000,
        "ebitda": -53900000,
        "ebitdaratio": -0.3532110092,
        "operatingIncome": -78300000,
        "operatingIncomeRatio": -0.5131061599,
        "totalOtherIncomeExpensesNet": 22300000,
        "incomeBeforeTax": -56000000,
        "incomeBeforeTaxRatio": -0.3669724771,
        "incomeTaxExpense": 2500000,
        "netIncome": -58500000,
        "netIncomeRatio": -0.3833551769,
        "eps": -0.33,
        "epsdiluted": -0.33,
        "weightedAverageShsOut": 179375000,
        "weightedAverageShsOutDil": 179375000,
        "link": "https://www.sec.gov/Archives/edgar/data/912093/000089161804000600/0000891618-04-000600-index.htm",
        "finalLink": "https://www.sec.gov/Archives/edgar/data/912093/000089161804000600/f96506e10vq.htm"
    },
    {
        "date": "2003-09-30",
        "symbol": "VIAV",
        "reportedCurrency": "USD",
        "cik": "0000912093",
        "fillingDate": "2003-11-12",
        "acceptedDate": "2003-11-12 17:02:24",
        "calendarYear": "2004",
        "period": "Q1",
        "revenue": 147400000,
        "costOfRevenue": 115600000,
        "grossProfit": 31800000,
        "grossProfitRatio": 0.2157394844,
        "researchAndDevelopmentExpenses": 24700000,
        "generalAndAdministrativeExpenses": 0,
        "sellingAndMarketingExpenses": 0,
        "sellingGeneralAndAdministrativeExpenses": 41000000,
        "otherExpenses": 8800000,
        "operatingExpenses": 74500000,
        "costAndExpenses": 190100000,
        "interestIncome": 0,
        "interestExpense": 0,
        "depreciationAndAmortization": 15700000,
        "ebitda": -27000000,
        "ebitdaratio": -0.1831750339,
        "operatingIncome": -39100000,
        "operatingIncomeRatio": -0.2652645862,
        "totalOtherIncomeExpensesNet": 1000000,
        "incomeBeforeTax": -38100000,
        "incomeBeforeTaxRatio": -0.2584803256,
        "incomeTaxExpense": -12900000,
        "netIncome": -28100000,
        "netIncomeRatio": -0.1906377205,
        "eps": -0.16,
        "epsdiluted": -0.16,
        "weightedAverageShsOut": 179175000,
        "weightedAverageShsOutDil": 179175000,
        "link": "https://www.sec.gov/Archives/edgar/data/912093/000089161803005866/0000891618-03-005866-index.htm",
        "finalLink": "https://www.sec.gov/Archives/edgar/data/912093/000089161803005866/f94426e10vq.htm"
    },
    {
        "date": "2003-06-30",
        "symbol": "VIAV",
        "reportedCurrency": "USD",
        "cik": "0000912093",
        "fillingDate": "2003-09-24",
        "acceptedDate": "2003-09-24 16:49:51",
        "calendarYear": "2003",
        "period": "Q4",
        "revenue": 160600000,
        "costOfRevenue": 121600000,
        "grossProfit": 39000000,
        "grossProfitRatio": 0.2428393524,
        "researchAndDevelopmentExpenses": 32100000,
        "generalAndAdministrativeExpenses": 0,
        "sellingAndMarketingExpenses": 0,
        "sellingGeneralAndAdministrativeExpenses": 58300000,
        "otherExpenses": 6000000,
        "operatingExpenses": 96400000,
        "costAndExpenses": 218000000,
        "interestIncome": 0,
        "interestExpense": 0,
        "depreciationAndAmortization": 16500000,
        "ebitda": -40900000,
        "ebitdaratio": -0.2546699875,
        "operatingIncome": -63600000,
        "operatingIncomeRatio": -0.396014944,
        "totalOtherIncomeExpensesNet": -4000000,
        "incomeBeforeTax": -67600000,
        "incomeBeforeTaxRatio": -0.4209215442,
        "incomeTaxExpense": -6000000,
        "netIncome": -61600000,
        "netIncomeRatio": -0.3835616438,
        "eps": -0.35,
        "epsdiluted": -0.34,
        "weightedAverageShsOut": 178512500,
        "weightedAverageShsOutDil": 179175000,
        "link": "https://www.sec.gov/Archives/edgar/data/912093/000104746903031522/0001047469-03-031522-index.htm",
        "finalLink": "https://www.sec.gov/Archives/edgar/data/912093/000104746903031522/a2119081z10-k.htm"
    },
    {
        "date": "2003-03-31",
        "symbol": "VIAV",
        "reportedCurrency": "USD",
        "cik": "0000912093",
        "fillingDate": "2003-05-13",
        "acceptedDate": "2003-05-13 17:20:50",
        "calendarYear": "2003",
        "period": "Q3",
        "revenue": 165700000,
        "costOfRevenue": 142900000,
        "grossProfit": 22800000,
        "grossProfitRatio": 0.1375980688,
        "researchAndDevelopmentExpenses": 36800000,
        "generalAndAdministrativeExpenses": 0,
        "sellingAndMarketingExpenses": 0,
        "sellingGeneralAndAdministrativeExpenses": 70000000,
        "otherExpenses": 14900000,
        "operatingExpenses": 121700000,
        "costAndExpenses": 264600000,
        "interestIncome": 0,
        "interestExpense": 0,
        "depreciationAndAmortization": 38200000,
        "ebitda": -60700000,
        "ebitdaratio": -0.3663246832,
        "operatingIncome": -115200000,
        "operatingIncomeRatio": -0.6952323476,
        "totalOtherIncomeExpensesNet": -3000000,
        "incomeBeforeTax": -118200000,
        "incomeBeforeTaxRatio": -0.7133373567,
        "incomeTaxExpense": 18600000,
        "netIncome": -136800000,
        "netIncomeRatio": -0.8255884128,
        "eps": -0.77,
        "epsdiluted": -0.77,
        "weightedAverageShsOut": 177825000,
        "weightedAverageShsOutDil": 177825000,
        "link": "https://www.sec.gov/Archives/edgar/data/912093/000104746903018213/0001047469-03-018213-index.htm",
        "finalLink": "https://www.sec.gov/Archives/edgar/data/912093/000104746903018213/a2104727z10-q.htm"
    },
    {
        "date": "2002-12-31",
        "symbol": "VIAV",
        "reportedCurrency": "USD",
        "cik": "0000912093",
        "fillingDate": "2003-02-11",
        "acceptedDate": "2003-02-11 16:56:41",
        "calendarYear": "2003",
        "period": "Q2",
        "revenue": 156600000,
        "costOfRevenue": 162700000,
        "grossProfit": -6100000,
        "grossProfitRatio": -0.0389527458,
        "researchAndDevelopmentExpenses": 40100000,
        "generalAndAdministrativeExpenses": 0,
        "sellingAndMarketingExpenses": 0,
        "sellingGeneralAndAdministrativeExpenses": 81500000,
        "otherExpenses": 5100000,
        "operatingExpenses": 126700000,
        "costAndExpenses": 289400000,
        "interestIncome": 0,
        "interestExpense": 0,
        "depreciationAndAmortization": 32400000,
        "ebitda": -208600000,
        "ebitdaratio": -1.3320561941,
        "operatingIncome": -208600000,
        "operatingIncomeRatio": -1.3320561941,
        "totalOtherIncomeExpensesNet": -5400000,
        "incomeBeforeTax": -214000000,
        "incomeBeforeTaxRatio": -1.3665389527,
        "incomeTaxExpense": 900000,
        "netIncome": -214900000,
        "netIncomeRatio": -1.3722860792,
        "eps": -1.22,
        "epsdiluted": -1.22,
        "weightedAverageShsOut": 176837500,
        "weightedAverageShsOutDil": 176837500,
        "link": "https://www.sec.gov/Archives/edgar/data/912093/000104746903004771/0001047469-03-004771-index.htm",
        "finalLink": "https://www.sec.gov/Archives/edgar/data/912093/000104746903004771/a2100228z10-q.htm"
    },
    {
        "date": "2002-09-30",
        "symbol": "VIAV",
        "reportedCurrency": "USD",
        "cik": "0000912093",
        "fillingDate": "2002-11-12",
        "acceptedDate": "2002-11-12 17:15:03",
        "calendarYear": "2003",
        "period": "Q1",
        "revenue": 193000000,
        "costOfRevenue": 185000000,
        "grossProfit": 8000000,
        "grossProfitRatio": 0.0414507772,
        "researchAndDevelopmentExpenses": 44700000,
        "generalAndAdministrativeExpenses": 0,
        "sellingAndMarketingExpenses": 0,
        "sellingGeneralAndAdministrativeExpenses": 65800000,
        "otherExpenses": 387400000,
        "operatingExpenses": 497900000,
        "costAndExpenses": 682900000,
        "interestIncome": 0,
        "interestExpense": 0,
        "depreciationAndAmortization": 43000000,
        "ebitda": -513299999.99999994,
        "ebitdaratio": -2.6595854922,
        "operatingIncome": -513300000,
        "operatingIncomeRatio": -2.6595854922,
        "totalOtherIncomeExpensesNet": -7200000,
        "incomeBeforeTax": -520500000,
        "incomeBeforeTaxRatio": -2.6968911917,
        "incomeTaxExpense": 0,
        "netIncome": -520500000,
        "netIncomeRatio": -2.6968911917,
        "eps": -2.95,
        "epsdiluted": -2.95,
        "weightedAverageShsOut": 176537500,
        "weightedAverageShsOutDil": 176537500,
        "link": "https://www.sec.gov/Archives/edgar/data/912093/000091205702042067/0000912057-02-042067-index.htm",
        "finalLink": "https://www.sec.gov/Archives/edgar/data/912093/000091205702042067/a2092313z10-q.htm"
    },
    {
        "date": "2002-06-30",
        "symbol": "VIAV",
        "reportedCurrency": "USD",
        "cik": "0000912093",
        "fillingDate": "2002-09-17",
        "acceptedDate": "2002-09-17 16:06:13",
        "calendarYear": "2002",
        "period": "Q4",
        "revenue": 221700000,
        "costOfRevenue": 252100000,
        "grossProfit": -30400000,
        "grossProfitRatio": -0.1371222373,
        "researchAndDevelopmentExpenses": 63700000,
        "generalAndAdministrativeExpenses": 0,
        "sellingAndMarketingExpenses": 0,
        "sellingGeneralAndAdministrativeExpenses": 94200000,
        "otherExpenses": 836100000,
        "operatingExpenses": 994000000,
        "costAndExpenses": 1246100000,
        "interestIncome": 0,
        "interestExpense": 0,
        "depreciationAndAmortization": 190800000,
        "ebitda": -833600000,
        "ebitdaratio": -3.7600360848,
        "operatingIncome": -1055400000,
        "operatingIncomeRatio": -4.7604871448,
        "totalOtherIncomeExpensesNet": -95900000,
        "incomeBeforeTax": -1151300000,
        "incomeBeforeTaxRatio": -5.1930536761,
        "incomeTaxExpense": -108800000,
        "netIncome": -1042500000,
        "netIncomeRatio": -4.702300406,
        "eps": -6.11,
        "epsdiluted": -5.91,
        "weightedAverageShsOut": 170625000,
        "weightedAverageShsOutDil": 176537500,
        "link": "https://www.sec.gov/Archives/edgar/data/912093/000089161802004336/0000891618-02-004336-index.htm",
        "finalLink": "https://www.sec.gov/Archives/edgar/data/912093/000089161802004336/f84311e10vk.htm"
    },
    {
        "date": "2002-03-31",
        "symbol": "VIAV",
        "reportedCurrency": "USD",
        "cik": "0000912093",
        "fillingDate": "2002-05-14",
        "acceptedDate": "2002-05-14 16:46:09",
        "calendarYear": "2002",
        "period": "Q3",
        "revenue": 261800000,
        "costOfRevenue": 240100000,
        "grossProfit": 21700000,
        "grossProfitRatio": 0.0828877005,
        "researchAndDevelopmentExpenses": 57800000,
        "generalAndAdministrativeExpenses": 0,
        "sellingAndMarketingExpenses": 0,
        "sellingGeneralAndAdministrativeExpenses": 84000000,
        "otherExpenses": 4257800000,
        "operatingExpenses": 4399600000,
        "costAndExpenses": 4639700000,
        "interestIncome": 0,
        "interestExpense": 0,
        "depreciationAndAmortization": 467200000,
        "ebitda": -3910700000,
        "ebitdaratio": -14.9377387319,
        "operatingIncome": -4367100000,
        "operatingIncomeRatio": -16.6810542399,
        "totalOtherIncomeExpensesNet": -700000,
        "incomeBeforeTax": -4367800000,
        "incomeBeforeTaxRatio": -16.6837280367,
        "incomeTaxExpense": -26900000,
        "netIncome": -4340900000,
        "netIncomeRatio": -16.5809778457,
        "eps": -25.55,
        "epsdiluted": -25.55,
        "weightedAverageShsOut": 169875000,
        "weightedAverageShsOutDil": 169875000,
        "link": "https://www.sec.gov/Archives/edgar/data/912093/000089161802002401/0000891618-02-002401-index.htm",
        "finalLink": "https://www.sec.gov/Archives/edgar/data/912093/000089161802002401/f81103e10-q.htm"
    },
    {
        "date": "2001-12-29",
        "symbol": "VIAV",
        "reportedCurrency": "USD",
        "cik": "0000912093",
        "fillingDate": "2002-02-11",
        "acceptedDate": "2002-02-11 00:00:00",
        "calendarYear": "2002",
        "period": "Q2",
        "revenue": 286100000,
        "costOfRevenue": 335600000,
        "grossProfit": -49500000,
        "grossProfitRatio": -0.1730164278,
        "researchAndDevelopmentExpenses": 64100000,
        "generalAndAdministrativeExpenses": 0,
        "sellingAndMarketingExpenses": 0,
        "sellingGeneralAndAdministrativeExpenses": 98400000,
        "otherExpenses": 1708900000,
        "operatingExpenses": 1871400000,
        "costAndExpenses": 2207000000,
        "interestIncome": 0,
        "interestExpense": 0,
        "depreciationAndAmortization": 566200000,
        "ebitda": -1354700000,
        "ebitdaratio": -4.7350576721,
        "operatingIncome": -1943000000,
        "operatingIncomeRatio": -6.7913317022,
        "totalOtherIncomeExpensesNet": -9700000,
        "incomeBeforeTax": -1952700000,
        "incomeBeforeTaxRatio": -6.8252359315,
        "incomeTaxExpense": 177800000,
        "netIncome": -2130500000,
        "netIncomeRatio": -7.4466969591,
        "eps": -12.81,
        "epsdiluted": -12.81,
        "weightedAverageShsOut": 166262500,
        "weightedAverageShsOutDil": 166262500,
        "link": "https://www.sec.gov/Archives/edgar/data/912093/000089161802000548/0000891618-02-000548-index.htm",
        "finalLink": "https://www.sec.gov/Archives/edgar/data/912093/000089161802000548/f78765e10-q.txt"
    },
    {
        "date": "2001-09-29",
        "symbol": "VIAV",
        "reportedCurrency": "USD",
        "cik": "0000912093",
        "fillingDate": "2001-11-13",
        "acceptedDate": "2001-11-13 00:00:00",
        "calendarYear": "2002",
        "period": "Q1",
        "revenue": 328600000,
        "costOfRevenue": 343300000,
        "grossProfit": -14700000,
        "grossProfitRatio": -0.0447352404,
        "researchAndDevelopmentExpenses": 69200000,
        "generalAndAdministrativeExpenses": 0,
        "sellingAndMarketingExpenses": 0,
        "sellingGeneralAndAdministrativeExpenses": 106300000,
        "otherExpenses": 485300000,
        "operatingExpenses": 660800000,
        "costAndExpenses": 1004100000,
        "interestIncome": 0,
        "interestExpense": 0,
        "depreciationAndAmortization": 546000000,
        "ebitda": -129500000,
        "ebitdaratio": -0.3940961656,
        "operatingIncome": -918500000,
        "operatingIncomeRatio": -2.7951917225,
        "totalOtherIncomeExpensesNet": -110700000,
        "incomeBeforeTax": -1029200000,
        "incomeBeforeTaxRatio": -3.1320754717,
        "incomeTaxExpense": 195200000,
        "netIncome": -1224400000,
        "netIncomeRatio": -3.726110773,
        "eps": -7.41,
        "epsdiluted": -7.41,
        "weightedAverageShsOut": 165337500,
        "weightedAverageShsOutDil": 165337500,
        "link": "https://www.sec.gov/Archives/edgar/data/912093/000089161801502154/0000891618-01-502154-index.htm",
        "finalLink": "https://www.sec.gov/Archives/edgar/data/912093/000089161801502154/f77140e10-q.txt"
    },
    {
        "date": "2001-06-30",
        "symbol": "VIAV",
        "reportedCurrency": "USD",
        "cik": "0000912093",
        "fillingDate": "2001-09-19",
        "acceptedDate": "2001-09-19 00:00:00",
        "calendarYear": "2001",
        "period": "Q4",
        "revenue": 601100000,
        "costOfRevenue": 1040700000,
        "grossProfit": -439600000,
        "grossProfitRatio": -0.7313259025,
        "researchAndDevelopmentExpenses": 94300000,
        "generalAndAdministrativeExpenses": 0,
        "sellingAndMarketingExpenses": 0,
        "sellingGeneralAndAdministrativeExpenses": 457200000,
        "otherExpenses": 51131400000,
        "operatingExpenses": 51682900000,
        "costAndExpenses": 52723600000,
        "interestIncome": 0,
        "interestExpense": 0,
        "depreciationAndAmortization": 1139700000,
        "ebitda": -50982800000,
        "ebitdaratio": -84.815837631,
        "operatingIncome": -52272700000,
        "operatingIncomeRatio": -86.9617368158,
        "totalOtherIncomeExpensesNet": -1808100000,
        "incomeBeforeTax": -54080800000,
        "incomeBeforeTaxRatio": -89.969722176,
        "incomeTaxExpense": -1164100000,
        "netIncome": -52916700000,
        "netIncomeRatio": -88.0331059724,
        "eps": -321.76,
        "epsdiluted": -320.05,
        "weightedAverageShsOut": 164462500,
        "weightedAverageShsOutDil": 165337500,
        "link": "https://www.sec.gov/Archives/edgar/data/912093/000109581101504970/0001095811-01-504970-index.htm",
        "finalLink": "https://www.sec.gov/Archives/edgar/data/912093/000109581101504970/f75587e10-k.txt"
    },
    {
        "date": "2001-03-31",
        "symbol": "VIAV",
        "reportedCurrency": "USD",
        "cik": "0000912093",
        "fillingDate": "2001-05-11",
        "acceptedDate": "2001-05-11 00:00:00",
        "calendarYear": "2001",
        "period": "Q3",
        "revenue": 920100000,
        "costOfRevenue": 449300000,
        "grossProfit": 470800000,
        "grossProfitRatio": 0.5116835127,
        "researchAndDevelopmentExpenses": 98000000,
        "generalAndAdministrativeExpenses": 0,
        "sellingAndMarketingExpenses": 0,
        "sellingGeneralAndAdministrativeExpenses": 139100000,
        "otherExpenses": 2129000000,
        "operatingExpenses": 2366100000,
        "costAndExpenses": 2815400000,
        "interestIncome": 0,
        "interestExpense": 0,
        "depreciationAndAmortization": 2173900000,
        "ebitda": -1062500000,
        "ebitdaratio": -1.1547657863,
        "operatingIncome": -2323900000,
        "operatingIncomeRatio": -2.5257037279,
        "totalOtherIncomeExpensesNet": 1729400000,
        "incomeBeforeTax": -594500000,
        "incomeBeforeTaxRatio": -0.6461254211,
        "incomeTaxExpense": 698600000,
        "netIncome": -1293100000,
        "netIncomeRatio": -1.4053907184,
        "eps": -9.05,
        "epsdiluted": -9.05,
        "weightedAverageShsOut": 142812500,
        "weightedAverageShsOutDil": 142812500,
        "link": "https://www.sec.gov/Archives/edgar/data/912093/000091209301500012/0000912093-01-500012-index.htm",
        "finalLink": "https://www.sec.gov/Archives/edgar/data/912093/000091209301500012/jds.gif"
    },
    {
        "date": "2000-12-30",
        "symbol": "VIAV",
        "reportedCurrency": "USD",
        "cik": "0000912093",
        "fillingDate": "2001-02-13",
        "acceptedDate": "2001-02-13 00:00:00",
        "calendarYear": "2001",
        "period": "Q2",
        "revenue": 925100000,
        "costOfRevenue": 411800000,
        "grossProfit": 513300000,
        "grossProfitRatio": 0.5548589342,
        "researchAndDevelopmentExpenses": 71200000,
        "generalAndAdministrativeExpenses": 0,
        "sellingAndMarketingExpenses": 0,
        "sellingGeneralAndAdministrativeExpenses": 105200000,
        "otherExpenses": 1142100000,
        "operatingExpenses": 1318500000,
        "costAndExpenses": 1730300000,
        "interestIncome": 0,
        "interestExpense": 0,
        "depreciationAndAmortization": 1142100000,
        "ebitda": 336900000,
        "ebitdaratio": 0.3641768457,
        "operatingIncome": -805200000,
        "operatingIncomeRatio": -0.87039239,
        "totalOtherIncomeExpensesNet": -40600000,
        "incomeBeforeTax": -845800000,
        "incomeBeforeTaxRatio": -0.9142795373,
        "incomeTaxExpense": 49600000,
        "netIncome": -895400000,
        "netIncomeRatio": -0.9678953627,
        "eps": -7.44,
        "epsdiluted": -7.44,
        "weightedAverageShsOut": 120412500,
        "weightedAverageShsOutDil": 120412500,
        "link": "https://www.sec.gov/Archives/edgar/data/912093/000109581101001191/0001095811-01-001191-index.htm",
        "finalLink": "https://www.sec.gov/Archives/edgar/data/912093/000109581101001191/f69460e10-q.txt"
    },
    {
        "date": "2000-09-30",
        "symbol": "VIAV",
        "reportedCurrency": "USD",
        "cik": "0000912093",
        "fillingDate": "2000-11-14",
        "acceptedDate": "2000-11-14 00:00:00",
        "calendarYear": "2001",
        "period": "Q1",
        "revenue": 786500000,
        "costOfRevenue": 404800000,
        "grossProfit": 381700000,
        "grossProfitRatio": 0.4853146853,
        "researchAndDevelopmentExpenses": 62400000,
        "generalAndAdministrativeExpenses": 0,
        "sellingAndMarketingExpenses": 0,
        "sellingGeneralAndAdministrativeExpenses": 116200000,
        "otherExpenses": 1139300000,
        "operatingExpenses": 1317900000,
        "costAndExpenses": 1722700000,
        "interestIncome": 0,
        "interestExpense": 0,
        "depreciationAndAmortization": 1139300000,
        "ebitda": 203100000,
        "ebitdaratio": 0.2582326764,
        "operatingIncome": -936200000,
        "operatingIncomeRatio": -1.1903369358,
        "totalOtherIncomeExpensesNet": -36500000,
        "incomeBeforeTax": -972700000,
        "incomeBeforeTaxRatio": -1.2367450731,
        "incomeTaxExpense": 43900000,
        "netIncome": -1016600000,
        "netIncomeRatio": -1.2925619835,
        "eps": -8.59,
        "epsdiluted": -8.59,
        "weightedAverageShsOut": 118325000,
        "weightedAverageShsOutDil": 118325000,
        "link": "https://www.sec.gov/Archives/edgar/data/912093/000091209300500021/0000912093-00-500021-index.htm",
        "finalLink": "https://www.sec.gov/Archives/edgar/data/912093/000091209300500021/bod1_01q.htm"
    },
    {
        "date": "2000-06-30",
        "symbol": "VIAV",
        "reportedCurrency": "USD",
        "cik": "0000912093",
        "fillingDate": "2000-09-28",
        "acceptedDate": "2000-09-28 00:00:00",
        "calendarYear": "2000",
        "period": "Q4",
        "revenue": 524000000,
        "costOfRevenue": 264600000,
        "grossProfit": 259400000,
        "grossProfitRatio": 0.4950381679,
        "researchAndDevelopmentExpenses": 41300000,
        "generalAndAdministrativeExpenses": 0,
        "sellingAndMarketingExpenses": 0,
        "sellingGeneralAndAdministrativeExpenses": 62200000,
        "otherExpenses": 309700000,
        "operatingExpenses": 413200000,
        "costAndExpenses": 677800000,
        "interestIncome": 0,
        "interestExpense": 0,
        "depreciationAndAmortization": 309700000,
        "ebitda": 155900000,
        "ebitdaratio": 0.297519084,
        "operatingIncome": -153800000,
        "operatingIncomeRatio": -0.2935114504,
        "totalOtherIncomeExpensesNet": -247900000,
        "incomeBeforeTax": -401700000,
        "incomeBeforeTaxRatio": -0.7666030534,
        "incomeTaxExpense": 17100000,
        "netIncome": -418800000,
        "netIncomeRatio": -0.7992366412,
        "eps": -3.54,
        "epsdiluted": -3.54,
        "weightedAverageShsOut": 118325000,
        "weightedAverageShsOutDil": 118325000,
        "link": "https://www.sec.gov/Archives/edgar/data/912093/000091209300500006/0000912093-00-500006-index.htm",
        "finalLink": "https://www.sec.gov/Archives/edgar/data/912093/000091209300500006/body10k.htm"
    },
    {
        "date": "2000-03-31",
        "symbol": "VIAV",
        "reportedCurrency": "USD",
        "cik": "0000912093",
        "fillingDate": "2000-05-15",
        "acceptedDate": "2000-05-15 00:00:00",
        "calendarYear": "2000",
        "period": "Q3",
        "revenue": 394600000,
        "costOfRevenue": 183500000,
        "grossProfit": 211100000,
        "grossProfitRatio": 0.5349721237,
        "researchAndDevelopmentExpenses": 33300000,
        "generalAndAdministrativeExpenses": 0,
        "sellingAndMarketingExpenses": 0,
        "sellingGeneralAndAdministrativeExpenses": 49100000,
        "otherExpenses": 268200000,
        "operatingExpenses": 350600000,
        "costAndExpenses": 534100000,
        "interestIncome": 0,
        "interestExpense": 0,
        "depreciationAndAmortization": 268200000,
        "ebitda": 128700000,
        "ebitdaratio": 0.3261530664,
        "operatingIncome": -139500000,
        "operatingIncomeRatio": -0.3535225545,
        "totalOtherIncomeExpensesNet": -74100000,
        "incomeBeforeTax": -213600000,
        "incomeBeforeTaxRatio": -0.5413076533,
        "incomeTaxExpense": 27300000,
        "netIncome": -240900000,
        "netIncomeRatio": -0.6104916371,
        "eps": -2.58,
        "epsdiluted": -2.58,
        "weightedAverageShsOut": 93450000,
        "weightedAverageShsOutDil": 93450000,
        "link": "https://www.sec.gov/Archives/edgar/data/912093/000091209300000019/0000912093-00-000019-index.html",
        "finalLink": "https://www.sec.gov/Archives/edgar/data/912093/000091209300000019/0000912093-00-000019-d1.html"
    },
    {
        "date": "1999-12-31",
        "symbol": "VIAV",
        "reportedCurrency": "USD",
        "cik": "0000912093",
        "fillingDate": "2000-02-10",
        "acceptedDate": "2000-02-10 00:00:00",
        "calendarYear": "2000",
        "period": "Q2",
        "revenue": 281700000,
        "costOfRevenue": 131700000,
        "grossProfit": 150000000,
        "grossProfitRatio": 0.5324813632,
        "researchAndDevelopmentExpenses": 21600000,
        "generalAndAdministrativeExpenses": 0,
        "sellingAndMarketingExpenses": 0,
        "sellingGeneralAndAdministrativeExpenses": 33800000,
        "otherExpenses": 192600000,
        "operatingExpenses": 248000000,
        "costAndExpenses": 379700000,
        "interestIncome": 0,
        "interestExpense": 0,
        "depreciationAndAmortization": 192600000,
        "ebitda": 94600000,
        "ebitdaratio": 0.3358182464,
        "operatingIncome": -98000000,
        "operatingIncomeRatio": -0.3478878239,
        "totalOtherIncomeExpensesNet": -9000000,
        "incomeBeforeTax": -107000000,
        "incomeBeforeTaxRatio": -0.3798367057,
        "incomeTaxExpense": 24200000,
        "netIncome": -131200000,
        "netIncomeRatio": -0.465743699,
        "eps": -1.52,
        "epsdiluted": -1.52,
        "weightedAverageShsOut": 86325000,
        "weightedAverageShsOutDil": 86325000,
        "link": "https://www.sec.gov/Archives/edgar/data/912093/000091209300000010/0000912093-00-000010-index.html",
        "finalLink": "https://www.sec.gov/Archives/edgar/data/912093/000091209300000010/0000912093-00-000010-d1.html"
    },
    {
        "date": "1999-09-30",
        "symbol": "VIAV",
        "reportedCurrency": "USD",
        "cik": "0000912093",
        "fillingDate": "1999-11-04",
        "acceptedDate": "1999-11-04 00:00:00",
        "calendarYear": "2000",
        "period": "Q1",
        "revenue": 230100000,
        "costOfRevenue": 117900000,
        "grossProfit": 112200000,
        "grossProfitRatio": 0.4876140808,
        "researchAndDevelopmentExpenses": 17200000,
        "generalAndAdministrativeExpenses": 0,
        "sellingAndMarketingExpenses": 0,
        "sellingGeneralAndAdministrativeExpenses": 27900000,
        "otherExpenses": 180200000,
        "operatingExpenses": 225300000,
        "costAndExpenses": 343200000,
        "interestIncome": 0,
        "interestExpense": 0,
        "depreciationAndAmortization": 180200000,
        "ebitda": 67100000,
        "ebitdaratio": 0.2916123425,
        "operatingIncome": -113100000,
        "operatingIncomeRatio": -0.4915254237,
        "totalOtherIncomeExpensesNet": 5500000,
        "incomeBeforeTax": -107600000,
        "incomeBeforeTaxRatio": -0.4676227727,
        "incomeTaxExpense": 6300000,
        "netIncome": -113900000,
        "netIncomeRatio": -0.495002173,
        "eps": -2.08,
        "epsdiluted": -2.08,
        "weightedAverageShsOut": 54875783,
        "weightedAverageShsOutDil": 54875783,
        "link": "https://www.sec.gov/Archives/edgar/data/912093/000091209399000097/0000912093-99-000097-index.html",
        "finalLink": "https://www.sec.gov/Archives/edgar/data/912093/000091209399000097/0000912093-99-000097-d1.html"
    },
    {
        "date": "1999-06-30",
        "symbol": "VIAV",
        "reportedCurrency": "USD",
        "cik": "0000912093",
        "fillingDate": "1999-09-01",
        "acceptedDate": "1999-09-01 00:00:00",
        "calendarYear": "1999",
        "period": "Q4",
        "revenue": 87100000,
        "costOfRevenue": 35200000,
        "grossProfit": 51900000,
        "grossProfitRatio": 0.5958668197,
        "researchAndDevelopmentExpenses": 8200000,
        "generalAndAdministrativeExpenses": 0,
        "sellingAndMarketingExpenses": 0,
        "sellingGeneralAndAdministrativeExpenses": 12900000,
        "otherExpenses": 8600000,
        "operatingExpenses": 29700000,
        "costAndExpenses": 64900000,
        "interestIncome": 0,
        "interestExpense": 0,
        "depreciationAndAmortization": 8600000,
        "ebitda": 30800000,
        "ebitdaratio": 0.3536165327,
        "operatingIncome": 22200000,
        "operatingIncomeRatio": 0.2548794489,
        "totalOtherIncomeExpensesNet": -209500000,
        "incomeBeforeTax": -187300000,
        "incomeBeforeTaxRatio": -2.150401837,
        "incomeTaxExpense": 7100000,
        "netIncome": -194400000,
        "netIncomeRatio": -2.2319173364,
        "eps": -3.54,
        "epsdiluted": -3.54,
        "weightedAverageShsOut": 54875783,
        "weightedAverageShsOutDil": 54875783,
        "link": "https://www.sec.gov/Archives/edgar/data/912093/000091209399000079/0000912093-99-000079-index.html",
        "finalLink": "https://www.sec.gov/Archives/edgar/data/912093/000091209399000079/0000912093-99-000079-d1.html"
    },
    {
        "date": "1999-03-31",
        "symbol": "VIAV",
        "reportedCurrency": "USD",
        "cik": "0000912093",
        "fillingDate": "1999-05-04",
        "acceptedDate": "1999-05-04 00:00:00",
        "calendarYear": "1999",
        "period": "Q3",
        "revenue": 74500000,
        "costOfRevenue": 28300000,
        "grossProfit": 46200000,
        "grossProfitRatio": 0.6201342282,
        "researchAndDevelopmentExpenses": 7300000,
        "generalAndAdministrativeExpenses": 0,
        "sellingAndMarketingExpenses": 0,
        "sellingGeneralAndAdministrativeExpenses": 9100000,
        "otherExpenses": 11900000,
        "operatingExpenses": 28300000,
        "costAndExpenses": 56600000,
        "interestIncome": 0,
        "interestExpense": 0,
        "depreciationAndAmortization": 11900000,
        "ebitda": 29800000,
        "ebitdaratio": 0.4,
        "operatingIncome": 17900000,
        "operatingIncomeRatio": 0.2402684564,
        "totalOtherIncomeExpensesNet": 400000,
        "incomeBeforeTax": 18300000,
        "incomeBeforeTaxRatio": 0.2456375839,
        "incomeTaxExpense": 5500000,
        "netIncome": 12800000,
        "netIncomeRatio": 0.1718120805,
        "eps": 0.32,
        "epsdiluted": 0.32,
        "weightedAverageShsOut": 40000000,
        "weightedAverageShsOutDil": 40000000,
        "link": "https://www.sec.gov/Archives/edgar/data/912093/000091209399000021/0000912093-99-000021-index.html",
        "finalLink": "https://www.sec.gov/Archives/edgar/data/912093/0000912093-99-000021.txt"
    },
    {
        "date": "1998-12-31",
        "symbol": "VIAV",
        "reportedCurrency": "USD",
        "cik": "0000912093",
        "fillingDate": "1999-02-02",
        "acceptedDate": "1999-02-02 00:00:00",
        "calendarYear": "1999",
        "period": "Q2",
        "revenue": 63800000,
        "costOfRevenue": 29400000,
        "grossProfit": 34400000,
        "grossProfitRatio": 0.539184953,
        "researchAndDevelopmentExpenses": 5800000,
        "generalAndAdministrativeExpenses": 0,
        "sellingAndMarketingExpenses": 0,
        "sellingGeneralAndAdministrativeExpenses": 10300000,
        "otherExpenses": 4100000,
        "operatingExpenses": 20200000,
        "costAndExpenses": 49600000,
        "interestIncome": 0,
        "interestExpense": 0,
        "depreciationAndAmortization": 4100000,
        "ebitda": 18300000,
        "ebitdaratio": 0.2868338558,
        "operatingIncome": 14200000,
        "operatingIncomeRatio": 0.2225705329,
        "totalOtherIncomeExpensesNet": -5500000,
        "incomeBeforeTax": 8700000,
        "incomeBeforeTaxRatio": 0.1363636364,
        "incomeTaxExpense": 4200000,
        "netIncome": 4500000,
        "netIncomeRatio": 0.0705329154,
        "eps": 0.08,
        "epsdiluted": 0.08,
        "weightedAverageShsOut": 30312500,
        "weightedAverageShsOutDil": 40416667,
        "link": "https://www.sec.gov/Archives/edgar/data/912093/000091209399000005/0000912093-99-000005-index.html",
        "finalLink": "https://www.sec.gov/Archives/edgar/data/912093/0000912093-99-000005.txt"
    },
    {
        "date": "1998-09-30",
        "symbol": "VIAV",
        "reportedCurrency": "USD",
        "cik": "0000912093",
        "fillingDate": "1998-11-13",
        "acceptedDate": "1998-11-13 00:00:00",
        "calendarYear": "1999",
        "period": "Q1",
        "revenue": 54200000,
        "costOfRevenue": 21300000,
        "grossProfit": 32900000,
        "grossProfitRatio": 0.6070110701,
        "researchAndDevelopmentExpenses": 5400000,
        "generalAndAdministrativeExpenses": 0,
        "sellingAndMarketingExpenses": 0,
        "sellingGeneralAndAdministrativeExpenses": 7900000,
        "otherExpenses": 6100000,
        "operatingExpenses": 19400000,
        "costAndExpenses": 40700000,
        "interestIncome": 0,
        "interestExpense": 0,
        "depreciationAndAmortization": 6100000,
        "ebitda": 20400000,
        "ebitdaratio": 0.3763837638,
        "operatingIncome": 13500000,
        "operatingIncomeRatio": 0.2490774908,
        "totalOtherIncomeExpensesNet": 900000,
        "incomeBeforeTax": 14400000,
        "incomeBeforeTaxRatio": 0.2656826568,
        "incomeTaxExpense": 4700000,
        "netIncome": 9700000,
        "netIncomeRatio": 0.1789667897,
        "eps": 0.24,
        "epsdiluted": 0.24,
        "weightedAverageShsOut": 33750000,
        "weightedAverageShsOutDil": 33750000,
        "link": "https://www.sec.gov/Archives/edgar/data/912093/000091209398000012/0000912093-98-000012-index.html",
        "finalLink": "https://www.sec.gov/Archives/edgar/data/912093/0000912093-98-000012.txt"
    },
    {
        "date": "1998-06-30",
        "symbol": "VIAV",
        "reportedCurrency": "USD",
        "cik": "0000912093",
        "fillingDate": "1998-09-28",
        "acceptedDate": "1998-09-28 00:00:00",
        "calendarYear": "1998",
        "period": "Q4",
        "revenue": 48900000,
        "costOfRevenue": 23700000,
        "grossProfit": 25200000,
        "grossProfitRatio": 0.5153374233,
        "researchAndDevelopmentExpenses": 103900000,
        "generalAndAdministrativeExpenses": 0,
        "sellingAndMarketingExpenses": 0,
        "sellingGeneralAndAdministrativeExpenses": 21800000,
        "otherExpenses": 4100000,
        "operatingExpenses": 129800000,
        "costAndExpenses": 153500000,
        "interestIncome": 0,
        "interestExpense": 0,
        "depreciationAndAmortization": 4100000,
        "ebitda": -100500000,
        "ebitdaratio": -2.0552147239,
        "operatingIncome": -104600000,
        "operatingIncomeRatio": -2.1390593047,
        "totalOtherIncomeExpensesNet": 7600000,
        "incomeBeforeTax": -97000000,
        "incomeBeforeTaxRatio": -1.9836400818,
        "incomeTaxExpense": -600000,
        "netIncome": -96400000,
        "netIncomeRatio": -1.9713701431,
        "eps": -3.18,
        "epsdiluted": -2.39,
        "weightedAverageShsOut": 30312500,
        "weightedAverageShsOutDil": 40416667,
        "link": "https://www.sec.gov/Archives/edgar/data/912093/000091209398000010/0000912093-98-000010-index.html",
        "finalLink": "https://www.sec.gov/Archives/edgar/data/912093/0000912093-98-000010.txt"
    },
    {
        "date": "1998-03-31",
        "symbol": "VIAV",
        "reportedCurrency": "USD",
        "cik": "0000912093",
        "fillingDate": "1998-05-11",
        "acceptedDate": "1998-05-11 00:00:00",
        "calendarYear": "1998",
        "period": "Q3",
        "revenue": 45500000,
        "costOfRevenue": 20100000,
        "grossProfit": 25400000,
        "grossProfitRatio": 0.5582417582,
        "researchAndDevelopmentExpenses": 3900000,
        "generalAndAdministrativeExpenses": 0,
        "sellingAndMarketingExpenses": 0,
        "sellingGeneralAndAdministrativeExpenses": 7100000,
        "otherExpenses": 2100000,
        "operatingExpenses": 13100000,
        "costAndExpenses": 33200000,
        "interestIncome": 0,
        "interestExpense": 0,
        "depreciationAndAmortization": 2100000,
        "ebitda": 15300000,
        "ebitdaratio": 0.3362637363,
        "operatingIncome": 12300000,
        "operatingIncomeRatio": 0.2703296703,
        "totalOtherIncomeExpensesNet": 1600000,
        "incomeBeforeTax": 13000000,
        "incomeBeforeTaxRatio": 0.2857142857,
        "incomeTaxExpense": 4600000,
        "netIncome": 8400000,
        "netIncomeRatio": 0.1846153846,
        "eps": 0.32,
        "epsdiluted": 0.24,
        "weightedAverageShsOut": 29062500,
        "weightedAverageShsOutDil": 38750000,
        "link": "https://www.sec.gov/Archives/edgar/data/912093/000089161898002204/0000891618-98-002204-index.html",
        "finalLink": "https://www.sec.gov/Archives/edgar/data/912093/0000891618-98-002204.txt"
    },
    {
        "date": "1997-12-31",
        "symbol": "VIAV",
        "reportedCurrency": "USD",
        "cik": "0000912093",
        "fillingDate": "1998-02-09",
        "acceptedDate": "1998-02-09 00:00:00",
        "calendarYear": "1998",
        "period": "Q2",
        "revenue": 42900000,
        "costOfRevenue": 20600000,
        "grossProfit": 22300000,
        "grossProfitRatio": 0.5198135198,
        "researchAndDevelopmentExpenses": 3200000,
        "generalAndAdministrativeExpenses": 0,
        "sellingAndMarketingExpenses": 0,
        "sellingGeneralAndAdministrativeExpenses": 7100000,
        "otherExpenses": 1500000,
        "operatingExpenses": 11800000,
        "costAndExpenses": 32400000,
        "interestIncome": 0,
        "interestExpense": 0,
        "depreciationAndAmortization": 2500000,
        "ebitda": 13700000,
        "ebitdaratio": 0.3193473193,
        "operatingIncome": 10500000,
        "operatingIncomeRatio": 0.2447552448,
        "totalOtherIncomeExpensesNet": -5900000,
        "incomeBeforeTax": 4700000,
        "incomeBeforeTaxRatio": 0.1095571096,
        "incomeTaxExpense": 4000000,
        "netIncome": 700000,
        "netIncomeRatio": 0.0163170163,
        "eps": 0.08,
        "epsdiluted": 0.08,
        "weightedAverageShsOut": 25833333,
        "weightedAverageShsOutDil": 25833333,
        "link": "https://www.sec.gov/Archives/edgar/data/912093/000091209398000002/0000912093-98-000002-index.html",
        "finalLink": "https://www.sec.gov/Archives/edgar/data/912093/0000912093-98-000002.txt"
    },
    {
        "date": "1997-09-30",
        "symbol": "VIAV",
        "reportedCurrency": "USD",
        "cik": "0000912093",
        "fillingDate": "1997-10-27",
        "acceptedDate": "1997-10-27 00:00:00",
        "calendarYear": "1998",
        "period": "Q1",
        "revenue": 38500000,
        "costOfRevenue": 18600000,
        "grossProfit": 19900000,
        "grossProfitRatio": 0.5168831169,
        "researchAndDevelopmentExpenses": 2900000,
        "generalAndAdministrativeExpenses": 0,
        "sellingAndMarketingExpenses": 0,
        "sellingGeneralAndAdministrativeExpenses": 6800000,
        "otherExpenses": 1400000,
        "operatingExpenses": 11100000,
        "costAndExpenses": 29700000,
        "interestIncome": 0,
        "interestExpense": 0,
        "depreciationAndAmortization": 1400000,
        "ebitda": 10200000,
        "ebitdaratio": 0.2649350649,
        "operatingIncome": 8800000,
        "operatingIncomeRatio": 0.2285714286,
        "totalOtherIncomeExpensesNet": 800000,
        "incomeBeforeTax": 9600000,
        "incomeBeforeTaxRatio": 0.2493506494,
        "incomeTaxExpense": 3400000,
        "netIncome": 6200000,
        "netIncomeRatio": 0.161038961,
        "eps": 0.24,
        "epsdiluted": 0.24,
        "weightedAverageShsOut": 25833333,
        "weightedAverageShsOutDil": 25833333,
        "link": "https://www.sec.gov/Archives/edgar/data/912093/000091209397000020/0000912093-97-000020-index.html",
        "finalLink": "https://www.sec.gov/Archives/edgar/data/912093/0000912093-97-000020.txt"
    },
    {
        "date": "1997-06-30",
        "symbol": "VIAV",
        "reportedCurrency": "USD",
        "cik": "0000912093",
        "fillingDate": "1997-09-25",
        "acceptedDate": "1997-09-25 00:00:00",
        "calendarYear": "1997",
        "period": "Q4",
        "revenue": 33900000,
        "costOfRevenue": 17100000,
        "grossProfit": 16800000,
        "grossProfitRatio": 0.4955752212,
        "researchAndDevelopmentExpenses": 3000000,
        "generalAndAdministrativeExpenses": 0,
        "sellingAndMarketingExpenses": 0,
        "sellingGeneralAndAdministrativeExpenses": 5000000,
        "otherExpenses": 1100000,
        "operatingExpenses": 9100000,
        "costAndExpenses": 26200000,
        "interestIncome": 0,
        "interestExpense": 0,
        "depreciationAndAmortization": 1100000,
        "ebitda": 8800000,
        "ebitdaratio": 0.2595870206,
        "operatingIncome": 7700000,
        "operatingIncomeRatio": 0.2271386431,
        "totalOtherIncomeExpensesNet": 500000,
        "incomeBeforeTax": 8200000,
        "incomeBeforeTaxRatio": 0.2418879056,
        "incomeTaxExpense": -700000,
        "netIncome": 8900000,
        "netIncomeRatio": 0.2625368732,
        "eps": 0.34,
        "epsdiluted": 0.34,
        "weightedAverageShsOut": 25833333,
        "weightedAverageShsOutDil": 25833333,
        "link": "https://www.sec.gov/Archives/edgar/data/912093/000089161897003870/0000891618-97-003870-index.html",
        "finalLink": "https://www.sec.gov/Archives/edgar/data/912093/0000891618-97-003870.txt"
    },
    {
        "date": "1997-03-31",
        "symbol": "VIAV",
        "reportedCurrency": "USD",
        "cik": "0000912093",
        "fillingDate": "1997-05-08",
        "acceptedDate": "1997-05-08 00:00:00",
        "calendarYear": "1997",
        "period": "Q3",
        "revenue": 26900000,
        "costOfRevenue": 13300000,
        "grossProfit": 13600000,
        "grossProfitRatio": 0.5055762082,
        "researchAndDevelopmentExpenses": 35900000,
        "generalAndAdministrativeExpenses": 0,
        "sellingAndMarketingExpenses": 0,
        "sellingGeneralAndAdministrativeExpenses": 9400000,
        "otherExpenses": 1400000,
        "operatingExpenses": 46700000,
        "costAndExpenses": 60000000,
        "interestIncome": 0,
        "interestExpense": 0,
        "depreciationAndAmortization": 1400000,
        "ebitda": -31700000,
        "ebitdaratio": -1.1784386617,
        "operatingIncome": -33100000,
        "operatingIncomeRatio": -1.2304832714,
        "totalOtherIncomeExpensesNet": 1000000,
        "incomeBeforeTax": -32100000,
        "incomeBeforeTaxRatio": -1.1933085502,
        "incomeTaxExpense": 2400000,
        "netIncome": -34500000,
        "netIncomeRatio": -1.282527881,
        "eps": -1.04,
        "epsdiluted": -1.04,
        "weightedAverageShsOut": 33173077,
        "weightedAverageShsOutDil": 33173077,
        "link": "https://www.sec.gov/Archives/edgar/data/912093/000091209397000007/0000912093-97-000007-index.html",
        "finalLink": "https://www.sec.gov/Archives/edgar/data/912093/0000912093-97-000007.txt"
    },
    {
        "date": "1996-12-31",
        "symbol": "VIAV",
        "reportedCurrency": "USD",
        "cik": "0000912093",
        "fillingDate": "1997-02-14",
        "acceptedDate": "1997-02-14 00:00:00",
        "calendarYear": "1997",
        "period": "Q2",
        "revenue": 22700000,
        "costOfRevenue": 11200000,
        "grossProfit": 11500000,
        "grossProfitRatio": 0.5066079295,
        "researchAndDevelopmentExpenses": 2100000,
        "generalAndAdministrativeExpenses": 0,
        "sellingAndMarketingExpenses": 0,
        "sellingGeneralAndAdministrativeExpenses": 4600000,
        "otherExpenses": 1100000,
        "operatingExpenses": 7800000,
        "costAndExpenses": 19000000,
        "interestIncome": 0,
        "interestExpense": 0,
        "depreciationAndAmortization": 1100000,
        "ebitda": 4800000,
        "ebitdaratio": 0.2114537445,
        "operatingIncome": 3700000,
        "operatingIncomeRatio": 0.1629955947,
        "totalOtherIncomeExpensesNet": 900000,
        "incomeBeforeTax": 4600000,
        "incomeBeforeTaxRatio": 0.2026431718,
        "incomeTaxExpense": 1500000,
        "netIncome": 3100000,
        "netIncomeRatio": 0.1365638767,
        "eps": 0.16,
        "epsdiluted": 0.16,
        "weightedAverageShsOut": 33102000,
        "weightedAverageShsOutDil": 33102000,
        "link": "https://www.sec.gov/Archives/edgar/data/912093/000091209397000002/0000912093-97-000002-index.html",
        "finalLink": "https://www.sec.gov/Archives/edgar/data/912093/0000912093-97-000002.txt"
    },
    {
        "date": "1996-09-30",
        "symbol": "VIAV",
        "reportedCurrency": "USD",
        "cik": "0000912093",
        "fillingDate": "1996-11-14",
        "acceptedDate": "1996-11-14 00:00:00",
        "calendarYear": "1997",
        "period": "Q1",
        "revenue": 23500000,
        "costOfRevenue": 11100000,
        "grossProfit": 12400000,
        "grossProfitRatio": 0.5276595745,
        "researchAndDevelopmentExpenses": 1600000,
        "generalAndAdministrativeExpenses": 0,
        "sellingAndMarketingExpenses": 0,
        "sellingGeneralAndAdministrativeExpenses": 4900000,
        "otherExpenses": 1100000,
        "operatingExpenses": 7600000,
        "costAndExpenses": 18700000,
        "interestIncome": 0,
        "interestExpense": 0,
        "depreciationAndAmortization": 1100000,
        "ebitda": 5900000,
        "ebitdaratio": 0.2510638298,
        "operatingIncome": 4800000,
        "operatingIncomeRatio": 0.2042553191,
        "totalOtherIncomeExpensesNet": 900000,
        "incomeBeforeTax": 5700000,
        "incomeBeforeTaxRatio": 0.2425531915,
        "incomeTaxExpense": 2100000,
        "netIncome": 3600000,
        "netIncomeRatio": 0.1531914894,
        "eps": 0.16,
        "epsdiluted": 0.16,
        "weightedAverageShsOut": 34986000,
        "weightedAverageShsOutDil": 34986000,
        "link": "https://www.sec.gov/Archives/edgar/data/912093/000091209396000014/0000912093-96-000014-index.html",
        "finalLink": "https://www.sec.gov/Archives/edgar/data/912093/0000912093-96-000014.txt"
    },
    {
        "date": "1996-06-30",
        "symbol": "VIAV",
        "reportedCurrency": "USD",
        "cik": "0000912093",
        "fillingDate": "1996-09-26",
        "acceptedDate": "1996-09-26 00:00:00",
        "calendarYear": "1996",
        "period": "Q4",
        "revenue": 21800000,
        "costOfRevenue": 10500000,
        "grossProfit": 11300000,
        "grossProfitRatio": 0.5183486239,
        "researchAndDevelopmentExpenses": 1700000,
        "generalAndAdministrativeExpenses": 0,
        "sellingAndMarketingExpenses": 0,
        "sellingGeneralAndAdministrativeExpenses": 4000000,
        "otherExpenses": 700000,
        "operatingExpenses": 6400000,
        "costAndExpenses": 16900000,
        "interestIncome": 0,
        "interestExpense": 0,
        "depreciationAndAmortization": 700000,
        "ebitda": 5600000,
        "ebitdaratio": 0.2568807339,
        "operatingIncome": 4900000,
        "operatingIncomeRatio": 0.2247706422,
        "totalOtherIncomeExpensesNet": -7000000,
        "incomeBeforeTax": -2100000,
        "incomeBeforeTaxRatio": -0.0963302752,
        "incomeTaxExpense": 800000,
        "netIncome": -2900000,
        "netIncomeRatio": -0.1330275229,
        "eps": -0.0829,
        "epsdiluted": -0.0829,
        "weightedAverageShsOut": 34986000,
        "weightedAverageShsOutDil": 34986000,
        "link": "https://www.sec.gov/Archives/edgar/data/912093/000089161896002144/0000891618-96-002144-index.html",
        "finalLink": "https://www.sec.gov/Archives/edgar/data/912093/0000891618-96-002144.txt"
    },
    {
        "date": "1996-03-31",
        "symbol": "VIAV",
        "reportedCurrency": "USD",
        "cik": "0000912093",
        "fillingDate": "1996-03-31",
        "acceptedDate": "1996-03-30 19:00:00",
        "calendarYear": "1996",
        "period": "Q3",
        "revenue": 18900000,
        "costOfRevenue": 9300000,
        "grossProfit": 9600000,
        "grossProfitRatio": 0.5079365079,
        "researchAndDevelopmentExpenses": 1600000,
        "generalAndAdministrativeExpenses": 0,
        "sellingAndMarketingExpenses": 0,
        "sellingGeneralAndAdministrativeExpenses": 3800000,
        "otherExpenses": 500000,
        "operatingExpenses": 5900000,
        "costAndExpenses": 15200000,
        "interestIncome": 0,
        "interestExpense": 0,
        "depreciationAndAmortization": 500000,
        "ebitda": 4200000,
        "ebitdaratio": 0.2222222222,
        "operatingIncome": 3700000,
        "operatingIncomeRatio": 0.1957671958,
        "totalOtherIncomeExpensesNet": 500000,
        "incomeBeforeTax": 4200000,
        "incomeBeforeTaxRatio": 0.2222222222,
        "incomeTaxExpense": 1600000,
        "netIncome": 2600000,
        "netIncomeRatio": 0.1375661376,
        "eps": 0.16,
        "epsdiluted": 0.16,
        "weightedAverageShsOut": 19375000,
        "weightedAverageShsOutDil": 19375000,
        "link": "",
        "finalLink": ""
    },
    {
        "date": "1995-12-31",
        "symbol": "VIAV",
        "reportedCurrency": "USD",
        "cik": "0000912093",
        "fillingDate": "1995-12-31",
        "acceptedDate": "1995-12-30 19:00:00",
        "calendarYear": "1996",
        "period": "Q2",
        "revenue": 15700000,
        "costOfRevenue": 7800000,
        "grossProfit": 7900000,
        "grossProfitRatio": 0.5031847134,
        "researchAndDevelopmentExpenses": 1500000,
        "generalAndAdministrativeExpenses": 0,
        "sellingAndMarketingExpenses": 0,
        "sellingGeneralAndAdministrativeExpenses": 3500000,
        "otherExpenses": 500000,
        "operatingExpenses": 5500000,
        "costAndExpenses": 13300000,
        "interestIncome": 0,
        "interestExpense": 0,
        "depreciationAndAmortization": 500000,
        "ebitda": 2900000,
        "ebitdaratio": 0.1847133758,
        "operatingIncome": 2400000,
        "operatingIncomeRatio": 0.152866242,
        "totalOtherIncomeExpensesNet": 400000,
        "incomeBeforeTax": 2800000,
        "incomeBeforeTaxRatio": 0.178343949,
        "incomeTaxExpense": 900000,
        "netIncome": 1900000,
        "netIncomeRatio": 0.1210191083,
        "eps": 0.08,
        "epsdiluted": 0.08,
        "weightedAverageShsOut": 23750000,
        "weightedAverageShsOutDil": 23750000,
        "link": "",
        "finalLink": ""
    },
    {
        "date": "1995-09-30",
        "symbol": "VIAV",
        "reportedCurrency": "USD",
        "cik": "0000912093",
        "fillingDate": "1995-09-30",
        "acceptedDate": "1995-09-29 20:00:00",
        "calendarYear": "1996",
        "period": "Q1",
        "revenue": 12800000,
        "costOfRevenue": 6600000,
        "grossProfit": 6200000,
        "grossProfitRatio": 0.484375,
        "researchAndDevelopmentExpenses": 900000,
        "generalAndAdministrativeExpenses": 0,
        "sellingAndMarketingExpenses": 0,
        "sellingGeneralAndAdministrativeExpenses": 3000000,
        "otherExpenses": 400000,
        "operatingExpenses": 4300000,
        "costAndExpenses": 10900000,
        "interestIncome": 0,
        "interestExpense": 0,
        "depreciationAndAmortization": 400000,
        "ebitda": 2300000,
        "ebitdaratio": 0.1796875,
        "operatingIncome": 1900000,
        "operatingIncomeRatio": 0.1484375,
        "totalOtherIncomeExpensesNet": 0,
        "incomeBeforeTax": 1900000,
        "incomeBeforeTaxRatio": 0.1484375,
        "incomeTaxExpense": 700000,
        "netIncome": 1200000,
        "netIncomeRatio": 0.09375,
        "eps": 0.08,
        "epsdiluted": 0.08,
        "weightedAverageShsOut": 15000000,
        "weightedAverageShsOutDil": 15000000,
        "link": "",
        "finalLink": ""
    },
    {
        "date": "1995-06-30",
        "symbol": "VIAV",
        "reportedCurrency": "USD",
        "cik": "0000912093",
        "fillingDate": "1995-06-30",
        "acceptedDate": "1995-06-29 20:00:00",
        "calendarYear": "1995",
        "period": "Q4",
        "revenue": 12200000,
        "costOfRevenue": 6300000,
        "grossProfit": 5900000,
        "grossProfitRatio": 0.4836065574,
        "researchAndDevelopmentExpenses": 0,
        "generalAndAdministrativeExpenses": 0,
        "sellingAndMarketingExpenses": 0,
        "sellingGeneralAndAdministrativeExpenses": 3300000,
        "otherExpenses": 400000,
        "operatingExpenses": 3700000,
        "costAndExpenses": 10000000,
        "interestIncome": 0,
        "interestExpense": 0,
        "depreciationAndAmortization": 400000,
        "ebitda": 2600000,
        "ebitdaratio": 0.2131147541,
        "operatingIncome": 2200000,
        "operatingIncomeRatio": 0.1803278689,
        "totalOtherIncomeExpensesNet": -5400000,
        "incomeBeforeTax": -3200000,
        "incomeBeforeTaxRatio": -0.262295082,
        "incomeTaxExpense": -1200000,
        "netIncome": -2000000,
        "netIncomeRatio": -0.1639344262,
        "eps": -0.13,
        "epsdiluted": -0.13,
        "weightedAverageShsOut": 15000000,
        "weightedAverageShsOutDil": 15000000,
        "link": "",
        "finalLink": ""
    },
    {
        "date": "1995-03-31",
        "symbol": "VIAV",
        "reportedCurrency": "USD",
        "cik": "0000912093",
        "fillingDate": "1995-03-31",
        "acceptedDate": "1995-03-30 19:00:00",
        "calendarYear": "1995",
        "period": "Q3",
        "revenue": 11100000,
        "costOfRevenue": 6000000,
        "grossProfit": 5100000,
        "grossProfitRatio": 0.4594594595,
        "researchAndDevelopmentExpenses": 0,
        "generalAndAdministrativeExpenses": 0,
        "sellingAndMarketingExpenses": 0,
        "sellingGeneralAndAdministrativeExpenses": 3200000,
        "otherExpenses": 300000,
        "operatingExpenses": 3500000,
        "costAndExpenses": 9500000,
        "interestIncome": 0,
        "interestExpense": 0,
        "depreciationAndAmortization": 300000,
        "ebitda": 1900000,
        "ebitdaratio": 0.1711711712,
        "operatingIncome": 1600000,
        "operatingIncomeRatio": 0.1441441441,
        "totalOtherIncomeExpensesNet": 200000,
        "incomeBeforeTax": 1800000,
        "incomeBeforeTaxRatio": 0.1621621622,
        "incomeTaxExpense": 700000,
        "netIncome": 1100000,
        "netIncomeRatio": 0.0990990991,
        "eps": 0.08,
        "epsdiluted": 0.08,
        "weightedAverageShsOut": 13750000,
        "weightedAverageShsOutDil": 13750000,
        "link": "",
        "finalLink": ""
    },
    {
        "date": "1994-12-31",
        "symbol": "VIAV",
        "reportedCurrency": "USD",
        "cik": "0000912093",
        "fillingDate": "1994-12-31",
        "acceptedDate": "1994-12-30 19:00:00",
        "calendarYear": "1995",
        "period": "Q2",
        "revenue": 9900000,
        "costOfRevenue": 5500000,
        "grossProfit": 4400000,
        "grossProfitRatio": 0.4444444444,
        "researchAndDevelopmentExpenses": 0,
        "generalAndAdministrativeExpenses": 0,
        "sellingAndMarketingExpenses": 0,
        "sellingGeneralAndAdministrativeExpenses": 2900000,
        "otherExpenses": 300000,
        "operatingExpenses": 3200000,
        "costAndExpenses": 8700000,
        "interestIncome": 0,
        "interestExpense": 0,
        "depreciationAndAmortization": 300000,
        "ebitda": 1500000,
        "ebitdaratio": 0.1515151515,
        "operatingIncome": 1200000,
        "operatingIncomeRatio": 0.1212121212,
        "totalOtherIncomeExpensesNet": 200000,
        "incomeBeforeTax": 1400000,
        "incomeBeforeTaxRatio": 0.1414141414,
        "incomeTaxExpense": 500000,
        "netIncome": 900000,
        "netIncomeRatio": 0.0909090909,
        "eps": 0.08,
        "epsdiluted": 0.08,
        "weightedAverageShsOut": 18008000,
        "weightedAverageShsOutDil": 18008000,
        "link": "",
        "finalLink": ""
    },
    {
        "date": "1994-09-30",
        "symbol": "VIAV",
        "reportedCurrency": "USD",
        "cik": "0000912093",
        "fillingDate": "1994-09-30",
        "acceptedDate": "1994-09-29 20:00:00",
        "calendarYear": "1995",
        "period": "Q1",
        "revenue": 9100000,
        "costOfRevenue": 5000000,
        "grossProfit": 4100000,
        "grossProfitRatio": 0.4505494505,
        "researchAndDevelopmentExpenses": 0,
        "generalAndAdministrativeExpenses": 0,
        "sellingAndMarketingExpenses": 0,
        "sellingGeneralAndAdministrativeExpenses": 2800000,
        "otherExpenses": 200000,
        "operatingExpenses": 3000000,
        "costAndExpenses": 8000000,
        "interestIncome": 0,
        "interestExpense": 0,
        "depreciationAndAmortization": 200000,
        "ebitda": 1300000,
        "ebitdaratio": 0.1428571429,
        "operatingIncome": 1100000,
        "operatingIncomeRatio": 0.1208791209,
        "totalOtherIncomeExpensesNet": 0,
        "incomeBeforeTax": 1100000,
        "incomeBeforeTaxRatio": 0.1208791209,
        "incomeTaxExpense": 400000,
        "netIncome": 700000,
        "netIncomeRatio": 0.0769230769,
        "eps": 0.08,
        "epsdiluted": 0.08,
        "weightedAverageShsOut": 17740000,
        "weightedAverageShsOutDil": 17740000,
        "link": "",
        "finalLink": ""
    },
    {
        "date": "1994-06-30",
        "symbol": "VIAV",
        "reportedCurrency": "USD",
        "cik": "0000912093",
        "fillingDate": "1994-06-30",
        "acceptedDate": "1994-06-29 20:00:00",
        "calendarYear": "1994",
        "period": "Q4",
        "revenue": 8600000,
        "costOfRevenue": 4800000,
        "grossProfit": 3800000,
        "grossProfitRatio": 0.4418604651,
        "researchAndDevelopmentExpenses": 0,
        "generalAndAdministrativeExpenses": 0,
        "sellingAndMarketingExpenses": 0,
        "sellingGeneralAndAdministrativeExpenses": 2800000,
        "otherExpenses": 300000,
        "operatingExpenses": 3100000,
        "costAndExpenses": 7900000,
        "interestIncome": 0,
        "interestExpense": 0,
        "depreciationAndAmortization": 300000,
        "ebitda": 1000000,
        "ebitdaratio": 0.1162790698,
        "operatingIncome": 700000,
        "operatingIncomeRatio": 0.0813953488,
        "totalOtherIncomeExpensesNet": 300000,
        "incomeBeforeTax": 1000000,
        "incomeBeforeTaxRatio": 0.1162790698,
        "incomeTaxExpense": 300000,
        "netIncome": 700000,
        "netIncomeRatio": 0.0813953488,
        "eps": 0.039,
        "epsdiluted": 0.039,
        "weightedAverageShsOut": 17500000,
        "weightedAverageShsOutDil": 17740000,
        "link": "",
        "finalLink": ""
    },
    {
        "date": "1994-03-31",
        "symbol": "VIAV",
        "reportedCurrency": "USD",
        "cik": "0000912093",
        "fillingDate": "1994-03-31",
        "acceptedDate": "1994-03-30 19:00:00",
        "calendarYear": "1994",
        "period": "Q3",
        "revenue": 7900000,
        "costOfRevenue": 4700000,
        "grossProfit": 3200000,
        "grossProfitRatio": 0.4050632911,
        "researchAndDevelopmentExpenses": 0,
        "generalAndAdministrativeExpenses": 0,
        "sellingAndMarketingExpenses": 0,
        "sellingGeneralAndAdministrativeExpenses": 2300000,
        "otherExpenses": 200000,
        "operatingExpenses": 2500000,
        "costAndExpenses": 7200000,
        "interestIncome": 0,
        "interestExpense": 0,
        "depreciationAndAmortization": 200000,
        "ebitda": 900000,
        "ebitdaratio": 0.1139240506,
        "operatingIncome": 700000,
        "operatingIncomeRatio": 0.0886075949,
        "totalOtherIncomeExpensesNet": 100000,
        "incomeBeforeTax": 800000,
        "incomeBeforeTaxRatio": 0.1012658228,
        "incomeTaxExpense": 300000,
        "netIncome": 500000,
        "netIncomeRatio": 0.0632911392,
        "eps": 0.08,
        "epsdiluted": 0.08,
        "weightedAverageShsOut": 12500000,
        "weightedAverageShsOutDil": 12500000,
        "link": "",
        "finalLink": ""
    },
    {
        "date": "1993-12-31",
        "symbol": "VIAV",
        "reportedCurrency": "USD",
        "cik": "0000912093",
        "fillingDate": "1993-12-31",
        "acceptedDate": "1993-12-30 19:00:00",
        "calendarYear": "1994",
        "period": "Q2",
        "revenue": 8600000,
        "costOfRevenue": 5100000,
        "grossProfit": 3500000,
        "grossProfitRatio": 0.4069767442,
        "researchAndDevelopmentExpenses": 0,
        "generalAndAdministrativeExpenses": 0,
        "sellingAndMarketingExpenses": 0,
        "sellingGeneralAndAdministrativeExpenses": 2400000,
        "otherExpenses": 200000,
        "operatingExpenses": 2600000,
        "costAndExpenses": 7700000,
        "interestIncome": 0,
        "interestExpense": 0,
        "depreciationAndAmortization": 200000,
        "ebitda": 1100000,
        "ebitdaratio": 0.1279069767,
        "operatingIncome": 900000,
        "operatingIncomeRatio": 0.1046511628,
        "totalOtherIncomeExpensesNet": 0,
        "incomeBeforeTax": 900000,
        "incomeBeforeTaxRatio": 0.1046511628,
        "incomeTaxExpense": 300000,
        "netIncome": 600000,
        "netIncomeRatio": 0.0697674419,
        "eps": 0.08,
        "epsdiluted": 0.08,
        "weightedAverageShsOut": 16928000,
        "weightedAverageShsOutDil": 16928000,
        "link": "",
        "finalLink": ""
    },
    {
        "date": "1993-09-30",
        "symbol": "VIAV",
        "reportedCurrency": "USD",
        "cik": "0000912093",
        "fillingDate": "1993-09-30",
        "acceptedDate": "1993-09-29 20:00:00",
        "calendarYear": "1994",
        "period": "Q1",
        "revenue": 7800000,
        "costOfRevenue": 4500000,
        "grossProfit": 3300000,
        "grossProfitRatio": 0.4230769231,
        "researchAndDevelopmentExpenses": 0,
        "generalAndAdministrativeExpenses": 0,
        "sellingAndMarketingExpenses": 0,
        "sellingGeneralAndAdministrativeExpenses": 2400000,
        "otherExpenses": 200000,
        "operatingExpenses": 2600000,
        "costAndExpenses": 7100000,
        "interestIncome": 0,
        "interestExpense": 0,
        "depreciationAndAmortization": 200000,
        "ebitda": 900000,
        "ebitdaratio": 0.1153846154,
        "operatingIncome": 700000,
        "operatingIncomeRatio": 0.0897435897,
        "totalOtherIncomeExpensesNet": -100000,
        "incomeBeforeTax": 600000,
        "incomeBeforeTaxRatio": 0.0769230769,
        "incomeTaxExpense": 200000,
        "netIncome": 400000,
        "netIncomeRatio": 0.0512820513,
        "eps": 0.08,
        "epsdiluted": 0.08,
        "weightedAverageShsOut": 16928000,
        "weightedAverageShsOutDil": 16928000,
        "link": "",
        "finalLink": ""
    },
    {
        "date": "1993-06-30",
        "symbol": "VIAV",
        "reportedCurrency": "USD",
        "cik": "0000912093",
        "fillingDate": "1993-06-30",
        "acceptedDate": "1993-06-29 20:00:00",
        "calendarYear": "1993",
        "period": "Q4",
        "revenue": 6900000,
        "costOfRevenue": 0,
        "grossProfit": 6900000,
        "grossProfitRatio": 1,
        "researchAndDevelopmentExpenses": 0,
        "generalAndAdministrativeExpenses": 0,
        "sellingAndMarketingExpenses": 0,
        "sellingGeneralAndAdministrativeExpenses": 0,
        "otherExpenses": -28700000,
        "operatingExpenses": -28700000,
        "costAndExpenses": -28700000,
        "interestIncome": 0,
        "interestExpense": 0,
        "depreciationAndAmortization": 0,
        "ebitda": -21800000,
        "ebitdaratio": -3.1594202899,
        "operatingIncome": -21800000,
        "operatingIncomeRatio": -3.1594202899,
        "totalOtherIncomeExpensesNet": 21800000,
        "incomeBeforeTax": 0,
        "incomeBeforeTaxRatio": 0,
        "incomeTaxExpense": 200000,
        "netIncome": -200000,
        "netIncomeRatio": -0.0289855072,
        "eps": -0.0118,
        "epsdiluted": -0.0118,
        "weightedAverageShsOut": 16928000,
        "weightedAverageShsOutDil": 16928000,
        "link": "",
        "finalLink": ""
    },
    {
        "date": "1993-03-31",
        "symbol": "VIAV",
        "reportedCurrency": "USD",
        "cik": "0000912093",
        "fillingDate": "1993-03-31",
        "acceptedDate": "1993-03-30 19:00:00",
        "calendarYear": "1993",
        "period": "Q3",
        "revenue": 6800000,
        "costOfRevenue": 0,
        "grossProfit": 6800000,
        "grossProfitRatio": 1,
        "researchAndDevelopmentExpenses": 0,
        "generalAndAdministrativeExpenses": 0,
        "sellingAndMarketingExpenses": 0,
        "sellingGeneralAndAdministrativeExpenses": 0,
        "otherExpenses": 0,
        "operatingExpenses": 0,
        "costAndExpenses": 0,
        "interestIncome": 0,
        "interestExpense": 0,
        "depreciationAndAmortization": 0,
        "ebitda": 6800000,
        "ebitdaratio": 1,
        "operatingIncome": 6800000,
        "operatingIncomeRatio": 1,
        "totalOtherIncomeExpensesNet": -6800000,
        "incomeBeforeTax": 0,
        "incomeBeforeTaxRatio": 0,
        "incomeTaxExpense": 200000,
        "netIncome": -200000,
        "netIncomeRatio": -0.0294117647,
        "eps": -0.08,
        "epsdiluted": -0.08,
        "weightedAverageShsOut": 2500000,
        "weightedAverageShsOutDil": 2500000,
        "link": "",
        "finalLink": ""
    },
    {
        "date": "1992-12-31",
        "symbol": "VIAV",
        "reportedCurrency": "USD",
        "cik": "0000912093",
        "fillingDate": "1992-12-31",
        "acceptedDate": "1992-12-30 19:00:00",
        "calendarYear": "1993",
        "period": "Q2",
        "revenue": 6800000,
        "costOfRevenue": 0,
        "grossProfit": 6800000,
        "grossProfitRatio": 1,
        "researchAndDevelopmentExpenses": 0,
        "generalAndAdministrativeExpenses": 0,
        "sellingAndMarketingExpenses": 0,
        "sellingGeneralAndAdministrativeExpenses": 0,
        "otherExpenses": 0,
        "operatingExpenses": 0,
        "costAndExpenses": 0,
        "interestIncome": 0,
        "interestExpense": 0,
        "depreciationAndAmortization": 0,
        "ebitda": 6800000,
        "ebitdaratio": 1,
        "operatingIncome": 6800000,
        "operatingIncomeRatio": 1,
        "totalOtherIncomeExpensesNet": -6800000,
        "incomeBeforeTax": 0,
        "incomeBeforeTaxRatio": 0,
        "incomeTaxExpense": 200000,
        "netIncome": -200000,
        "netIncomeRatio": -0.0294117647,
        "eps": -0.08,
        "epsdiluted": -0.08,
        "weightedAverageShsOut": 2500000,
        "weightedAverageShsOutDil": 2500000,
        "link": "",
        "finalLink": ""
    },
    {
        "date": "1992-09-30",
        "symbol": "VIAV",
        "reportedCurrency": "USD",
        "cik": "0000912093",
        "fillingDate": "1992-09-30",
        "acceptedDate": "1992-09-29 20:00:00",
        "calendarYear": "1993",
        "period": "Q1",
        "revenue": 6800000,
        "costOfRevenue": 0,
        "grossProfit": 6800000,
        "grossProfitRatio": 1,
        "researchAndDevelopmentExpenses": 0,
        "generalAndAdministrativeExpenses": 0,
        "sellingAndMarketingExpenses": 0,
        "sellingGeneralAndAdministrativeExpenses": 0,
        "otherExpenses": 0,
        "operatingExpenses": 0,
        "costAndExpenses": 0,
        "interestIncome": 0,
        "interestExpense": 0,
        "depreciationAndAmortization": 0,
        "ebitda": 6800000,
        "ebitdaratio": 1,
        "operatingIncome": 6800000,
        "operatingIncomeRatio": 1,
        "totalOtherIncomeExpensesNet": -6800000,
        "incomeBeforeTax": 0,
        "incomeBeforeTaxRatio": 0,
        "incomeTaxExpense": 200000,
        "netIncome": -200000,
        "netIncomeRatio": -0.0294117647,
        "eps": -0.08,
        "epsdiluted": -0.08,
        "weightedAverageShsOut": 2500000,
        "weightedAverageShsOutDil": 2500000,
        "link": "",
        "finalLink": ""
    },
    {
        "date": "1992-06-30",
        "symbol": "VIAV",
        "reportedCurrency": "USD",
        "cik": "0000912093",
        "fillingDate": "1992-06-30",
        "acceptedDate": "1992-06-29 20:00:00",
        "calendarYear": "1992",
        "period": "Q4",
        "revenue": 6600000,
        "costOfRevenue": 0,
        "grossProfit": 6600000,
        "grossProfitRatio": 1,
        "researchAndDevelopmentExpenses": 0,
        "generalAndAdministrativeExpenses": 0,
        "sellingAndMarketingExpenses": 0,
        "sellingGeneralAndAdministrativeExpenses": 0,
        "otherExpenses": -24600000,
        "operatingExpenses": -24600000,
        "costAndExpenses": -24600000,
        "interestIncome": 0,
        "interestExpense": 0,
        "depreciationAndAmortization": 0,
        "ebitda": -18000000,
        "ebitdaratio": -2.7272727273,
        "operatingIncome": -18000000,
        "operatingIncomeRatio": -2.7272727273,
        "totalOtherIncomeExpensesNet": 18000000,
        "incomeBeforeTax": 0,
        "incomeBeforeTaxRatio": 0,
        "incomeTaxExpense": -300000,
        "netIncome": 300000,
        "netIncomeRatio": 0.0454545455,
        "eps": 0.12,
        "epsdiluted": 0.12,
        "weightedAverageShsOut": 2500000,
        "weightedAverageShsOutDil": 2500000,
        "link": "",
        "finalLink": ""
    },
    {
        "date": "1992-03-31",
        "symbol": "VIAV",
        "reportedCurrency": "USD",
        "cik": "0000912093",
        "fillingDate": "1992-03-31",
        "acceptedDate": "1992-03-30 19:00:00",
        "calendarYear": "1992",
        "period": "Q3",
        "revenue": 6600000,
        "costOfRevenue": 0,
        "grossProfit": 6600000,
        "grossProfitRatio": 1,
        "researchAndDevelopmentExpenses": 0,
        "generalAndAdministrativeExpenses": 0,
        "sellingAndMarketingExpenses": 0,
        "sellingGeneralAndAdministrativeExpenses": 0,
        "otherExpenses": 0,
        "operatingExpenses": 0,
        "costAndExpenses": 0,
        "interestIncome": 0,
        "interestExpense": 0,
        "depreciationAndAmortization": 0,
        "ebitda": 6600000,
        "ebitdaratio": 1,
        "operatingIncome": 6600000,
        "operatingIncomeRatio": 1,
        "totalOtherIncomeExpensesNet": -6600000,
        "incomeBeforeTax": 0,
        "incomeBeforeTaxRatio": 0,
        "incomeTaxExpense": -300000,
        "netIncome": 300000,
        "netIncomeRatio": 0.0454545455,
        "eps": 0.08,
        "epsdiluted": 0.08,
        "weightedAverageShsOut": 3750000,
        "weightedAverageShsOutDil": 3750000,
        "link": "",
        "finalLink": ""
    },
    {
        "date": "1991-12-31",
        "symbol": "VIAV",
        "reportedCurrency": "USD",
        "cik": "0000912093",
        "fillingDate": "1991-12-31",
        "acceptedDate": "1991-12-30 19:00:00",
        "calendarYear": "1992",
        "period": "Q2",
        "revenue": 6600000,
        "costOfRevenue": 0,
        "grossProfit": 6600000,
        "grossProfitRatio": 1,
        "researchAndDevelopmentExpenses": 0,
        "generalAndAdministrativeExpenses": 0,
        "sellingAndMarketingExpenses": 0,
        "sellingGeneralAndAdministrativeExpenses": 0,
        "otherExpenses": 0,
        "operatingExpenses": 0,
        "costAndExpenses": 0,
        "interestIncome": 0,
        "interestExpense": 0,
        "depreciationAndAmortization": 0,
        "ebitda": 6600000,
        "ebitdaratio": 1,
        "operatingIncome": 6600000,
        "operatingIncomeRatio": 1,
        "totalOtherIncomeExpensesNet": -6600000,
        "incomeBeforeTax": 0,
        "incomeBeforeTaxRatio": 0,
        "incomeTaxExpense": -300000,
        "netIncome": 300000,
        "netIncomeRatio": 0.0454545455,
        "eps": 0.08,
        "epsdiluted": 0.08,
        "weightedAverageShsOut": 3750000,
        "weightedAverageShsOutDil": 3750000,
        "link": "",
        "finalLink": ""
    },
    {
        "date": "1991-09-30",
        "symbol": "VIAV",
        "reportedCurrency": "USD",
        "cik": "0000912093",
        "fillingDate": "1991-09-30",
        "acceptedDate": "1991-09-29 20:00:00",
        "calendarYear": "1992",
        "period": "Q1",
        "revenue": 6600000,
        "costOfRevenue": 0,
        "grossProfit": 6600000,
        "grossProfitRatio": 1,
        "researchAndDevelopmentExpenses": 0,
        "generalAndAdministrativeExpenses": 0,
        "sellingAndMarketingExpenses": 0,
        "sellingGeneralAndAdministrativeExpenses": 0,
        "otherExpenses": 0,
        "operatingExpenses": 0,
        "costAndExpenses": 0,
        "interestIncome": 0,
        "interestExpense": 0,
        "depreciationAndAmortization": 0,
        "ebitda": 6600000,
        "ebitdaratio": 1,
        "operatingIncome": 6600000,
        "operatingIncomeRatio": 1,
        "totalOtherIncomeExpensesNet": -6600000,
        "incomeBeforeTax": 0,
        "incomeBeforeTaxRatio": 0,
        "incomeTaxExpense": -200000,
        "netIncome": 200000,
        "netIncomeRatio": 0.0303030303,
        "eps": 0.08,
        "epsdiluted": 0.08,
        "weightedAverageShsOut": 2500000,
        "weightedAverageShsOutDil": 2500000,
        "link": "",
        "finalLink": ""
    }
]