[
    {
        "date": "2025-06-30",
        "symbol": "VNO",
        "reportedCurrency": "USD",
        "cik": "0000899689",
        "fillingDate": "2025-08-04",
        "acceptedDate": "2025-08-04 16:18:25",
        "calendarYear": "2025",
        "period": "Q2",
        "revenue": 441437000,
        "costOfRevenue": 0,
        "grossProfit": 441437000,
        "grossProfitRatio": 1,
        "researchAndDevelopmentExpenses": 0,
        "generalAndAdministrativeExpenses": 39978000,
        "sellingAndMarketingExpenses": 0,
        "sellingGeneralAndAdministrativeExpenses": 39978000,
        "otherExpenses": 334922000,
        "operatingExpenses": 374900000,
        "costAndExpenses": 374900000,
        "interestIncome": 11034000,
        "interestExpense": 83230000,
        "depreciationAndAmortization": 120089000,
        "ebitda": 1020669000,
        "ebitdaratio": 2.3121509978,
        "operatingIncome": 66537000,
        "operatingIncomeRatio": 0.15072819,
        "totalOtherIncomeExpensesNet": 750813000,
        "incomeBeforeTax": 817350000,
        "incomeBeforeTaxRatio": 1.8515665882,
        "incomeTaxExpense": 4123000,
        "netIncome": 759345000,
        "netIncomeRatio": 1.7201661845,
        "eps": 3.87,
        "epsdiluted": 3.7,
        "weightedAverageShsOut": 191984000,
        "weightedAverageShsOutDil": 201066000,
        "link": "https://www.sec.gov/Archives/edgar/data/899689/000089968925000032/0000899689-25-000032-index.htm",
        "finalLink": "https://www.sec.gov/Archives/edgar/data/899689/000089968925000032/vno-20250630.htm"
    },
    {
        "date": "2025-03-31",
        "symbol": "VNO",
        "reportedCurrency": "USD",
        "cik": "0000899689",
        "fillingDate": "2025-05-05",
        "acceptedDate": "2025-05-05 16:12:18",
        "calendarYear": "2025",
        "period": "Q1",
        "revenue": 461579000,
        "costOfRevenue": 224740000,
        "grossProfit": 236839000,
        "grossProfitRatio": 0.5131060988,
        "researchAndDevelopmentExpenses": 0,
        "generalAndAdministrativeExpenses": 38597000,
        "sellingAndMarketingExpenses": 0,
        "sellingGeneralAndAdministrativeExpenses": 38597000,
        "otherExpenses": 0,
        "operatingExpenses": 38597000,
        "costAndExpenses": 379492000,
        "interestIncome": 8118000,
        "interestExpense": 90706000,
        "depreciationAndAmortization": 121265000,
        "ebitda": 318988000,
        "ebitdaratio": 0.6910799668,
        "operatingIncome": 198242000,
        "operatingIncomeRatio": 0.4294866101,
        "totalOtherIncomeExpensesNet": 24930000,
        "incomeBeforeTax": 107017000,
        "incomeBeforeTaxRatio": 0.2318498025,
        "incomeTaxExpense": 7193000,
        "netIncome": 102368000,
        "netIncomeRatio": 0.2217778538,
        "eps": 0.45,
        "epsdiluted": 0.43,
        "weightedAverageShsOut": 191371000,
        "weightedAverageShsOutDil": 200735000,
        "link": "https://www.sec.gov/Archives/edgar/data/899689/000089968925000019/0000899689-25-000019-index.htm",
        "finalLink": "https://www.sec.gov/Archives/edgar/data/899689/000089968925000019/vno-20250331.htm"
    },
    {
        "date": "2024-12-31",
        "symbol": "VNO",
        "reportedCurrency": "USD",
        "cik": "0000899689",
        "fillingDate": "2025-02-10",
        "acceptedDate": "2025-02-10 16:24:19",
        "calendarYear": "2024",
        "period": "Q4",
        "revenue": 457790000,
        "costOfRevenue": 126269000,
        "grossProfit": 108686000,
        "grossProfitRatio": 0.237414535,
        "researchAndDevelopmentExpenses": 0,
        "generalAndAdministrativeExpenses": 36637000,
        "sellingAndMarketingExpenses": 0,
        "sellingGeneralAndAdministrativeExpenses": 36637000,
        "otherExpenses": 0,
        "operatingExpenses": 36637000,
        "costAndExpenses": 162906000,
        "interestIncome": 11283000,
        "interestExpense": 95244000,
        "depreciationAndAmortization": 121142000,
        "ebitda": 227966000,
        "ebitdaratio": 0.4979706852,
        "operatingIncome": 72049000,
        "operatingIncomeRatio": 0.1573843902,
        "totalOtherIncomeExpensesNet": -60469000,
        "incomeBeforeTax": 11580000,
        "incomeBeforeTaxRatio": 0.0252954411,
        "incomeTaxExpense": 5822000,
        "netIncome": 16729000,
        "netIncomeRatio": 0.0365429564,
        "eps": 0.0063,
        "epsdiluted": 0.006,
        "weightedAverageShsOut": 190679000,
        "weightedAverageShsOutDil": 200084000,
        "link": "https://www.sec.gov/Archives/edgar/data/899689/000089968925000004/0000899689-25-000004-index.htm",
        "finalLink": "https://www.sec.gov/Archives/edgar/data/899689/000089968925000004/vno-20241231.htm"
    },
    {
        "date": "2024-09-30",
        "symbol": "VNO",
        "reportedCurrency": "USD",
        "cik": "0000899689",
        "fillingDate": "2024-11-04",
        "acceptedDate": "2024-11-04 16:17:04",
        "calendarYear": "2024",
        "period": "Q3",
        "revenue": 443255000,
        "costOfRevenue": 236149000,
        "grossProfit": 207106000,
        "grossProfitRatio": 0.4672389482,
        "researchAndDevelopmentExpenses": 0,
        "generalAndAdministrativeExpenses": 35511000,
        "sellingAndMarketingExpenses": 0,
        "sellingGeneralAndAdministrativeExpenses": 35511000,
        "otherExpenses": 0,
        "operatingExpenses": 35511000,
        "costAndExpenses": 271660000,
        "interestIncome": 12453000,
        "interestExpense": 95587000,
        "depreciationAndAmortization": 120394000,
        "ebitda": 201396000,
        "ebitdaratio": 0.4543569728,
        "operatingIncome": 55589000,
        "operatingIncomeRatio": 0.1254108809,
        "totalOtherIncomeExpensesNet": -70174000,
        "incomeBeforeTax": -14585000,
        "incomeBeforeTaxRatio": -0.0329043102,
        "incomeTaxExpense": 4883000,
        "netIncome": -3626000,
        "netIncomeRatio": -0.0081803928,
        "eps": -0.1,
        "epsdiluted": -0.1,
        "weightedAverageShsOut": 190556000,
        "weightedAverageShsOutDil": 190556000,
        "link": "https://www.sec.gov/Archives/edgar/data/899689/000089968924000039/0000899689-24-000039-index.htm",
        "finalLink": "https://www.sec.gov/Archives/edgar/data/899689/000089968924000039/vno-20240930.htm"
    },
    {
        "date": "2024-06-30",
        "symbol": "VNO",
        "reportedCurrency": "USD",
        "cik": "0000899689",
        "fillingDate": "2024-08-05",
        "acceptedDate": "2024-08-05 16:16:30",
        "calendarYear": "2024",
        "period": "Q2",
        "revenue": 450266000,
        "costOfRevenue": 0,
        "grossProfit": 450266000,
        "grossProfitRatio": 1,
        "researchAndDevelopmentExpenses": 0,
        "generalAndAdministrativeExpenses": 38475000,
        "sellingAndMarketingExpenses": 0,
        "sellingGeneralAndAdministrativeExpenses": 38475000,
        "otherExpenses": 339154000,
        "operatingExpenses": 377629000,
        "costAndExpenses": 377629000,
        "interestIncome": 10596000,
        "interestExpense": 92388000,
        "depreciationAndAmortization": 113877000,
        "ebitda": 251648000,
        "ebitdaratio": 0.5588874132,
        "operatingIncome": 72637000,
        "operatingIncomeRatio": 0.1613201974,
        "totalOtherIncomeExpensesNet": -27254000,
        "incomeBeforeTax": 45383000,
        "incomeBeforeTaxRatio": 0.1007915321,
        "incomeTaxExpense": 5284000,
        "netIncome": 50789000,
        "netIncomeRatio": 0.1127977684,
        "eps": 0.19,
        "epsdiluted": 0.18,
        "weightedAverageShsOut": 190492000,
        "weightedAverageShsOutDil": 194405000,
        "link": "https://www.sec.gov/Archives/edgar/data/899689/000089968924000033/0000899689-24-000033-index.htm",
        "finalLink": "https://www.sec.gov/Archives/edgar/data/899689/000089968924000033/vno-20240630.htm"
    },
    {
        "date": "2024-03-31",
        "symbol": "VNO",
        "reportedCurrency": "USD",
        "cik": "0000899689",
        "fillingDate": "2024-05-06",
        "acceptedDate": "2024-05-06 16:20:27",
        "calendarYear": "2024",
        "period": "Q1",
        "revenue": 436375000,
        "costOfRevenue": 0,
        "grossProfit": 436375000,
        "grossProfitRatio": 1,
        "researchAndDevelopmentExpenses": 0,
        "generalAndAdministrativeExpenses": 37897000,
        "sellingAndMarketingExpenses": 0,
        "sellingGeneralAndAdministrativeExpenses": 37897000,
        "otherExpenses": 334883000,
        "operatingExpenses": 372780000,
        "costAndExpenses": 372780000,
        "interestIncome": 11689000,
        "interestExpense": 85127000,
        "depreciationAndAmortization": 114010000,
        "ebitda": 199604000,
        "ebitdaratio": 0.4574139215,
        "operatingIncome": 63595000,
        "operatingIncomeRatio": 0.1457347465,
        "totalOtherIncomeExpensesNet": -63128000,
        "incomeBeforeTax": 467000,
        "incomeBeforeTaxRatio": 0.0010701805,
        "incomeTaxExpense": 6740000,
        "netIncome": 6495000,
        "netIncomeRatio": 0.0148839874,
        "eps": -0.05,
        "epsdiluted": -0.05,
        "weightedAverageShsOut": 190429000,
        "weightedAverageShsOutDil": 190429000,
        "link": "https://www.sec.gov/Archives/edgar/data/899689/000089968924000021/0000899689-24-000021-index.htm",
        "finalLink": "https://www.sec.gov/Archives/edgar/data/899689/000089968924000021/vno-20240331.htm"
    },
    {
        "date": "2023-12-31",
        "symbol": "VNO",
        "reportedCurrency": "USD",
        "cik": "0000899689",
        "fillingDate": "2024-02-12",
        "acceptedDate": "2024-02-12 16:21:19",
        "calendarYear": "2023",
        "period": "Q4",
        "revenue": 441886000,
        "costOfRevenue": 219925000,
        "grossProfit": 221961000,
        "grossProfitRatio": 0.5023037616,
        "researchAndDevelopmentExpenses": 0,
        "generalAndAdministrativeExpenses": 46040000,
        "sellingAndMarketingExpenses": 0,
        "sellingGeneralAndAdministrativeExpenses": 46040000,
        "otherExpenses": -99851000,
        "operatingExpenses": 164506000,
        "costAndExpenses": 384431000,
        "interestIncome": 14174000,
        "interestExpense": 82356000,
        "depreciationAndAmortization": 110197000,
        "ebitda": 122110000,
        "ebitdaratio": 0.2763382411,
        "operatingIncome": 484244000,
        "operatingIncomeRatio": 1.0958573026,
        "totalOtherIncomeExpensesNet": -285100000,
        "incomeBeforeTax": -92239000,
        "incomeBeforeTaxRatio": -0.2087393581,
        "incomeTaxExpense": 8374000,
        "netIncome": -45484000,
        "netIncomeRatio": -0.1029315253,
        "eps": -0.24,
        "epsdiluted": -0.24,
        "weightedAverageShsOut": 190361000,
        "weightedAverageShsOutDil": 190361000,
        "link": "https://www.sec.gov/Archives/edgar/data/899689/000089968924000005/0000899689-24-000005-index.htm",
        "finalLink": "https://www.sec.gov/Archives/edgar/data/899689/000089968924000005/vno-20231231.htm"
    },
    {
        "date": "2023-09-30",
        "symbol": "VNO",
        "reportedCurrency": "USD",
        "cik": "0000899689",
        "fillingDate": "2023-10-30",
        "acceptedDate": "2023-10-30 16:16:26",
        "calendarYear": "2023",
        "period": "Q3",
        "revenue": 450995000,
        "costOfRevenue": 233737000,
        "grossProfit": 217258000,
        "grossProfitRatio": 0.4817303961,
        "researchAndDevelopmentExpenses": 0,
        "generalAndAdministrativeExpenses": 35838000,
        "sellingAndMarketingExpenses": 0,
        "sellingGeneralAndAdministrativeExpenses": 35838000,
        "otherExpenses": -38282000,
        "operatingExpenses": 146187000,
        "costAndExpenses": 379924000,
        "interestIncome": 12934000,
        "interestExpense": 82131000,
        "depreciationAndAmortization": 110349000,
        "ebitda": 178976000,
        "ebitdaratio": 0.3968469717,
        "operatingIncome": 183203000,
        "operatingIncomeRatio": 0.4062195811,
        "totalOtherIncomeExpensesNet": -128435000,
        "incomeBeforeTax": 71254000,
        "incomeBeforeTaxRatio": 0.1579928824,
        "incomeTaxExpense": 11684000,
        "netIncome": 52845000,
        "netIncomeRatio": 0.1171742481,
        "eps": 0.28,
        "epsdiluted": 0.27,
        "weightedAverageShsOut": 190364000,
        "weightedAverageShsOutDil": 192921000,
        "link": "https://www.sec.gov/Archives/edgar/data/899689/000089968923000059/0000899689-23-000059-index.htm",
        "finalLink": "https://www.sec.gov/Archives/edgar/data/899689/000089968923000059/vno-20230930.htm"
    },
    {
        "date": "2023-06-30",
        "symbol": "VNO",
        "reportedCurrency": "USD",
        "cik": "0000899689",
        "fillingDate": "2023-07-31",
        "acceptedDate": "2023-07-31 16:20:09",
        "calendarYear": "2023",
        "period": "Q2",
        "revenue": 472359000,
        "costOfRevenue": 222723000,
        "grossProfit": 249636000,
        "grossProfitRatio": 0.5284878662,
        "researchAndDevelopmentExpenses": 0,
        "generalAndAdministrativeExpenses": 39410000,
        "sellingAndMarketingExpenses": 0,
        "sellingGeneralAndAdministrativeExpenses": 39410000,
        "otherExpenses": -41622000,
        "operatingExpenses": 146572000,
        "costAndExpenses": 369295000,
        "interestIncome": 13255000,
        "interestExpense": 81211000,
        "depreciationAndAmortization": 107162000,
        "ebitda": 258026000,
        "ebitdaratio": 0.5462497804,
        "operatingIncome": 147637000,
        "operatingIncomeRatio": 0.3125525289,
        "totalOtherIncomeExpensesNet": -33622000,
        "incomeBeforeTax": 67230000,
        "incomeBeforeTaxRatio": 0.1423281868,
        "incomeTaxExpense": 4497000,
        "netIncome": 61906000,
        "netIncomeRatio": 0.1310570985,
        "eps": 0.32,
        "epsdiluted": 0.32,
        "weightedAverageShsOut": 191468000,
        "weightedAverageShsOutDil": 194804000,
        "link": "https://www.sec.gov/Archives/edgar/data/899689/000089968923000048/0000899689-23-000048-index.htm",
        "finalLink": "https://www.sec.gov/Archives/edgar/data/899689/000089968923000048/vno-20230630.htm"
    },
    {
        "date": "2023-03-31",
        "symbol": "VNO",
        "reportedCurrency": "USD",
        "cik": "0000899689",
        "fillingDate": "2023-05-01",
        "acceptedDate": "2023-05-01 16:18:59",
        "calendarYear": "2023",
        "period": "Q1",
        "revenue": 445923000,
        "costOfRevenue": 228792000,
        "grossProfit": 217131000,
        "grossProfitRatio": 0.4869248727,
        "researchAndDevelopmentExpenses": 0,
        "generalAndAdministrativeExpenses": 41595000,
        "sellingAndMarketingExpenses": 0,
        "sellingGeneralAndAdministrativeExpenses": 41595000,
        "otherExpenses": 0,
        "operatingExpenses": 41595000,
        "costAndExpenses": 270387000,
        "interestIncome": 9603000,
        "interestExpense": 80224000,
        "depreciationAndAmortization": 106565000,
        "ebitda": 418744000,
        "ebitdaratio": 0.9390500154,
        "operatingIncome": -70372000,
        "operatingIncomeRatio": -0.1578119989,
        "totalOtherIncomeExpensesNet": -53125000,
        "incomeBeforeTax": 15865000,
        "incomeBeforeTaxRatio": 0.0355778913,
        "incomeTaxExpense": 10697000,
        "netIncome": 5168000,
        "netIncomeRatio": 0.0115894448,
        "eps": 0.0269,
        "epsdiluted": 0.0269,
        "weightedAverageShsOut": 191869000,
        "weightedAverageShsOutDil": 191881000,
        "link": "https://www.sec.gov/Archives/edgar/data/899689/000089968923000026/0000899689-23-000026-index.htm",
        "finalLink": "https://www.sec.gov/Archives/edgar/data/899689/000089968923000026/vno-20230331.htm"
    },
    {
        "date": "2022-12-31",
        "symbol": "VNO",
        "reportedCurrency": "USD",
        "cik": "0000899689",
        "fillingDate": "2023-02-13",
        "acceptedDate": "2023-02-13 16:16:15",
        "calendarYear": "2022",
        "period": "Q4",
        "revenue": 446940000,
        "costOfRevenue": 213477000,
        "grossProfit": 233463000,
        "grossProfitRatio": 0.5223587059,
        "researchAndDevelopmentExpenses": 0,
        "generalAndAdministrativeExpenses": 31439000,
        "sellingAndMarketingExpenses": 0,
        "sellingGeneralAndAdministrativeExpenses": 31439000,
        "otherExpenses": 133871000,
        "operatingExpenses": 165310000,
        "costAndExpenses": 378787000,
        "interestIncome": 10587000,
        "interestExpense": 82504000,
        "depreciationAndAmortization": 133871000,
        "ebitda": 252306000,
        "ebitdaratio": 0.5645187273,
        "operatingIncome": -472124000,
        "operatingIncomeRatio": -1.0563476082,
        "totalOtherIncomeExpensesNet": -586181000,
        "incomeBeforeTax": -518028000,
        "incomeBeforeTaxRatio": -1.1590549067,
        "incomeTaxExpense": 6974000,
        "netIncome": -525002000,
        "netIncomeRatio": -1.1746587909,
        "eps": -2.74,
        "epsdiluted": -2.74,
        "weightedAverageShsOut": 191831000,
        "weightedAverageShsOutDil": 191831000,
        "link": "https://www.sec.gov/Archives/edgar/data/899689/000089968923000010/0000899689-23-000010-index.htm",
        "finalLink": "https://www.sec.gov/Archives/edgar/data/899689/000089968923000010/vno-20221231.htm"
    },
    {
        "date": "2022-09-30",
        "symbol": "VNO",
        "reportedCurrency": "USD",
        "cik": "0000899689",
        "fillingDate": "2022-10-31",
        "acceptedDate": "2022-10-31 16:17:50",
        "calendarYear": "2022",
        "period": "Q3",
        "revenue": 457431000,
        "costOfRevenue": 221596000,
        "grossProfit": 235835000,
        "grossProfitRatio": 0.515564096,
        "researchAndDevelopmentExpenses": 0,
        "generalAndAdministrativeExpenses": 29174000,
        "sellingAndMarketingExpenses": 0,
        "sellingGeneralAndAdministrativeExpenses": 29174000,
        "otherExpenses": 134526000,
        "operatingExpenses": 163700000,
        "costAndExpenses": 385296000,
        "interestIncome": 5228000,
        "interestExpense": 71135000,
        "depreciationAndAmortization": 134526000,
        "ebitda": 206265000,
        "ebitdaratio": 0.4509204667,
        "operatingIncome": 96065000,
        "operatingIncomeRatio": 0.2100098157,
        "totalOtherIncomeExpensesNet": -182727000,
        "incomeBeforeTax": 23823000,
        "incomeBeforeTaxRatio": 0.0520799858,
        "incomeTaxExpense": 3711000,
        "netIncome": 23298000,
        "netIncomeRatio": 0.0509322718,
        "eps": 0.12,
        "epsdiluted": 0.12,
        "weightedAverageShsOut": 191793000,
        "weightedAverageShsOutDil": 192018000,
        "link": "https://www.sec.gov/Archives/edgar/data/899689/000089968922000047/0000899689-22-000047-index.htm",
        "finalLink": "https://www.sec.gov/Archives/edgar/data/899689/000089968922000047/vno-20220930.htm"
    },
    {
        "date": "2022-06-30",
        "symbol": "VNO",
        "reportedCurrency": "USD",
        "cik": "0000899689",
        "fillingDate": "2022-08-01",
        "acceptedDate": "2022-08-01 16:19:44",
        "calendarYear": "2022",
        "period": "Q2",
        "revenue": 453494000,
        "costOfRevenue": 222309000,
        "grossProfit": 231185000,
        "grossProfitRatio": 0.5097862375,
        "researchAndDevelopmentExpenses": 0,
        "generalAndAdministrativeExpenses": 31902000,
        "sellingAndMarketingExpenses": 0,
        "sellingGeneralAndAdministrativeExpenses": 31902000,
        "otherExpenses": 118662000,
        "operatingExpenses": 150564000,
        "costAndExpenses": 372873000,
        "interestIncome": 3036000,
        "interestExpense": 57041000,
        "depreciationAndAmortization": 118662000,
        "ebitda": 225635000,
        "ebitdaratio": 0.4975479279,
        "operatingIncome": 103778000,
        "operatingIncomeRatio": 0.2288409549,
        "totalOtherIncomeExpensesNet": -5988000,
        "incomeBeforeTax": 72467000,
        "incomeBeforeTaxRatio": 0.1597970425,
        "incomeTaxExpense": 3564000,
        "netIncome": 65947000,
        "netIncomeRatio": 0.145419785,
        "eps": 0.34,
        "epsdiluted": 0.34,
        "weightedAverageShsOut": 191750000,
        "weightedAverageShsOutDil": 192039000,
        "link": "https://www.sec.gov/Archives/edgar/data/899689/000089968922000038/0000899689-22-000038-index.htm",
        "finalLink": "https://www.sec.gov/Archives/edgar/data/899689/000089968922000038/vno-20220630.htm"
    },
    {
        "date": "2022-03-31",
        "symbol": "VNO",
        "reportedCurrency": "USD",
        "cik": "0000899689",
        "fillingDate": "2022-05-02",
        "acceptedDate": "2022-05-02 16:17:35",
        "calendarYear": "2022",
        "period": "Q1",
        "revenue": 442130000,
        "costOfRevenue": 216529000,
        "grossProfit": 225601000,
        "grossProfitRatio": 0.510259426,
        "researchAndDevelopmentExpenses": 0,
        "generalAndAdministrativeExpenses": 41216000,
        "sellingAndMarketingExpenses": 0,
        "sellingGeneralAndAdministrativeExpenses": 41216000,
        "otherExpenses": 117443000,
        "operatingExpenses": 158659000,
        "costAndExpenses": 375188000,
        "interestIncome": 1018000,
        "interestExpense": 47281000,
        "depreciationAndAmortization": 117443000,
        "ebitda": 219117000,
        "ebitdaratio": 0.495594056,
        "operatingIncome": 96846000,
        "operatingIncomeRatio": 0.2190441725,
        "totalOtherIncomeExpensesNet": -7097000,
        "incomeBeforeTax": 60786000,
        "incomeBeforeTaxRatio": 0.1374844503,
        "incomeTaxExpense": 7411000,
        "netIncome": 42007000,
        "netIncomeRatio": 0.0950105173,
        "eps": 0.22,
        "epsdiluted": 0.22,
        "weightedAverageShsOut": 191724000,
        "weightedAverageShsOutDil": 192038000,
        "link": "https://www.sec.gov/Archives/edgar/data/899689/000089968922000021/0000899689-22-000021-index.htm",
        "finalLink": "https://www.sec.gov/Archives/edgar/data/899689/000089968922000021/vno-20220331.htm"
    },
    {
        "date": "2021-12-31",
        "symbol": "VNO",
        "reportedCurrency": "USD",
        "cik": "0000899689",
        "fillingDate": "2022-02-14",
        "acceptedDate": "2022-02-14 16:17:49",
        "calendarYear": "2021",
        "period": "Q4",
        "revenue": 421080000,
        "costOfRevenue": 202717000,
        "grossProfit": 218363000,
        "grossProfitRatio": 0.5185784174,
        "researchAndDevelopmentExpenses": 0,
        "generalAndAdministrativeExpenses": 34204000,
        "sellingAndMarketingExpenses": 0,
        "sellingGeneralAndAdministrativeExpenses": 34204000,
        "otherExpenses": 126349000,
        "operatingExpenses": 160553000,
        "costAndExpenses": 363270000,
        "interestIncome": 918000,
        "interestExpense": 78192000,
        "depreciationAndAmortization": 126349000,
        "ebitda": 228826000,
        "ebitdaratio": 0.5434264273,
        "operatingIncome": 95981000,
        "operatingIncomeRatio": 0.2279400589,
        "totalOtherIncomeExpensesNet": -15792000,
        "incomeBeforeTax": 42018000,
        "incomeBeforeTaxRatio": 0.0997862639,
        "incomeTaxExpense": 10055000,
        "netIncome": 27415000,
        "netIncomeRatio": 0.0651063931,
        "eps": 0.06,
        "epsdiluted": 0.06,
        "weightedAverageShsOut": 191679000,
        "weightedAverageShsOutDil": 192040000,
        "link": "https://www.sec.gov/Archives/edgar/data/899689/000089968922000006/0000899689-22-000006-index.htm",
        "finalLink": "https://www.sec.gov/Archives/edgar/data/899689/000089968922000006/vno-20211231.htm"
    },
    {
        "date": "2021-09-30",
        "symbol": "VNO",
        "reportedCurrency": "USD",
        "cik": "0000899689",
        "fillingDate": "2021-11-01",
        "acceptedDate": "2021-11-01 16:16:40",
        "calendarYear": "2021",
        "period": "Q3",
        "revenue": 409212000,
        "costOfRevenue": 212699000,
        "grossProfit": 196513000,
        "grossProfitRatio": 0.4802229651,
        "researchAndDevelopmentExpenses": 0,
        "generalAndAdministrativeExpenses": 25553000,
        "sellingAndMarketingExpenses": 0,
        "sellingGeneralAndAdministrativeExpenses": 25553000,
        "otherExpenses": -9681000,
        "operatingExpenses": 126420000,
        "costAndExpenses": 339119000,
        "interestIncome": 633000,
        "interestExpense": 50313000,
        "depreciationAndAmortization": 100867000,
        "ebitda": 197229000,
        "ebitdaratio": 0.4819726694,
        "operatingIncome": 92338000,
        "operatingIncomeRatio": 0.2256483192,
        "totalOtherIncomeExpensesNet": -22905000,
        "incomeBeforeTax": 46389000,
        "incomeBeforeTaxRatio": 0.1133617782,
        "incomeTaxExpense": -25376000,
        "netIncome": 63522000,
        "netIncomeRatio": 0.1552300519,
        "eps": 0.2,
        "epsdiluted": 0.2,
        "weightedAverageShsOut": 191577000,
        "weightedAverageShsOutDil": 192041000,
        "link": "https://www.sec.gov/Archives/edgar/data/899689/000089968921000052/0000899689-21-000052-index.htm",
        "finalLink": "https://www.sec.gov/Archives/edgar/data/899689/000089968921000052/vno-20210930.htm"
    },
    {
        "date": "2021-06-30",
        "symbol": "VNO",
        "reportedCurrency": "USD",
        "cik": "0000899689",
        "fillingDate": "2021-08-02",
        "acceptedDate": "2021-08-02 16:21:29",
        "calendarYear": "2021",
        "period": "Q2",
        "revenue": 378941000,
        "costOfRevenue": 190920000,
        "grossProfit": 188021000,
        "grossProfitRatio": 0.4961748663,
        "researchAndDevelopmentExpenses": 0,
        "generalAndAdministrativeExpenses": 30602000,
        "sellingAndMarketingExpenses": 0,
        "sellingGeneralAndAdministrativeExpenses": 30602000,
        "otherExpenses": 89777000,
        "operatingExpenses": 120379000,
        "costAndExpenses": 311299000,
        "interestIncome": 1539000,
        "interestExpense": 47480000,
        "depreciationAndAmortization": 89777000,
        "ebitda": 153746000,
        "ebitdaratio": 0.4057254296,
        "operatingIncome": 96193000,
        "operatingIncomeRatio": 0.2538469049,
        "totalOtherIncomeExpensesNet": -109172000,
        "incomeBeforeTax": 79673000,
        "incomeBeforeTaxRatio": 0.2102517278,
        "incomeTaxExpense": 2841000,
        "netIncome": 64512000,
        "netIncomeRatio": 0.170242861,
        "eps": 0.25,
        "epsdiluted": 0.25,
        "weightedAverageShsOut": 191527000,
        "weightedAverageShsOutDil": 192380000,
        "link": "https://www.sec.gov/Archives/edgar/data/899689/000089968921000040/0000899689-21-000040-index.htm",
        "finalLink": "https://www.sec.gov/Archives/edgar/data/899689/000089968921000040/vno-20210630.htm"
    },
    {
        "date": "2021-03-31",
        "symbol": "VNO",
        "reportedCurrency": "USD",
        "cik": "0000899689",
        "fillingDate": "2021-05-03",
        "acceptedDate": "2021-05-03 16:18:43",
        "calendarYear": "2021",
        "period": "Q1",
        "revenue": 379977000,
        "costOfRevenue": 190979000,
        "grossProfit": 188998000,
        "grossProfitRatio": 0.4973932633,
        "researchAndDevelopmentExpenses": 0,
        "generalAndAdministrativeExpenses": 44186000,
        "sellingAndMarketingExpenses": 0,
        "sellingGeneralAndAdministrativeExpenses": 44186000,
        "otherExpenses": -843000,
        "operatingExpenses": 139540000,
        "costAndExpenses": 330519000,
        "interestIncome": 1522000,
        "interestExpense": 45384000,
        "depreciationAndAmortization": 95354000,
        "ebitda": 175407000,
        "ebitdaratio": 0.4616253089,
        "operatingIncome": 75373000,
        "operatingIncomeRatio": 0.1983620061,
        "totalOtherIncomeExpensesNet": -16742000,
        "incomeBeforeTax": 28977000,
        "incomeBeforeTaxRatio": 0.0762598789,
        "incomeTaxExpense": 1984000,
        "netIncome": 20550000,
        "netIncomeRatio": 0.0540822208,
        "eps": 0.02,
        "epsdiluted": 0.02,
        "weightedAverageShsOut": 191418000,
        "weightedAverageShsOutDil": 192031000,
        "link": "https://www.sec.gov/Archives/edgar/data/899689/000089968921000029/0000899689-21-000029-index.htm",
        "finalLink": "https://www.sec.gov/Archives/edgar/data/899689/000089968921000029/vno-20210331.htm"
    },
    {
        "date": "2020-12-31",
        "symbol": "VNO",
        "reportedCurrency": "USD",
        "cik": "0000899689",
        "fillingDate": "2021-02-16",
        "acceptedDate": "2021-02-16 16:17:09",
        "calendarYear": "2020",
        "period": "Q4",
        "revenue": 376431000,
        "costOfRevenue": 188989000,
        "grossProfit": 187442000,
        "grossProfitRatio": 0.4979451745,
        "researchAndDevelopmentExpenses": 0,
        "generalAndAdministrativeExpenses": 61254000,
        "sellingAndMarketingExpenses": 0,
        "sellingGeneralAndAdministrativeExpenses": 61254000,
        "otherExpenses": 107084000,
        "operatingExpenses": 168338000,
        "costAndExpenses": 357327000,
        "interestIncome": 1569000,
        "interestExpense": 53064000,
        "depreciationAndAmortization": 107084000,
        "ebitda": 118502000,
        "ebitdaratio": 0.3148040411,
        "operatingIncome": 110514000,
        "operatingIncomeRatio": 0.2935836847,
        "totalOtherIncomeExpensesNet": -229631000,
        "incomeBeforeTax": -210527000,
        "incomeBeforeTaxRatio": -0.5592711546,
        "incomeTaxExpense": -1801000,
        "netIncome": -194979000,
        "netIncomeRatio": -0.5179674363,
        "eps": -1.02,
        "epsdiluted": -1.02,
        "weightedAverageShsOut": 190232335,
        "weightedAverageShsOutDil": 191279000,
        "link": "https://www.sec.gov/Archives/edgar/data/899689/000089968921000009/0000899689-21-000009-index.htm",
        "finalLink": "https://www.sec.gov/Archives/edgar/data/899689/000089968921000009/vno-20201231.htm"
    },
    {
        "date": "2020-09-30",
        "symbol": "VNO",
        "reportedCurrency": "USD",
        "cik": "0000899689",
        "fillingDate": "2020-11-02",
        "acceptedDate": "2020-11-02 16:16:04",
        "calendarYear": "2020",
        "period": "Q3",
        "revenue": 363962000,
        "costOfRevenue": 195645000,
        "grossProfit": 168317000,
        "grossProfitRatio": 0.4624576192,
        "researchAndDevelopmentExpenses": 0,
        "generalAndAdministrativeExpenses": 32407000,
        "sellingAndMarketingExpenses": 0,
        "sellingGeneralAndAdministrativeExpenses": 32407000,
        "otherExpenses": 902000,
        "operatingExpenses": 139420000,
        "costAndExpenses": 335065000,
        "interestIncome": 1729000,
        "interestExpense": 52465000,
        "depreciationAndAmortization": 111985000,
        "ebitda": 56796000,
        "ebitdaratio": 0.1560492579,
        "operatingIncome": -55189000,
        "operatingIncomeRatio": -0.1516339618,
        "totalOtherIncomeExpensesNet": 23781000,
        "incomeBeforeTax": 92517000,
        "incomeBeforeTaxRatio": 0.2541941192,
        "incomeTaxExpense": 23781000,
        "netIncome": 65700000,
        "netIncomeRatio": 0.1805133503,
        "eps": 0.28,
        "epsdiluted": 0.28,
        "weightedAverageShsOut": 191162000,
        "weightedAverageShsOutDil": 191162000,
        "link": "https://www.sec.gov/Archives/edgar/data/899689/000089968920000049/0000899689-20-000049-index.htm",
        "finalLink": "https://www.sec.gov/Archives/edgar/data/899689/000089968920000049/vno-20200930.htm"
    },
    {
        "date": "2020-06-30",
        "symbol": "VNO",
        "reportedCurrency": "USD",
        "cik": "0000899689",
        "fillingDate": "2020-08-03",
        "acceptedDate": "2020-08-03 16:29:03",
        "calendarYear": "2020",
        "period": "Q2",
        "revenue": 343026000,
        "costOfRevenue": 174425000,
        "grossProfit": 168601000,
        "grossProfitRatio": 0.4915108476,
        "researchAndDevelopmentExpenses": 0,
        "generalAndAdministrativeExpenses": 35014000,
        "sellingAndMarketingExpenses": 0,
        "sellingGeneralAndAdministrativeExpenses": 35014000,
        "otherExpenses": 69221000,
        "operatingExpenses": 133927000,
        "costAndExpenses": 308352000,
        "interestIncome": 3215000,
        "interestExpense": 54099000,
        "depreciationAndAmortization": 97007000,
        "ebitda": -64409000,
        "ebitdaratio": -0.187767108,
        "operatingIncome": -258290000,
        "operatingIncomeRatio": -0.7529749931,
        "totalOtherIncomeExpensesNet": 1837000,
        "incomeBeforeTax": -215515000,
        "incomeBeforeTaxRatio": -0.6282759907,
        "incomeTaxExpense": 1837000,
        "netIncome": -185220000,
        "netIncomeRatio": -0.5399590702,
        "eps": -0.97,
        "epsdiluted": -0.97,
        "weightedAverageShsOut": 191104000,
        "weightedAverageShsOutDil": 191104000,
        "link": "https://www.sec.gov/Archives/edgar/data/899689/000089968920000039/0000899689-20-000039-index.htm",
        "finalLink": "https://www.sec.gov/Archives/edgar/data/899689/000089968920000039/vno-063020x10q.htm"
    },
    {
        "date": "2020-03-31",
        "symbol": "VNO",
        "reportedCurrency": "USD",
        "cik": "0000899689",
        "fillingDate": "2020-05-04",
        "acceptedDate": "2020-05-04 16:32:38",
        "calendarYear": "2020",
        "period": "Q1",
        "revenue": 444532000,
        "costOfRevenue": 230007000,
        "grossProfit": 214525000,
        "grossProfitRatio": 0.4825861805,
        "researchAndDevelopmentExpenses": 0,
        "generalAndAdministrativeExpenses": 52834000,
        "sellingAndMarketingExpenses": 0,
        "sellingGeneralAndAdministrativeExpenses": 52834000,
        "otherExpenses": -71000,
        "operatingExpenses": 152888000,
        "costAndExpenses": 382895000,
        "interestIncome": 6295000,
        "interestExpense": 54580000,
        "depreciationAndAmortization": 96913000,
        "ebitda": 59803000,
        "ebitdaratio": 0.1345302475,
        "operatingIncome": 82773000,
        "operatingIncomeRatio": 0.1862025681,
        "totalOtherIncomeExpensesNet": -174463000,
        "incomeBeforeTax": -91690000,
        "incomeBeforeTaxRatio": -0.2062618664,
        "incomeTaxExpense": 12813000,
        "netIncome": 17494000,
        "netIncomeRatio": 0.0393537473,
        "eps": 0.03,
        "epsdiluted": 0.03,
        "weightedAverageShsOut": 191038000,
        "weightedAverageShsOutDil": 191113000,
        "link": "https://www.sec.gov/Archives/edgar/data/899689/000089968920000025/0000899689-20-000025-index.htm",
        "finalLink": "https://www.sec.gov/Archives/edgar/data/899689/000089968920000025/vno-033120x10q.htm"
    },
    {
        "date": "2019-12-31",
        "symbol": "VNO",
        "reportedCurrency": "USD",
        "cik": "0000899689",
        "fillingDate": "2020-02-18",
        "acceptedDate": "2020-02-18 16:34:43",
        "calendarYear": "2019",
        "period": "Q4",
        "revenue": 460968000,
        "costOfRevenue": 223975000,
        "grossProfit": 236993000,
        "grossProfitRatio": 0.514120286,
        "researchAndDevelopmentExpenses": 0,
        "generalAndAdministrativeExpenses": 39791000,
        "sellingAndMarketingExpenses": 0,
        "sellingGeneralAndAdministrativeExpenses": 39791000,
        "otherExpenses": -3223000,
        "operatingExpenses": 132717000,
        "costAndExpenses": 356692000,
        "interestIncome": 5889000,
        "interestExpense": 53794000,
        "depreciationAndAmortization": 92926000,
        "ebitda": 219928000,
        "ebitdaratio": 0.4771003627,
        "operatingIncome": 129736000,
        "operatingIncomeRatio": 0.2814425296,
        "totalOtherIncomeExpensesNet": -213247000,
        "incomeBeforeTax": 183518000,
        "incomeBeforeTaxRatio": 0.3981144027,
        "incomeTaxExpense": 22897000,
        "netIncome": 205750000,
        "netIncomeRatio": 0.446343347,
        "eps": 1.01,
        "epsdiluted": 1.01,
        "weightedAverageShsOut": 191117202,
        "weightedAverageShsOutDil": 191303960,
        "link": "https://www.sec.gov/Archives/edgar/data/899689/000089968920000007/0000899689-20-000007-index.htm",
        "finalLink": "https://www.sec.gov/Archives/edgar/data/899689/000089968920000007/vno-12312019x10k.htm"
    },
    {
        "date": "2019-09-30",
        "symbol": "VNO",
        "reportedCurrency": "USD",
        "cik": "0000899689",
        "fillingDate": "2019-10-28",
        "acceptedDate": "2019-10-28 16:18:41",
        "calendarYear": "2019",
        "period": "Q3",
        "revenue": 465961000,
        "costOfRevenue": 226359000,
        "grossProfit": 239602000,
        "grossProfitRatio": 0.5142104168,
        "researchAndDevelopmentExpenses": 0,
        "generalAndAdministrativeExpenses": 33237000,
        "sellingAndMarketingExpenses": 0,
        "sellingGeneralAndAdministrativeExpenses": 33237000,
        "otherExpenses": 937000,
        "operatingExpenses": 129674000,
        "costAndExpenses": 356033000,
        "interestIncome": 6601000,
        "interestExpense": 56298000,
        "depreciationAndAmortization": 101085000,
        "ebitda": 238410000,
        "ebitdaratio": 0.5116522627,
        "operatingIncome": 137325000,
        "operatingIncomeRatio": 0.2947135061,
        "totalOtherIncomeExpensesNet": 23885000,
        "incomeBeforeTax": 387742000,
        "incomeBeforeTaxRatio": 0.8321340198,
        "incomeTaxExpense": 23885000,
        "netIncome": 335438000,
        "netIncomeRatio": 0.7198842822,
        "eps": 1.69,
        "epsdiluted": 1.69,
        "weightedAverageShsOut": 190814000,
        "weightedAverageShsOutDil": 191024000,
        "link": "https://www.sec.gov/Archives/edgar/data/899689/000089968919000072/0000899689-19-000072-index.htm",
        "finalLink": "https://www.sec.gov/Archives/edgar/data/899689/000089968919000072/vno-093019x10q.htm"
    },
    {
        "date": "2019-06-30",
        "symbol": "VNO",
        "reportedCurrency": "USD",
        "cik": "0000899689",
        "fillingDate": "2019-07-29",
        "acceptedDate": "2019-07-29 16:32:19",
        "calendarYear": "2019",
        "period": "Q2",
        "revenue": 463103000,
        "costOfRevenue": 220752000,
        "grossProfit": 242351000,
        "grossProfitRatio": 0.5233198662,
        "researchAndDevelopmentExpenses": 0,
        "generalAndAdministrativeExpenses": 38872000,
        "sellingAndMarketingExpenses": 0,
        "sellingGeneralAndAdministrativeExpenses": 38872000,
        "otherExpenses": 2571099000,
        "operatingExpenses": 151907000,
        "costAndExpenses": 372659000,
        "interestIncome": 5215000,
        "interestExpense": 56793000,
        "depreciationAndAmortization": 117731000,
        "ebitda": 2801126000,
        "ebitdaratio": 6.0486025787,
        "operatingIncome": 2683395000,
        "operatingIncomeRatio": 5.7943805158,
        "totalOtherIncomeExpensesNet": 26914000,
        "incomeBeforeTax": 2623547000,
        "incomeBeforeTaxRatio": 5.6651479261,
        "incomeTaxExpense": 26914000,
        "netIncome": 2412727000,
        "netIncomeRatio": 5.2099144251,
        "eps": 12.58,
        "epsdiluted": 12.56,
        "weightedAverageShsOut": 190781000,
        "weightedAverageShsOutDil": 191058000,
        "link": "https://www.sec.gov/Archives/edgar/data/899689/000089968919000054/0000899689-19-000054-index.htm",
        "finalLink": "https://www.sec.gov/Archives/edgar/data/899689/000089968919000054/vno-063019x10q.htm"
    },
    {
        "date": "2019-03-31",
        "symbol": "VNO",
        "reportedCurrency": "USD",
        "cik": "0000899689",
        "fillingDate": "2019-04-29",
        "acceptedDate": "2019-04-29 11:23:42",
        "calendarYear": "2019",
        "period": "Q1",
        "revenue": 534668000,
        "costOfRevenue": 246895000,
        "grossProfit": 287773000,
        "grossProfitRatio": 0.5382274608,
        "researchAndDevelopmentExpenses": 0,
        "generalAndAdministrativeExpenses": 58020000,
        "sellingAndMarketingExpenses": 0,
        "sellingGeneralAndAdministrativeExpenses": 58020000,
        "otherExpenses": -149000,
        "operatingExpenses": 174729000,
        "costAndExpenses": 421624000,
        "interestIncome": 4584000,
        "interestExpense": 94322000,
        "depreciationAndAmortization": 123135000,
        "ebitda": 239942000,
        "ebitdaratio": 0.4487682076,
        "operatingIncome": 116807000,
        "operatingIncomeRatio": 0.2184664128,
        "totalOtherIncomeExpensesNet": 29743000,
        "incomeBeforeTax": 242924000,
        "incomeBeforeTaxRatio": 0.4543455004,
        "incomeTaxExpense": 29743000,
        "netIncome": 194022000,
        "netIncomeRatio": 0.362883135,
        "eps": 0.95,
        "epsdiluted": 0.95,
        "weightedAverageShsOut": 190689000,
        "weightedAverageShsOutDil": 190996000,
        "link": "https://www.sec.gov/Archives/edgar/data/899689/000089968919000032/0000899689-19-000032-index.htm",
        "finalLink": "https://www.sec.gov/Archives/edgar/data/899689/000089968919000032/vno-033119x10q.htm"
    },
    {
        "date": "2018-12-31",
        "symbol": "VNO",
        "reportedCurrency": "USD",
        "cik": "0000899689",
        "fillingDate": "2019-02-11",
        "acceptedDate": "2019-02-11 16:26:42",
        "calendarYear": "2018",
        "period": "Q4",
        "revenue": 543417000,
        "costOfRevenue": 254320000,
        "grossProfit": 289097000,
        "grossProfitRatio": 0.5319984469,
        "researchAndDevelopmentExpenses": 0,
        "generalAndAdministrativeExpenses": 32934000,
        "sellingAndMarketingExpenses": 0,
        "sellingGeneralAndAdministrativeExpenses": 32934000,
        "otherExpenses": -14637000,
        "operatingExpenses": 145803000,
        "costAndExpenses": 400123000,
        "interestIncome": 7656000,
        "interestExpense": 75519000,
        "depreciationAndAmortization": 112869000,
        "ebitda": 248627000,
        "ebitdaratio": 0.4575252522,
        "operatingIncome": 134671000,
        "operatingIncomeRatio": 0.2478225746,
        "totalOtherIncomeExpensesNet": -126383000,
        "incomeBeforeTax": 130233000,
        "incomeBeforeTaxRatio": 0.239655734,
        "incomeTaxExpense": 32669000,
        "netIncome": 113027000,
        "netIncomeRatio": 0.207993125,
        "eps": 0.53,
        "epsdiluted": 0.53,
        "weightedAverageShsOut": 189611321,
        "weightedAverageShsOutDil": 189611321,
        "link": "https://www.sec.gov/Archives/edgar/data/899689/000089968919000010/0000899689-19-000010-index.htm",
        "finalLink": "https://www.sec.gov/Archives/edgar/data/899689/000089968919000010/vno-12312018x10k.htm"
    },
    {
        "date": "2018-09-30",
        "symbol": "VNO",
        "reportedCurrency": "USD",
        "cik": "0000899689",
        "fillingDate": "2018-10-29",
        "acceptedDate": "2018-10-29 16:15:21",
        "calendarYear": "2018",
        "period": "Q3",
        "revenue": 542048000,
        "costOfRevenue": 235575000,
        "grossProfit": 306473000,
        "grossProfitRatio": 0.5653982673,
        "researchAndDevelopmentExpenses": 0,
        "generalAndAdministrativeExpenses": 31977000,
        "sellingAndMarketingExpenses": 0,
        "sellingGeneralAndAdministrativeExpenses": 31977000,
        "otherExpenses": -2510000,
        "operatingExpenses": 145146000,
        "costAndExpenses": 380721000,
        "interestIncome": 2893000,
        "interestExpense": 86058000,
        "depreciationAndAmortization": 113169000,
        "ebitda": 281702000,
        "ebitdaratio": 0.5196993624,
        "operatingIncome": 156956000,
        "operatingIncomeRatio": 0.2895610721,
        "totalOtherIncomeExpensesNet": 64088000,
        "incomeBeforeTax": 221044000,
        "incomeBeforeTaxRatio": 0.4077941437,
        "incomeTaxExpense": 1943000,
        "netIncome": 203179000,
        "netIncomeRatio": 0.3748358079,
        "eps": 1,
        "epsdiluted": 1,
        "weightedAverageShsOut": 190645000,
        "weightedAverageShsOutDil": 190645000,
        "link": "https://www.sec.gov/Archives/edgar/data/899689/000089968918000067/0000899689-18-000067-index.htm",
        "finalLink": "https://www.sec.gov/Archives/edgar/data/899689/000089968918000067/vno-093018x10q.htm"
    },
    {
        "date": "2018-06-30",
        "symbol": "VNO",
        "reportedCurrency": "USD",
        "cik": "0000899689",
        "fillingDate": "2018-07-30",
        "acceptedDate": "2018-07-30 16:17:45",
        "calendarYear": "2018",
        "period": "Q2",
        "revenue": 541818000,
        "costOfRevenue": 235981000,
        "grossProfit": 305837000,
        "grossProfitRatio": 0.5644644512,
        "researchAndDevelopmentExpenses": 0,
        "generalAndAdministrativeExpenses": 34427000,
        "sellingAndMarketingExpenses": 0,
        "sellingGeneralAndAdministrativeExpenses": 34427000,
        "otherExpenses": -1017000,
        "operatingExpenses": 146273000,
        "costAndExpenses": 382254000,
        "interestIncome": 30892000,
        "interestExpense": 56765000,
        "depreciationAndAmortization": 111846000,
        "ebitda": 255704000,
        "ebitdaratio": 0.4719370711,
        "operatingIncome": 156470000,
        "operatingIncomeRatio": 0.2887870097,
        "totalOtherIncomeExpensesNet": -51348000,
        "incomeBeforeTax": 105122000,
        "incomeBeforeTaxRatio": 0.1940171792,
        "incomeTaxExpense": 467000,
        "netIncome": 124068000,
        "netIncomeRatio": 0.2289846406,
        "eps": 0.59,
        "epsdiluted": 0.58,
        "weightedAverageShsOut": 189040678,
        "weightedAverageShsOutDil": 192300000,
        "link": "https://www.sec.gov/Archives/edgar/data/899689/000089968918000049/0000899689-18-000049-index.htm",
        "finalLink": "https://www.sec.gov/Archives/edgar/data/899689/000089968918000049/vno-063018x10q.htm"
    },
    {
        "date": "2018-03-31",
        "symbol": "VNO",
        "reportedCurrency": "USD",
        "cik": "0000899689",
        "fillingDate": "2018-04-30",
        "acceptedDate": "2018-04-30 16:17:18",
        "calendarYear": "2018",
        "period": "Q1",
        "revenue": 536437000,
        "costOfRevenue": 237602000,
        "grossProfit": 298835000,
        "grossProfitRatio": 0.5570738036,
        "researchAndDevelopmentExpenses": 0,
        "generalAndAdministrativeExpenses": 43633000,
        "sellingAndMarketingExpenses": 0,
        "sellingGeneralAndAdministrativeExpenses": 43633000,
        "otherExpenses": -13156000,
        "operatingExpenses": 152319000,
        "costAndExpenses": 389921000,
        "interestIncome": 0,
        "interestExpense": 88166000,
        "depreciationAndAmortization": 108686000,
        "ebitda": 222620000,
        "ebitdaratio": 0.4149974741,
        "operatingIncome": 133764000,
        "operatingIncomeRatio": 0.2493564016,
        "totalOtherIncomeExpensesNet": -131665000,
        "incomeBeforeTax": 2099000,
        "incomeBeforeTaxRatio": 0.0039128546,
        "incomeTaxExpense": 1454000,
        "netIncome": 9680000,
        "netIncomeRatio": 0.0180449894,
        "eps": -0.09,
        "epsdiluted": -0.09,
        "weightedAverageShsOut": 190081297,
        "weightedAverageShsOutDil": 198233333,
        "link": "https://www.sec.gov/Archives/edgar/data/899689/000089968918000030/0000899689-18-000030-index.htm",
        "finalLink": "https://www.sec.gov/Archives/edgar/data/899689/000089968918000030/vno-033118x10q.htm"
    },
    {
        "date": "2017-12-31",
        "symbol": "VNO",
        "reportedCurrency": "USD",
        "cik": "0000899689",
        "fillingDate": "2018-02-12",
        "acceptedDate": "2018-02-12 16:29:00",
        "calendarYear": "2017",
        "period": "Q4",
        "revenue": 536226000,
        "costOfRevenue": 225011000,
        "grossProfit": 311215000,
        "grossProfitRatio": 0.5803802874,
        "researchAndDevelopmentExpenses": 0,
        "generalAndAdministrativeExpenses": 36838000,
        "sellingAndMarketingExpenses": 0,
        "sellingGeneralAndAdministrativeExpenses": 36838000,
        "otherExpenses": 4188000,
        "operatingExpenses": 151004000,
        "costAndExpenses": 376015000,
        "interestIncome": 4941000,
        "interestExpense": 83530000,
        "depreciationAndAmortization": 122287000,
        "ebitda": 287518000,
        "ebitdaratio": 0.5361880998,
        "operatingIncome": 159508000,
        "operatingIncomeRatio": 0.2974641289,
        "totalOtherIncomeExpensesNet": -68792000,
        "incomeBeforeTax": 90939000,
        "incomeBeforeTaxRatio": 0.1695908069,
        "incomeTaxExpense": 38661000,
        "netIncome": 44332000,
        "netIncomeRatio": 0.0826740964,
        "eps": 0.22,
        "epsdiluted": 0.22,
        "weightedAverageShsOut": 189901000,
        "weightedAverageShsOutDil": 198233333,
        "link": "https://www.sec.gov/Archives/edgar/data/899689/000089968918000009/0000899689-18-000009-index.htm",
        "finalLink": "https://www.sec.gov/Archives/edgar/data/899689/000089968918000009/vno-12312017x10k.htm"
    },
    {
        "date": "2017-09-30",
        "symbol": "VNO",
        "reportedCurrency": "USD",
        "cik": "0000899689",
        "fillingDate": "2017-10-30",
        "acceptedDate": "2017-10-30 16:24:21",
        "calendarYear": "2017",
        "period": "Q3",
        "revenue": 528755000,
        "costOfRevenue": 225226000,
        "grossProfit": 303529000,
        "grossProfitRatio": 0.5740446899,
        "researchAndDevelopmentExpenses": 0,
        "generalAndAdministrativeExpenses": 36261000,
        "sellingAndMarketingExpenses": 0,
        "sellingGeneralAndAdministrativeExpenses": 36261000,
        "otherExpenses": 3268000,
        "operatingExpenses": 141233000,
        "costAndExpenses": 366459000,
        "interestIncome": 4022000,
        "interestExpense": 77091000,
        "depreciationAndAmortization": 117641000,
        "ebitda": 233096000,
        "ebitdaratio": 0.4408393301,
        "operatingIncome": 162235000,
        "operatingIncomeRatio": 0.3068245218,
        "totalOtherIncomeExpensesNet": -123871000,
        "incomeBeforeTax": 38364000,
        "incomeBeforeTaxRatio": 0.0725553423,
        "incomeTaxExpense": 1188000,
        "netIncome": -12898000,
        "netIncomeRatio": -0.0243931499,
        "eps": -0.068,
        "epsdiluted": -0.0676,
        "weightedAverageShsOut": 189593000,
        "weightedAverageShsOutDil": 190847000,
        "link": "https://www.sec.gov/Archives/edgar/data/899689/000089968917000057/0000899689-17-000057-index.htm",
        "finalLink": "https://www.sec.gov/Archives/edgar/data/899689/000089968917000057/vno-093017x10q.htm"
    },
    {
        "date": "2017-06-30",
        "symbol": "VNO",
        "reportedCurrency": "USD",
        "cik": "0000899689",
        "fillingDate": "2017-07-31",
        "acceptedDate": "2017-07-31 16:25:06",
        "calendarYear": "2017",
        "period": "Q2",
        "revenue": 626039000,
        "costOfRevenue": 256687000,
        "grossProfit": 369352000,
        "grossProfitRatio": 0.5899824132,
        "researchAndDevelopmentExpenses": 0,
        "generalAndAdministrativeExpenses": 42470000,
        "sellingAndMarketingExpenses": 0,
        "sellingGeneralAndAdministrativeExpenses": 42470000,
        "otherExpenses": 2877000,
        "operatingExpenses": 179485000,
        "costAndExpenses": 436172000,
        "interestIncome": 4979000,
        "interestExpense": 88444000,
        "depreciationAndAmortization": 144012000,
        "ebitda": 349587000,
        "ebitdaratio": 0.5584108977,
        "operatingIncome": 183396000,
        "operatingIncomeRatio": 0.2929466056,
        "totalOtherIncomeExpensesNet": -36823000,
        "incomeBeforeTax": 146573000,
        "incomeBeforeTaxRatio": 0.2341275863,
        "incomeTaxExpense": -248000,
        "netIncome": 132101000,
        "netIncomeRatio": 0.2110108156,
        "eps": 0.61,
        "epsdiluted": 0.61,
        "weightedAverageShsOut": 189395000,
        "weightedAverageShsOutDil": 190444000,
        "link": "https://www.sec.gov/Archives/edgar/data/899689/000089968917000030/0000899689-17-000030-index.htm",
        "finalLink": "https://www.sec.gov/Archives/edgar/data/899689/000089968917000030/vno10Q2Q2017.htm"
    },
    {
        "date": "2017-03-31",
        "symbol": "VNO",
        "reportedCurrency": "USD",
        "cik": "0000899689",
        "fillingDate": "2017-05-01",
        "acceptedDate": "2017-05-01 16:18:35",
        "calendarYear": "2017",
        "period": "Q1",
        "revenue": 620848000,
        "costOfRevenue": 260907000,
        "grossProfit": 359941000,
        "grossProfitRatio": 0.579757042,
        "researchAndDevelopmentExpenses": 0,
        "generalAndAdministrativeExpenses": 56658000,
        "sellingAndMarketingExpenses": 0,
        "sellingGeneralAndAdministrativeExpenses": 56658000,
        "otherExpenses": 2571000,
        "operatingExpenses": 195469000,
        "costAndExpenses": 456376000,
        "interestIncome": 3314000,
        "interestExpense": 85304000,
        "depreciationAndAmortization": 145886000,
        "ebitda": 280421000,
        "ebitdaratio": 0.4516741618,
        "operatingIncome": 156467000,
        "operatingIncomeRatio": 0.2520214288,
        "totalOtherIncomeExpensesNet": -82843000,
        "incomeBeforeTax": 73624000,
        "incomeBeforeTaxRatio": 0.1185861918,
        "incomeTaxExpense": 2205000,
        "netIncome": 63881000,
        "netIncomeRatio": 0.1028931397,
        "eps": 0.25,
        "epsdiluted": 0.25,
        "weightedAverageShsOut": 189210000,
        "weightedAverageShsOutDil": 190372000,
        "link": "https://www.sec.gov/Archives/edgar/data/899689/000089968917000018/0000899689-17-000018-index.htm",
        "finalLink": "https://www.sec.gov/Archives/edgar/data/899689/000089968917000018/vornado1q201710q.htm"
    },
    {
        "date": "2016-12-31",
        "symbol": "VNO",
        "reportedCurrency": "USD",
        "cik": "0000899689",
        "fillingDate": "2017-04-12",
        "acceptedDate": "2017-04-12 17:12:37",
        "calendarYear": "2016",
        "period": "Q4",
        "revenue": 638260000,
        "costOfRevenue": 262023000,
        "grossProfit": 376237000,
        "grossProfitRatio": 0.5894729421,
        "researchAndDevelopmentExpenses": 0,
        "generalAndAdministrativeExpenses": 44569000,
        "sellingAndMarketingExpenses": 0,
        "sellingGeneralAndAdministrativeExpenses": 44569000,
        "otherExpenses": 1720000,
        "operatingExpenses": 186390000,
        "costAndExpenses": 448413000,
        "interestIncome": 3360000,
        "interestExpense": 89842000,
        "depreciationAndAmortization": 149230000,
        "ebitda": 498895000,
        "ebitdaratio": 0.7816485445,
        "operatingIncome": 175104000,
        "operatingIncomeRatio": 0.2743458779,
        "totalOtherIncomeExpensesNet": 526935000,
        "incomeBeforeTax": 702039000,
        "incomeBeforeTaxRatio": 1.0999263623,
        "incomeTaxExpense": -1493000,
        "netIncome": 667310000,
        "netIncomeRatio": 1.0455143672,
        "eps": 3.53,
        "epsdiluted": 3.51,
        "weightedAverageShsOut": 189210000,
        "weightedAverageShsOutDil": 190372000,
        "link": "https://www.sec.gov/Archives/edgar/data/899689/000089968917000014/0000899689-17-000014-index.htm",
        "finalLink": "https://www.sec.gov/Archives/edgar/data/899689/000089968917000014/vornado201610KA.htm"
    },
    {
        "date": "2016-09-30",
        "symbol": "VNO",
        "reportedCurrency": "USD",
        "cik": "0000899689",
        "fillingDate": "2016-10-31",
        "acceptedDate": "2016-10-31 16:17:04",
        "calendarYear": "2016",
        "period": "Q3",
        "revenue": 633197000,
        "costOfRevenue": 260826000,
        "grossProfit": 372371000,
        "grossProfitRatio": 0.5880808027,
        "researchAndDevelopmentExpenses": 0,
        "generalAndAdministrativeExpenses": 40442000,
        "sellingAndMarketingExpenses": 0,
        "sellingGeneralAndAdministrativeExpenses": 40442000,
        "otherExpenses": 2196000,
        "operatingExpenses": 179410000,
        "costAndExpenses": 440236000,
        "interestIncome": 2950000,
        "interestExpense": 89826000,
        "depreciationAndAmortization": 146499000,
        "ebitda": 298401000,
        "ebitdaratio": 0.4712609188,
        "operatingIncome": 189153000,
        "operatingIncomeRatio": 0.2987269365,
        "totalOtherIncomeExpensesNet": -86653000,
        "incomeBeforeTax": 102500000,
        "incomeBeforeTaxRatio": 0.1618769514,
        "incomeTaxExpense": 4865000,
        "netIncome": 92580000,
        "netIncomeRatio": 0.1462104211,
        "eps": 0.35,
        "epsdiluted": 0.35,
        "weightedAverageShsOut": 188901000,
        "weightedAverageShsOutDil": 190048000,
        "link": "https://www.sec.gov/Archives/edgar/data/899689/000089968916000079/0000899689-16-000079-index.htm",
        "finalLink": "https://www.sec.gov/Archives/edgar/data/899689/000089968916000079/vno3q201610q.htm"
    },
    {
        "date": "2016-06-30",
        "symbol": "VNO",
        "reportedCurrency": "USD",
        "cik": "0000899689",
        "fillingDate": "2016-08-01",
        "acceptedDate": "2016-08-01 16:18:53",
        "calendarYear": "2016",
        "period": "Q2",
        "revenue": 621708000,
        "costOfRevenue": 245138000,
        "grossProfit": 376570000,
        "grossProfitRatio": 0.6057023554,
        "researchAndDevelopmentExpenses": 0,
        "generalAndAdministrativeExpenses": 45564000,
        "sellingAndMarketingExpenses": 0,
        "sellingGeneralAndAdministrativeExpenses": 45564000,
        "otherExpenses": 1899000,
        "operatingExpenses": 186877000,
        "costAndExpenses": 432015000,
        "interestIncome": 2647000,
        "interestExpense": 97068000,
        "depreciationAndAmortization": 148893000,
        "ebitda": 333367000,
        "ebitdaratio": 0.5362115334,
        "operatingIncome": 186814000,
        "operatingIncomeRatio": 0.3004851152,
        "totalOtherIncomeExpensesNet": 81202000,
        "incomeBeforeTax": 268016000,
        "incomeBeforeTaxRatio": 0.4310962703,
        "incomeTaxExpense": 2109000,
        "netIncome": 240826000,
        "netIncomeRatio": 0.3873619127,
        "eps": 1.17,
        "epsdiluted": 1.16,
        "weightedAverageShsOut": 188772000,
        "weightedAverageShsOutDil": 189885000,
        "link": "https://www.sec.gov/Archives/edgar/data/899689/000089968916000068/0000899689-16-000068-index.htm",
        "finalLink": "https://www.sec.gov/Archives/edgar/data/899689/000089968916000068/vno2q201610q.htm"
    },
    {
        "date": "2016-03-31",
        "symbol": "VNO",
        "reportedCurrency": "USD",
        "cik": "0000899689",
        "fillingDate": "2016-05-02",
        "acceptedDate": "2016-05-02 16:19:52",
        "calendarYear": "2016",
        "period": "Q1",
        "revenue": 613037000,
        "costOfRevenue": 256349000,
        "grossProfit": 356688000,
        "grossProfitRatio": 0.5818376379,
        "researchAndDevelopmentExpenses": 0,
        "generalAndAdministrativeExpenses": 48704000,
        "sellingAndMarketingExpenses": 0,
        "sellingGeneralAndAdministrativeExpenses": 48704000,
        "otherExpenses": 1493000,
        "operatingExpenses": 191661000,
        "costAndExpenses": 448010000,
        "interestIncome": 2241000,
        "interestExpense": 91224000,
        "depreciationAndAmortization": 150648000,
        "ebitda": 152379000,
        "ebitdaratio": 0.248564116,
        "operatingIncome": -280000,
        "operatingIncomeRatio": -0.0004567424,
        "totalOtherIncomeExpensesNet": -89213000,
        "incomeBeforeTax": -89493000,
        "incomeBeforeTaxRatio": -0.145983032,
        "incomeTaxExpense": 2831000,
        "netIncome": -93799000,
        "netIncomeRatio": -0.1530070779,
        "eps": -0.5,
        "epsdiluted": -0.5,
        "weightedAverageShsOut": 188352459,
        "weightedAverageShsOutDil": 188658000,
        "link": "https://www.sec.gov/Archives/edgar/data/899689/000089968916000054/0000899689-16-000054-index.htm",
        "finalLink": "https://www.sec.gov/Archives/edgar/data/899689/000089968916000054/vno1q201610q.htm"
    },
    {
        "date": "2015-12-31",
        "symbol": "VNO",
        "reportedCurrency": "USD",
        "cik": "0000899689",
        "fillingDate": "2016-02-16",
        "acceptedDate": "2016-02-16 16:23:29",
        "calendarYear": "2015",
        "period": "Q4",
        "revenue": 651581000,
        "costOfRevenue": 257505000,
        "grossProfit": 394076000,
        "grossProfitRatio": 0.6047997102,
        "researchAndDevelopmentExpenses": 0,
        "generalAndAdministrativeExpenses": 41469000,
        "sellingAndMarketingExpenses": 0,
        "sellingGeneralAndAdministrativeExpenses": 41469000,
        "otherExpenses": 2448000,
        "operatingExpenses": 181422000,
        "costAndExpenses": 438927000,
        "interestIncome": 3706000,
        "interestExpense": 89571000,
        "depreciationAndAmortization": 145713000,
        "ebitda": 348808000,
        "ebitdaratio": 0.5353256157,
        "operatingIncome": 207703000,
        "operatingIncomeRatio": 0.3187677357,
        "totalOtherIncomeExpensesNet": 73407000,
        "incomeBeforeTax": 281110000,
        "incomeBeforeTaxRatio": 0.4314275585,
        "incomeTaxExpense": -450000,
        "netIncome": 251107000,
        "netIncomeRatio": 0.3853810961,
        "eps": 1.33,
        "epsdiluted": 1.33,
        "weightedAverageShsOut": 188539000,
        "weightedAverageShsOutDil": 188658000,
        "link": "https://www.sec.gov/Archives/edgar/data/899689/000089968916000046/0000899689-16-000046-index.htm",
        "finalLink": "https://www.sec.gov/Archives/edgar/data/899689/000089968916000046/vno2015form10k.htm"
    },
    {
        "date": "2015-09-30",
        "symbol": "VNO",
        "reportedCurrency": "USD",
        "cik": "0000899689",
        "fillingDate": "2015-11-02",
        "acceptedDate": "2015-11-02 16:34:18",
        "calendarYear": "2015",
        "period": "Q3",
        "revenue": 627596000,
        "costOfRevenue": 256561000,
        "grossProfit": 371035000,
        "grossProfitRatio": 0.5912003901,
        "researchAndDevelopmentExpenses": 0,
        "generalAndAdministrativeExpenses": 36157000,
        "sellingAndMarketingExpenses": 0,
        "sellingGeneralAndAdministrativeExpenses": 36157000,
        "otherExpenses": 1368000,
        "operatingExpenses": 178077000,
        "costAndExpenses": 434638000,
        "interestIncome": 2522000,
        "interestExpense": 87480000,
        "depreciationAndAmortization": 147552000,
        "ebitda": 334843000,
        "ebitdaratio": 0.5335327185,
        "operatingIncome": 191440000,
        "operatingIncomeRatio": 0.3050369983,
        "totalOtherIncomeExpensesNet": 12193000,
        "incomeBeforeTax": 203633000,
        "incomeBeforeTaxRatio": 0.3244651018,
        "incomeTaxExpense": 2856000,
        "netIncome": 219234000,
        "netIncomeRatio": 0.3493234501,
        "eps": 1.05,
        "epsdiluted": 1.05,
        "weightedAverageShsOut": 188504000,
        "weightedAverageShsOutDil": 189581000,
        "link": "https://www.sec.gov/Archives/edgar/data/899689/000089968915000037/0000899689-15-000037-index.htm",
        "finalLink": "https://www.sec.gov/Archives/edgar/data/899689/000089968915000037/vno3q201510q.htm"
    },
    {
        "date": "2015-06-30",
        "symbol": "VNO",
        "reportedCurrency": "USD",
        "cik": "0000899689",
        "fillingDate": "2015-08-03",
        "acceptedDate": "2015-08-03 16:21:45",
        "calendarYear": "2015",
        "period": "Q2",
        "revenue": 616288000,
        "costOfRevenue": 242690000,
        "grossProfit": 373598000,
        "grossProfitRatio": 0.6062068384,
        "researchAndDevelopmentExpenses": 0,
        "generalAndAdministrativeExpenses": 39189000,
        "sellingAndMarketingExpenses": 0,
        "sellingGeneralAndAdministrativeExpenses": 39189000,
        "otherExpenses": 1938000,
        "operatingExpenses": 176146000,
        "costAndExpenses": 418836000,
        "interestIncome": 3073000,
        "interestExpense": 84595000,
        "depreciationAndAmortization": 141830000,
        "ebitda": 329627000,
        "ebitdaratio": 0.5348587024,
        "operatingIncome": 193391000,
        "operatingIncomeRatio": 0.313799717,
        "totalOtherIncomeExpensesNet": -65699000,
        "incomeBeforeTax": 128102000,
        "incomeBeforeTaxRatio": 0.2078606106,
        "incomeTaxExpense": -88072000,
        "netIncome": 186016000,
        "netIncomeRatio": 0.3018329093,
        "eps": 0.88,
        "epsdiluted": 0.87,
        "weightedAverageShsOut": 188365000,
        "weightedAverageShsOutDil": 189600000,
        "link": "https://www.sec.gov/Archives/edgar/data/899689/000089968915000031/0000899689-15-000031-index.htm",
        "finalLink": "https://www.sec.gov/Archives/edgar/data/899689/000089968915000031/vno2q201510q.htm"
    },
    {
        "date": "2015-03-31",
        "symbol": "VNO",
        "reportedCurrency": "USD",
        "cik": "0000899689",
        "fillingDate": "2015-05-04",
        "acceptedDate": "2015-05-04 16:22:06",
        "calendarYear": "2015",
        "period": "Q1",
        "revenue": 606802000,
        "costOfRevenue": 254493000,
        "grossProfit": 352309000,
        "grossProfitRatio": 0.5805996025,
        "researchAndDevelopmentExpenses": 0,
        "generalAndAdministrativeExpenses": 58492000,
        "sellingAndMarketingExpenses": 0,
        "sellingGeneralAndAdministrativeExpenses": 58492000,
        "otherExpenses": 3056000,
        "operatingExpenses": 182614000,
        "costAndExpenses": 437107000,
        "interestIncome": 4730000,
        "interestExpense": 84218000,
        "depreciationAndAmortization": 131112000,
        "ebitda": 295676000,
        "ebitdaratio": 0.4872693234,
        "operatingIncome": 167714000,
        "operatingIncomeRatio": 0.2763899921,
        "totalOtherIncomeExpensesNet": -57676000,
        "incomeBeforeTax": 110376000,
        "incomeBeforeTaxRatio": 0.1818978843,
        "incomeTaxExpense": 971000,
        "netIncome": 104077000,
        "netIncomeRatio": 0.171517233,
        "eps": 0.45,
        "epsdiluted": 0.45,
        "weightedAverageShsOut": 187999000,
        "weightedAverageShsOutDil": 189336000,
        "link": "https://www.sec.gov/Archives/edgar/data/899689/000089968915000019/0000899689-15-000019-index.htm",
        "finalLink": "https://www.sec.gov/Archives/edgar/data/899689/000089968915000019/vno1q201510q.htm"
    },
    {
        "date": "2014-12-31",
        "symbol": "VNO",
        "reportedCurrency": "USD",
        "cik": "0000899689",
        "fillingDate": "2015-02-17",
        "acceptedDate": "2015-02-17 16:35:06",
        "calendarYear": "2014",
        "period": "Q4",
        "revenue": 638238000,
        "costOfRevenue": 262248000,
        "grossProfit": 375990000,
        "grossProfitRatio": 0.5891062582,
        "researchAndDevelopmentExpenses": 0,
        "generalAndAdministrativeExpenses": 44651000,
        "sellingAndMarketingExpenses": 0,
        "sellingGeneralAndAdministrativeExpenses": 44651000,
        "otherExpenses": 2833000,
        "operatingExpenses": 174013000,
        "costAndExpenses": 436261000,
        "interestIncome": 3229000,
        "interestExpense": 99410000,
        "depreciationAndAmortization": 159449000,
        "ebitda": 357258000,
        "ebitdaratio": 0.5597567052,
        "operatingIncome": 201558000,
        "operatingIncomeRatio": 0.3158038224,
        "totalOtherIncomeExpensesNet": -75971000,
        "incomeBeforeTax": 125587000,
        "incomeBeforeTaxRatio": 0.1967714238,
        "incomeTaxExpense": 2644000,
        "netIncome": 533603000,
        "netIncomeRatio": 0.8360564554,
        "eps": 0.65,
        "epsdiluted": 0.65,
        "weightedAverageShsOut": 187999000,
        "weightedAverageShsOutDil": 189336000,
        "link": "https://www.sec.gov/Archives/edgar/data/899689/000089968915000006/0000899689-15-000006-index.htm",
        "finalLink": "https://www.sec.gov/Archives/edgar/data/899689/000089968915000006/vno2014form10k.htm"
    },
    {
        "date": "2014-09-30",
        "symbol": "VNO",
        "reportedCurrency": "USD",
        "cik": "0000899689",
        "fillingDate": "2014-11-03",
        "acceptedDate": "2014-11-03 16:34:55",
        "calendarYear": "2014",
        "period": "Q3",
        "revenue": 670909000,
        "costOfRevenue": 268450000,
        "grossProfit": 402459000,
        "grossProfitRatio": 0.5998712195,
        "researchAndDevelopmentExpenses": 0,
        "generalAndAdministrativeExpenses": 44547000,
        "sellingAndMarketingExpenses": 0,
        "sellingGeneralAndAdministrativeExpenses": 44547000,
        "otherExpenses": 2646000,
        "operatingExpenses": 174755000,
        "costAndExpenses": 443205000,
        "interestIncome": 3050000,
        "interestExpense": 107828000,
        "depreciationAndAmortization": 135772000,
        "ebitda": 319414000,
        "ebitdaratio": 0.4760913924,
        "operatingIncome": 220599000,
        "operatingIncomeRatio": 0.3288061421,
        "totalOtherIncomeExpensesNet": -67896000,
        "incomeBeforeTax": 114243000,
        "incomeBeforeTaxRatio": 0.1702809174,
        "incomeTaxExpense": 3177000,
        "netIncome": 151524000,
        "netIncomeRatio": 0.2258488111,
        "eps": 0.7,
        "epsdiluted": 0.69,
        "weightedAverageShsOut": 187671000,
        "weightedAverageShsOutDil": 188812000,
        "link": "https://www.sec.gov/Archives/edgar/data/899689/000089968914000050/0000899689-14-000050-index.htm",
        "finalLink": "https://www.sec.gov/Archives/edgar/data/899689/000089968914000050/vno3q201410q.htm"
    },
    {
        "date": "2014-06-30",
        "symbol": "VNO",
        "reportedCurrency": "USD",
        "cik": "0000899689",
        "fillingDate": "2014-08-04",
        "acceptedDate": "2014-08-04 16:42:52",
        "calendarYear": "2014",
        "period": "Q2",
        "revenue": 666606000,
        "costOfRevenue": 261453000,
        "grossProfit": 405153000,
        "grossProfitRatio": 0.6077848084,
        "researchAndDevelopmentExpenses": 0,
        "generalAndAdministrativeExpenses": 44568000,
        "sellingAndMarketingExpenses": 0,
        "sellingGeneralAndAdministrativeExpenses": 44568000,
        "otherExpenses": 3121000,
        "operatingExpenses": 173593000,
        "costAndExpenses": 435046000,
        "interestIncome": 3857000,
        "interestExpense": 108924000,
        "depreciationAndAmortization": 134318000,
        "ebitda": 307866000,
        "ebitdaratio": 0.4618410275,
        "operatingIncome": 227477000,
        "operatingIncomeRatio": 0.3412465534,
        "totalOtherIncomeExpensesNet": -60343000,
        "incomeBeforeTax": 167134000,
        "incomeBeforeTaxRatio": 0.2507238159,
        "incomeTaxExpense": 3599000,
        "netIncome": 97008000,
        "netIncomeRatio": 0.1455252428,
        "eps": 0.41,
        "epsdiluted": 0.41,
        "weightedAverageShsOut": 187527000,
        "weightedAverageShsOutDil": 188617000,
        "link": "https://www.sec.gov/Archives/edgar/data/899689/000089968914000043/0000899689-14-000043-index.htm",
        "finalLink": "https://www.sec.gov/Archives/edgar/data/899689/000089968914000043/vno2q201410q.htm"
    },
    {
        "date": "2014-03-31",
        "symbol": "VNO",
        "reportedCurrency": "USD",
        "cik": "0000899689",
        "fillingDate": "2014-05-05",
        "acceptedDate": "2014-05-05 16:28:52",
        "calendarYear": "2014",
        "period": "Q1",
        "revenue": 660618000,
        "costOfRevenue": 273391000,
        "grossProfit": 387227000,
        "grossProfitRatio": 0.586158718,
        "researchAndDevelopmentExpenses": 0,
        "generalAndAdministrativeExpenses": 52158000,
        "sellingAndMarketingExpenses": 0,
        "sellingGeneralAndAdministrativeExpenses": 52158000,
        "otherExpenses": 2003000,
        "operatingExpenses": 199809000,
        "costAndExpenses": 473200000,
        "interestIncome": 4387000,
        "interestExpense": 104630000,
        "depreciationAndAmortization": 153869000,
        "ebitda": 336300000,
        "ebitdaratio": 0.5090687811,
        "operatingIncome": 165634000,
        "operatingIncomeRatio": 0.2507258355,
        "totalOtherIncomeExpensesNet": -54700000,
        "incomeBeforeTax": 97847000,
        "incomeBeforeTaxRatio": 0.1481143414,
        "incomeTaxExpense": 1582000,
        "netIncome": 82717000,
        "netIncomeRatio": 0.1252115443,
        "eps": 0.33,
        "epsdiluted": 0.33,
        "weightedAverageShsOut": 187307000,
        "weightedAverageShsOutDil": 188240000,
        "link": "https://www.sec.gov/Archives/edgar/data/899689/000089968914000028/0000899689-14-000028-index.htm",
        "finalLink": "https://www.sec.gov/Archives/edgar/data/899689/000089968914000028/vno1q1410q.htm"
    },
    {
        "date": "2013-12-31",
        "symbol": "VNO",
        "reportedCurrency": "USD",
        "cik": "0000899689",
        "fillingDate": "2014-02-24",
        "acceptedDate": "2014-02-24 16:35:59",
        "calendarYear": "2013",
        "period": "Q4",
        "revenue": 674531000,
        "costOfRevenue": 273312000,
        "grossProfit": 401219000,
        "grossProfitRatio": 0.5948118026,
        "researchAndDevelopmentExpenses": 2446000,
        "generalAndAdministrativeExpenses": 53945000,
        "sellingAndMarketingExpenses": 0,
        "sellingGeneralAndAdministrativeExpenses": 53945000,
        "otherExpenses": 1258000,
        "operatingExpenses": 184205000,
        "costAndExpenses": 457517000,
        "interestIncome": 5970000,
        "interestExpense": 109658000,
        "depreciationAndAmortization": 142749000,
        "ebitda": 175033000,
        "ebitdaratio": 0.2594884446,
        "operatingIncome": 166483000,
        "operatingIncomeRatio": 0.2468129708,
        "totalOtherIncomeExpensesNet": -340281000,
        "incomeBeforeTax": -185571000,
        "incomeBeforeTaxRatio": -0.2751111513,
        "incomeTaxExpense": -12578000,
        "netIncome": -48519000,
        "netIncomeRatio": -0.071929978,
        "eps": -0.26,
        "epsdiluted": -0.26,
        "weightedAverageShsOut": 187307000,
        "weightedAverageShsOutDil": 188240000,
        "link": "https://www.sec.gov/Archives/edgar/data/899689/000089968914000009/0000899689-14-000009-index.htm",
        "finalLink": "https://www.sec.gov/Archives/edgar/data/899689/000089968914000009/vno2013form10k.htm"
    },
    {
        "date": "2013-09-30",
        "symbol": "VNO",
        "reportedCurrency": "USD",
        "cik": "0000899689",
        "fillingDate": "2013-11-04",
        "acceptedDate": "2013-11-04 16:30:49",
        "calendarYear": "2013",
        "period": "Q3",
        "revenue": 683380000,
        "costOfRevenue": 267661000,
        "grossProfit": 415719000,
        "grossProfitRatio": 0.608327724,
        "researchAndDevelopmentExpenses": 3239000,
        "generalAndAdministrativeExpenses": 48250000,
        "sellingAndMarketingExpenses": 0,
        "sellingGeneralAndAdministrativeExpenses": 48250000,
        "otherExpenses": 1898000,
        "operatingExpenses": 172329000,
        "costAndExpenses": 439990000,
        "interestIncome": 6664000,
        "interestExpense": 114890000,
        "depreciationAndAmortization": 129606000,
        "ebitda": 354525000,
        "ebitdaratio": 0.5187816442,
        "operatingIncome": 240572000,
        "operatingIncomeRatio": 0.3520325441,
        "totalOtherIncomeExpensesNet": -124656000,
        "incomeBeforeTax": 115722000,
        "incomeBeforeTaxRatio": 0.1693377038,
        "incomeTaxExpense": 2222000,
        "netIncome": 103374000,
        "netIncomeRatio": 0.1512686938,
        "eps": 0.44,
        "epsdiluted": 0.44,
        "weightedAverageShsOut": 186969000,
        "weightedAverageShsOutDil": 187724000,
        "link": "https://www.sec.gov/Archives/edgar/data/899689/000089968913000037/0000899689-13-000037-index.htm",
        "finalLink": "https://www.sec.gov/Archives/edgar/data/899689/000089968913000037/vno3q2013.htm"
    },
    {
        "date": "2013-06-30",
        "symbol": "VNO",
        "reportedCurrency": "USD",
        "cik": "0000899689",
        "fillingDate": "2013-08-05",
        "acceptedDate": "2013-08-05 16:43:06",
        "calendarYear": "2013",
        "period": "Q2",
        "revenue": 685858000,
        "costOfRevenue": 276231000,
        "grossProfit": 409627000,
        "grossProfitRatio": 0.5972475352,
        "researchAndDevelopmentExpenses": 15151000,
        "generalAndAdministrativeExpenses": 54323000,
        "sellingAndMarketingExpenses": 0,
        "sellingGeneralAndAdministrativeExpenses": 54323000,
        "otherExpenses": 1882000,
        "operatingExpenses": 189809000,
        "costAndExpenses": 466040000,
        "interestIncome": 6822000,
        "interestExpense": 116929000,
        "depreciationAndAmortization": 140725000,
        "ebitda": 327143000,
        "ebitdaratio": 0.4769835739,
        "operatingIncome": 216468000,
        "operatingIncomeRatio": 0.3156163521,
        "totalOtherIncomeExpensesNet": -100562000,
        "incomeBeforeTax": 121208000,
        "incomeBeforeTaxRatio": 0.1767246281,
        "incomeTaxExpense": 2877000,
        "netIncome": 158194000,
        "netIncomeRatio": 0.2306512427,
        "eps": 0.78,
        "epsdiluted": 0.78,
        "weightedAverageShsOut": 186931000,
        "weightedAverageShsOutDil": 187720000,
        "link": "https://www.sec.gov/Archives/edgar/data/899689/000089968913000027/0000899689-13-000027-index.htm",
        "finalLink": "https://www.sec.gov/Archives/edgar/data/899689/000089968913000027/vno2q2013.htm"
    },
    {
        "date": "2013-03-31",
        "symbol": "VNO",
        "reportedCurrency": "USD",
        "cik": "0000899689",
        "fillingDate": "2013-05-06",
        "acceptedDate": "2013-05-06 16:50:24",
        "calendarYear": "2013",
        "period": "Q1",
        "revenue": 721016000,
        "costOfRevenue": 271943000,
        "grossProfit": 449073000,
        "grossProfitRatio": 0.6228336126,
        "researchAndDevelopmentExpenses": 11374000,
        "generalAndAdministrativeExpenses": 54582000,
        "sellingAndMarketingExpenses": 0,
        "sellingGeneralAndAdministrativeExpenses": 54582000,
        "otherExpenses": 1660000,
        "operatingExpenses": 196936000,
        "costAndExpenses": 468879000,
        "interestIncome": 6737000,
        "interestExpense": 116466000,
        "depreciationAndAmortization": 148918000,
        "ebitda": 424895000,
        "ebitdaratio": 0.5893003761,
        "operatingIncome": 251536000,
        "operatingIncomeRatio": 0.3488632707,
        "totalOtherIncomeExpensesNet": -168298000,
        "incomeBeforeTax": 82939000,
        "incomeBeforeTaxRatio": 0.1150307344,
        "incomeTaxExpense": 1073000,
        "netIncome": 262922000,
        "netIncomeRatio": 0.3646548759,
        "eps": 1.24,
        "epsdiluted": 1.24,
        "weightedAverageShsOut": 186752000,
        "weightedAverageShsOutDil": 187529000,
        "link": "https://www.sec.gov/Archives/edgar/data/899689/000089968913000015/0000899689-13-000015-index.htm",
        "finalLink": "https://www.sec.gov/Archives/edgar/data/899689/000089968913000015/vno1q2013.htm"
    },
    {
        "date": "2012-12-31",
        "symbol": "VNO",
        "reportedCurrency": "USD",
        "cik": "0000899689",
        "fillingDate": "2013-02-26",
        "acceptedDate": "2013-02-26 16:44:13",
        "calendarYear": "2012",
        "period": "Q4",
        "revenue": 687970000,
        "costOfRevenue": 307193000,
        "grossProfit": 380777000,
        "grossProfitRatio": 0.5534790761,
        "researchAndDevelopmentExpenses": 0,
        "generalAndAdministrativeExpenses": 50752000,
        "sellingAndMarketingExpenses": 0,
        "sellingGeneralAndAdministrativeExpenses": 50752000,
        "otherExpenses": 2026000,
        "operatingExpenses": 181589000,
        "costAndExpenses": 488782000,
        "interestIncome": 7020000,
        "interestExpense": 115870000,
        "depreciationAndAmortization": 138881000,
        "ebitda": 292539000,
        "ebitdaratio": 0.4252205765,
        "operatingIncome": 82716000,
        "operatingIncomeRatio": 0.1202319869,
        "totalOtherIncomeExpensesNet": -44928000,
        "incomeBeforeTax": 37788000,
        "incomeBeforeTaxRatio": 0.0549268137,
        "incomeTaxExpense": -9187000,
        "netIncome": 86135000,
        "netIncomeRatio": 0.1252016803,
        "eps": 0.25,
        "epsdiluted": 0.25,
        "weightedAverageShsOut": 186752000,
        "weightedAverageShsOutDil": 187529000,
        "link": "https://www.sec.gov/Archives/edgar/data/899689/000089968913000004/0000899689-13-000004-index.htm",
        "finalLink": "https://www.sec.gov/Archives/edgar/data/899689/000089968913000004/vno2012form10k420pm.htm"
    },
    {
        "date": "2012-09-30",
        "symbol": "VNO",
        "reportedCurrency": "USD",
        "cik": "0000899689",
        "fillingDate": "2012-11-01",
        "acceptedDate": "2012-11-01 16:26:54",
        "calendarYear": "2012",
        "period": "Q3",
        "revenue": 710977000,
        "costOfRevenue": 334918000,
        "grossProfit": 376059000,
        "grossProfitRatio": 0.5289327222,
        "researchAndDevelopmentExpenses": 0,
        "generalAndAdministrativeExpenses": 48742000,
        "sellingAndMarketingExpenses": 0,
        "sellingGeneralAndAdministrativeExpenses": 48742000,
        "otherExpenses": 2211000,
        "operatingExpenses": 173077000,
        "costAndExpenses": 507995000,
        "interestIncome": 5063000,
        "interestExpense": 115045000,
        "depreciationAndAmortization": 133390000,
        "ebitda": 355824000,
        "ebitdaratio": 0.5004718859,
        "operatingIncome": 201912000,
        "operatingIncomeRatio": 0.2839923092,
        "totalOtherIncomeExpensesNet": -93185000,
        "incomeBeforeTax": 109857000,
        "incomeBeforeTaxRatio": 0.1545155469,
        "incomeTaxExpense": 3015000,
        "netIncome": 241306000,
        "netIncomeRatio": 0.3394005713,
        "eps": 1.25,
        "epsdiluted": 1.24,
        "weightedAverageShsOut": 185924000,
        "weightedAverageShsOutDil": 186655000,
        "link": "https://www.sec.gov/Archives/edgar/data/899689/000089968912000020/0000899689-12-000020-index.htm",
        "finalLink": "https://www.sec.gov/Archives/edgar/data/899689/000089968912000020/vrt3q20121.htm"
    },
    {
        "date": "2012-06-30",
        "symbol": "VNO",
        "reportedCurrency": "USD",
        "cik": "0000899689",
        "fillingDate": "2012-08-06",
        "acceptedDate": "2012-08-06 17:12:43",
        "calendarYear": "2012",
        "period": "Q2",
        "revenue": 700591000,
        "costOfRevenue": 305905000,
        "grossProfit": 394686000,
        "grossProfitRatio": 0.5633615048,
        "researchAndDevelopmentExpenses": 0,
        "generalAndAdministrativeExpenses": 46834000,
        "sellingAndMarketingExpenses": 0,
        "sellingGeneralAndAdministrativeExpenses": 46834000,
        "otherExpenses": 1525000,
        "operatingExpenses": 179363000,
        "costAndExpenses": 485268000,
        "interestIncome": 4690000,
        "interestExpense": 122572000,
        "depreciationAndAmortization": 140313000,
        "ebitda": 347844000,
        "ebitdaratio": 0.4965008115,
        "operatingIncome": 212764000,
        "operatingIncomeRatio": 0.3036921685,
        "totalOtherIncomeExpensesNet": -164926000,
        "incomeBeforeTax": 53695000,
        "incomeBeforeTaxRatio": 0.0766424347,
        "incomeTaxExpense": 7479000,
        "netIncome": 38297000,
        "netIncomeRatio": 0.0546638481,
        "eps": 0.11,
        "epsdiluted": 0.11,
        "weightedAverageShsOut": 185673000,
        "weightedAverageShsOutDil": 186342000,
        "link": "https://www.sec.gov/Archives/edgar/data/899689/000104076512000020/0001040765-12-000020-index.htm",
        "finalLink": "https://www.sec.gov/Archives/edgar/data/899689/000104076512000020/vrt2q2012.htm"
    },
    {
        "date": "2012-03-31",
        "symbol": "VNO",
        "reportedCurrency": "USD",
        "cik": "0000899689",
        "fillingDate": "2012-05-07",
        "acceptedDate": "2012-05-07 16:35:17",
        "calendarYear": "2012",
        "period": "Q1",
        "revenue": 727466000,
        "costOfRevenue": 329587000,
        "grossProfit": 397879000,
        "grossProfitRatio": 0.5469382762,
        "researchAndDevelopmentExpenses": 0,
        "generalAndAdministrativeExpenses": 55890000,
        "sellingAndMarketingExpenses": 0,
        "sellingGeneralAndAdministrativeExpenses": 55890000,
        "otherExpenses": 1411000,
        "operatingExpenses": 195327000,
        "costAndExpenses": 524914000,
        "interestIncome": 4262000,
        "interestExpense": 129302000,
        "depreciationAndAmortization": 145304000,
        "ebitda": 485652000,
        "ebitdaratio": 0.6675940869,
        "operatingIncome": 201867000,
        "operatingIncomeRatio": 0.2774933811,
        "totalOtherIncomeExpensesNet": 28778000,
        "incomeBeforeTax": 230645000,
        "incomeBeforeTaxRatio": 0.3170526183,
        "incomeTaxExpense": 7096000,
        "netIncome": 251522000,
        "netIncomeRatio": 0.3457508667,
        "eps": 1.26,
        "epsdiluted": 1.25,
        "weightedAverageShsOut": 185370000,
        "weightedAverageShsOutDil": 191886000,
        "link": "https://www.sec.gov/Archives/edgar/data/899689/000089968912000013/0000899689-12-000013-index.htm",
        "finalLink": "https://www.sec.gov/Archives/edgar/data/899689/000089968912000013/vno10q1q2012.htm"
    },
    {
        "date": "2011-12-31",
        "symbol": "VNO",
        "reportedCurrency": "USD",
        "cik": "0000899689",
        "fillingDate": "2012-02-27",
        "acceptedDate": "2012-02-27 16:53:28",
        "calendarYear": "2011",
        "period": "Q4",
        "revenue": 741815000,
        "costOfRevenue": 294518000,
        "grossProfit": 447297000,
        "grossProfitRatio": 0.6029764834,
        "researchAndDevelopmentExpenses": 0,
        "generalAndAdministrativeExpenses": 54415000,
        "sellingAndMarketingExpenses": 0,
        "sellingGeneralAndAdministrativeExpenses": 54415000,
        "otherExpenses": 1929000,
        "operatingExpenses": 214380000,
        "costAndExpenses": 508898000,
        "interestIncome": 6783000,
        "interestExpense": 129450000,
        "depreciationAndAmortization": 165998000,
        "ebitda": 398574000,
        "ebitdaratio": 0.5372956869,
        "operatingIncome": 197073000,
        "operatingIncomeRatio": 0.2656632718,
        "totalOtherIncomeExpensesNet": -93947000,
        "incomeBeforeTax": 103126000,
        "incomeBeforeTaxRatio": 0.1390184884,
        "incomeTaxExpense": 5379000,
        "netIncome": 87296000,
        "netIncomeRatio": 0.1176789361,
        "eps": 0.47,
        "epsdiluted": 0.45,
        "weightedAverageShsOut": 185370000,
        "weightedAverageShsOutDil": 191886000,
        "link": "https://www.sec.gov/Archives/edgar/data/899689/000089968912000004/0000899689-12-000004-index.htm",
        "finalLink": "https://www.sec.gov/Archives/edgar/data/899689/000089968912000004/vno2011form10k.htm"
    },
    {
        "date": "2011-09-30",
        "symbol": "VNO",
        "reportedCurrency": "USD",
        "cik": "0000899689",
        "fillingDate": "2011-11-03",
        "acceptedDate": "2011-11-03 16:48:32",
        "calendarYear": "2011",
        "period": "Q3",
        "revenue": 727343000,
        "costOfRevenue": 319078000,
        "grossProfit": 408265000,
        "grossProfitRatio": 0.5613101384,
        "researchAndDevelopmentExpenses": 0,
        "generalAndAdministrativeExpenses": 46452000,
        "sellingAndMarketingExpenses": 0,
        "sellingGeneralAndAdministrativeExpenses": 46452000,
        "otherExpenses": 1739000,
        "operatingExpenses": 180526000,
        "costAndExpenses": 499604000,
        "interestIncome": 5181000,
        "interestExpense": 131844000,
        "depreciationAndAmortization": 141012000,
        "ebitda": 373352000,
        "ebitdaratio": 0.5133094015,
        "operatingIncome": 225451000,
        "operatingIncomeRatio": 0.3099651746,
        "totalOtherIncomeExpensesNet": -151522000,
        "incomeBeforeTax": 69684000,
        "incomeBeforeTaxRatio": 0.0958062427,
        "incomeTaxExpense": 7144000,
        "netIncome": 53762000,
        "netIncomeRatio": 0.0739156079,
        "eps": 0.22,
        "epsdiluted": 0.22,
        "weightedAverageShsOut": 184398000,
        "weightedAverageShsOutDil": 186065000,
        "link": "https://www.sec.gov/Archives/edgar/data/899689/000089968911000042/0000899689-11-000042-index.htm",
        "finalLink": "https://www.sec.gov/Archives/edgar/data/899689/000089968911000042/vrt3q2011.htm"
    },
    {
        "date": "2011-06-30",
        "symbol": "VNO",
        "reportedCurrency": "USD",
        "cik": "0000899689",
        "fillingDate": "2011-08-01",
        "acceptedDate": "2011-08-01 16:09:44",
        "calendarYear": "2011",
        "period": "Q2",
        "revenue": 730151000,
        "costOfRevenue": 303092000,
        "grossProfit": 427059000,
        "grossProfitRatio": 0.5848913444,
        "researchAndDevelopmentExpenses": 0,
        "generalAndAdministrativeExpenses": 50251000,
        "sellingAndMarketingExpenses": 0,
        "sellingGeneralAndAdministrativeExpenses": 50251000,
        "otherExpenses": 2224000,
        "operatingExpenses": 182149000,
        "costAndExpenses": 485241000,
        "interestIncome": 5307000,
        "interestExpense": 131967000,
        "depreciationAndAmortization": 137120000,
        "ebitda": 393531000,
        "ebitdaratio": 0.5389720756,
        "operatingIncome": 243013000,
        "operatingIncomeRatio": 0.3328256758,
        "totalOtherIncomeExpensesNet": -106580000,
        "incomeBeforeTax": 136433000,
        "incomeBeforeTaxRatio": 0.1868558695,
        "incomeTaxExpense": 5922000,
        "netIncome": 108581000,
        "netIncomeRatio": 0.1487103353,
        "eps": 0.5,
        "epsdiluted": 0.49,
        "weightedAverageShsOut": 184268000,
        "weightedAverageShsOutDil": 186144000,
        "link": "https://www.sec.gov/Archives/edgar/data/899689/000089968911000030/0000899689-11-000030-index.htm",
        "finalLink": "https://www.sec.gov/Archives/edgar/data/899689/000089968911000030/vrt2q2011.htm"
    },
    {
        "date": "2011-03-31",
        "symbol": "VNO",
        "reportedCurrency": "USD",
        "cik": "0000899689",
        "fillingDate": "2011-05-03",
        "acceptedDate": "2011-05-03 08:25:07",
        "calendarYear": "2011",
        "period": "Q1",
        "revenue": 737111000,
        "costOfRevenue": 329051000,
        "grossProfit": 408060000,
        "grossProfitRatio": 0.5535936921,
        "researchAndDevelopmentExpenses": 0,
        "generalAndAdministrativeExpenses": 59003000,
        "sellingAndMarketingExpenses": 0,
        "sellingGeneralAndAdministrativeExpenses": 59003000,
        "otherExpenses": 1938000,
        "operatingExpenses": 191230000,
        "costAndExpenses": 520281000,
        "interestIncome": 4582000,
        "interestExpense": 130132000,
        "depreciationAndAmortization": 136860000,
        "ebitda": 581514000,
        "ebitdaratio": 0.7889096757,
        "operatingIncome": 198560000,
        "operatingIncomeRatio": 0.2693759827,
        "totalOtherIncomeExpensesNet": 122694000,
        "incomeBeforeTax": 317888000,
        "incomeBeforeTaxRatio": 0.4312620487,
        "incomeTaxExpense": 6382000,
        "netIncome": 412663000,
        "netIncomeRatio": 0.5598383419,
        "eps": 2.17,
        "epsdiluted": 2.12,
        "weightedAverageShsOut": 183988000,
        "weightedAverageShsOutDil": 191529000,
        "link": "https://www.sec.gov/Archives/edgar/data/899689/000089968911000016/0000899689-11-000016-index.htm",
        "finalLink": "https://www.sec.gov/Archives/edgar/data/899689/000089968911000016/vrt1q2011.htm"
    },
    {
        "date": "2010-12-31",
        "symbol": "VNO",
        "reportedCurrency": "USD",
        "cik": "0000899689",
        "fillingDate": "2011-03-30",
        "acceptedDate": "2011-03-30 15:51:17",
        "calendarYear": "2010",
        "period": "Q4",
        "revenue": 680259000,
        "costOfRevenue": 270950000,
        "grossProfit": 409309000,
        "grossProfitRatio": 0.6016958247,
        "researchAndDevelopmentExpenses": 0,
        "generalAndAdministrativeExpenses": 59356000,
        "sellingAndMarketingExpenses": 0,
        "sellingGeneralAndAdministrativeExpenses": 59356000,
        "otherExpenses": 1747000,
        "operatingExpenses": 184216000,
        "costAndExpenses": 455166000,
        "interestIncome": 4406000,
        "interestExpense": 107017000,
        "depreciationAndAmortization": 136674000,
        "ebitda": 339753000,
        "ebitdaratio": 0.4994465343,
        "operatingIncome": 113542000,
        "operatingIncomeRatio": 0.1669099564,
        "totalOtherIncomeExpensesNet": 195407000,
        "incomeBeforeTax": 308949000,
        "incomeBeforeTaxRatio": 0.4541637817,
        "incomeTaxExpense": 6425000,
        "netIncome": 256973000,
        "netIncomeRatio": 0.3777575894,
        "eps": 1.4,
        "epsdiluted": 1.34,
        "weightedAverageShsOut": 183988000,
        "weightedAverageShsOutDil": 191529000,
        "link": "https://www.sec.gov/Archives/edgar/data/899689/000089968911000009/0000899689-11-000009-index.htm",
        "finalLink": "https://www.sec.gov/Archives/edgar/data/899689/000089968911000009/vrt10ka2010.htm"
    },
    {
        "date": "2010-09-30",
        "symbol": "VNO",
        "reportedCurrency": "USD",
        "cik": "0000899689",
        "fillingDate": "2010-11-02",
        "acceptedDate": "2010-11-02 08:33:44",
        "calendarYear": "2010",
        "period": "Q3",
        "revenue": 707032000,
        "costOfRevenue": 281548000,
        "grossProfit": 425484000,
        "grossProfitRatio": 0.6017888865,
        "researchAndDevelopmentExpenses": 0,
        "generalAndAdministrativeExpenses": 56557000,
        "sellingAndMarketingExpenses": 0,
        "sellingGeneralAndAdministrativeExpenses": 56557000,
        "otherExpenses": 2131000,
        "operatingExpenses": 191312000,
        "costAndExpenses": 472860000,
        "interestIncome": 4751000,
        "interestExpense": 147157000,
        "depreciationAndAmortization": 139580000,
        "ebitda": 368749000,
        "ebitdaratio": 0.5215449937,
        "operatingIncome": 228251000,
        "operatingIncomeRatio": 0.3228298012,
        "totalOtherIncomeExpensesNet": -100080000,
        "incomeBeforeTax": 121630000,
        "incomeBeforeTaxRatio": 0.1720289888,
        "incomeTaxExpense": 5498000,
        "netIncome": 104252000,
        "netIncomeRatio": 0.1474501861,
        "eps": 0.52,
        "epsdiluted": 0.52,
        "weightedAverageShsOut": 182462000,
        "weightedAverageShsOutDil": 184168000,
        "link": "https://www.sec.gov/Archives/edgar/data/899689/000089968910000045/0000899689-10-000045-index.htm",
        "finalLink": "https://www.sec.gov/Archives/edgar/data/899689/000089968910000045/vrt10q3q2010.htm"
    },
    {
        "date": "2010-06-30",
        "symbol": "VNO",
        "reportedCurrency": "USD",
        "cik": "0000899689",
        "fillingDate": "2010-08-03",
        "acceptedDate": "2010-08-03 08:28:44",
        "calendarYear": "2010",
        "period": "Q2",
        "revenue": 696105000,
        "costOfRevenue": 267925000,
        "grossProfit": 428180000,
        "grossProfitRatio": 0.6151083529,
        "researchAndDevelopmentExpenses": 0,
        "generalAndAdministrativeExpenses": 49582000,
        "sellingAndMarketingExpenses": 0,
        "sellingGeneralAndAdministrativeExpenses": 49582000,
        "otherExpenses": 2060000,
        "operatingExpenses": 184847000,
        "costAndExpenses": 452772000,
        "interestIncome": 4385000,
        "interestExpense": 152244000,
        "depreciationAndAmortization": 139808000,
        "ebitda": 363325000,
        "ebitdaratio": 0.5219399372,
        "operatingIncome": 241403000,
        "operatingIncomeRatio": 0.3467910732,
        "totalOtherIncomeExpensesNet": -151541000,
        "incomeBeforeTax": 82150000,
        "incomeBeforeTaxRatio": 0.1180138054,
        "incomeTaxExpense": 4939000,
        "netIncome": 72106000,
        "netIncomeRatio": 0.1035849477,
        "eps": 0.32,
        "epsdiluted": 0.31,
        "weightedAverageShsOut": 182027000,
        "weightedAverageShsOutDil": 183644000,
        "link": "https://www.sec.gov/Archives/edgar/data/899689/000089968910000028/0000899689-10-000028-index.htm",
        "finalLink": "https://www.sec.gov/Archives/edgar/data/899689/000089968910000028/vrt10q63010.htm"
    },
    {
        "date": "2010-03-31",
        "symbol": "VNO",
        "reportedCurrency": "USD",
        "cik": "0000899689",
        "fillingDate": "2010-05-04",
        "acceptedDate": "2010-05-04 08:29:43",
        "calendarYear": "2010",
        "period": "Q1",
        "revenue": 696331000,
        "costOfRevenue": 279055000,
        "grossProfit": 417276000,
        "grossProfitRatio": 0.5992494949,
        "researchAndDevelopmentExpenses": 0,
        "generalAndAdministrativeExpenses": 48730000,
        "sellingAndMarketingExpenses": 0,
        "sellingGeneralAndAdministrativeExpenses": 48730000,
        "otherExpenses": 1985000,
        "operatingExpenses": 184554000,
        "costAndExpenses": 463609000,
        "interestIncome": 4700000,
        "interestExpense": 135309000,
        "depreciationAndAmortization": 140250000,
        "ebitda": 519245000,
        "ebitdaratio": 0.7456870368,
        "operatingIncome": 222666000,
        "operatingIncomeRatio": 0.3197703391,
        "totalOtherIncomeExpensesNet": 9960000,
        "incomeBeforeTax": 238158000,
        "incomeBeforeTaxRatio": 0.3420183792,
        "incomeTaxExpense": 5614000,
        "netIncome": 214552000,
        "netIncomeRatio": 0.3081178348,
        "eps": 1.1,
        "epsdiluted": 1.09,
        "weightedAverageShsOut": 181542000,
        "weightedAverageShsOutDil": 183445000,
        "link": "https://www.sec.gov/Archives/edgar/data/899689/000089968910000020/0000899689-10-000020-index.htm",
        "finalLink": "https://www.sec.gov/Archives/edgar/data/899689/000089968910000020/q10vrt10q.htm"
    },
    {
        "date": "2009-12-31",
        "symbol": "VNO",
        "reportedCurrency": "USD",
        "cik": "0000899689",
        "fillingDate": "2010-02-23",
        "acceptedDate": "2010-02-23 08:44:20",
        "calendarYear": "2009",
        "period": "Q4",
        "revenue": 719003000,
        "costOfRevenue": 273224000,
        "grossProfit": 445779000,
        "grossProfitRatio": 0.6199960223,
        "researchAndDevelopmentExpenses": 0,
        "generalAndAdministrativeExpenses": 51307000,
        "sellingAndMarketingExpenses": 0,
        "sellingGeneralAndAdministrativeExpenses": 51307000,
        "otherExpenses": -26533000,
        "operatingExpenses": 191965000,
        "costAndExpenses": 465189000,
        "interestIncome": 101639000,
        "interestExpense": 90678000,
        "depreciationAndAmortization": 145356000,
        "ebitda": 393129000,
        "ebitdaratio": 0.546769624,
        "operatingIncome": 165991000,
        "operatingIncomeRatio": 0.2308627363,
        "totalOtherIncomeExpensesNet": -203502000,
        "incomeBeforeTax": -141115000,
        "incomeBeforeTaxRatio": -0.1962648278,
        "incomeTaxExpense": 4964000,
        "netIncome": -136923000,
        "netIncomeRatio": -0.1904345323,
        "eps": -0.75,
        "epsdiluted": -0.75,
        "weightedAverageShsOut": 181542000,
        "weightedAverageShsOutDil": 183445000,
        "link": "https://www.sec.gov/Archives/edgar/data/899689/000089968910000004/0000899689-10-000004-index.htm",
        "finalLink": "https://www.sec.gov/Archives/edgar/data/899689/000089968910000004/vrt10k2009.htm"
    },
    {
        "date": "2009-09-30",
        "symbol": "VNO",
        "reportedCurrency": "USD",
        "cik": "0000899689",
        "fillingDate": "2009-11-03",
        "acceptedDate": "2009-11-03 08:35:40",
        "calendarYear": "2009",
        "period": "Q3",
        "revenue": 671219000,
        "costOfRevenue": 265952000,
        "grossProfit": 405267000,
        "grossProfitRatio": 0.6037776046,
        "researchAndDevelopmentExpenses": 0,
        "generalAndAdministrativeExpenses": 51684000,
        "sellingAndMarketingExpenses": 0,
        "sellingGeneralAndAdministrativeExpenses": 51684000,
        "otherExpenses": -3407000,
        "operatingExpenses": 182187000,
        "costAndExpenses": 448139000,
        "interestIncome": 20486000,
        "interestExpense": 133369000,
        "depreciationAndAmortization": 135891000,
        "ebitda": 407536000,
        "ebitdaratio": 0.6071580215,
        "operatingIncome": 223080000,
        "operatingIncomeRatio": 0.3323505443,
        "totalOtherIncomeExpensesNet": -105290000,
        "incomeBeforeTax": 117790000,
        "incomeBeforeTaxRatio": 0.1754866891,
        "incomeTaxExpense": 5267000,
        "netIncome": 140617000,
        "netIncomeRatio": 0.2094949636,
        "eps": 0.71,
        "epsdiluted": 0.7,
        "weightedAverageShsOut": 178689000,
        "weightedAverageShsOutDil": 180977000,
        "link": "https://www.sec.gov/Archives/edgar/data/899689/000089968909000040/0000899689-09-000040-index.htm",
        "finalLink": "https://www.sec.gov/Archives/edgar/data/899689/000089968909000040/vrt_10-q.htm"
    },
    {
        "date": "2009-06-30",
        "symbol": "VNO",
        "reportedCurrency": "USD",
        "cik": "0000899689",
        "fillingDate": "2009-08-21",
        "acceptedDate": "2009-08-21 17:11:23",
        "calendarYear": "2009",
        "period": "Q2",
        "revenue": 678385000,
        "costOfRevenue": 270297000,
        "grossProfit": 408088000,
        "grossProfitRatio": 0.6015581123,
        "researchAndDevelopmentExpenses": 0,
        "generalAndAdministrativeExpenses": 49632000,
        "sellingAndMarketingExpenses": 0,
        "sellingGeneralAndAdministrativeExpenses": 49632000,
        "otherExpenses": -24298000,
        "operatingExpenses": 186949000,
        "costAndExpenses": 457246000,
        "interestIncome": 12280000,
        "interestExpense": 252918000,
        "depreciationAndAmortization": 141628000,
        "ebitda": 341944000,
        "ebitdaratio": 0.5040559564,
        "operatingIncome": 221139000,
        "operatingIncomeRatio": 0.325978611,
        "totalOtherIncomeExpensesNet": -259420000,
        "incomeBeforeTax": -34918000,
        "incomeBeforeTaxRatio": -0.0514722466,
        "incomeTaxExpense": 5457000,
        "netIncome": -37635000,
        "netIncomeRatio": -0.0554773469,
        "eps": -0.22,
        "epsdiluted": -0.22,
        "weightedAverageShsOut": 171530000,
        "weightedAverageShsOutDil": 171530000,
        "link": "https://www.sec.gov/Archives/edgar/data/899689/000089968909000034/0000899689-09-000034-index.htm",
        "finalLink": "https://www.sec.gov/Archives/edgar/data/899689/000089968909000034/vrt-10qa.htm"
    },
    {
        "date": "2009-03-31",
        "symbol": "VNO",
        "reportedCurrency": "USD",
        "cik": "0000899689",
        "fillingDate": "2009-05-05",
        "acceptedDate": "2009-05-05 09:23:48",
        "calendarYear": "2009",
        "period": "Q1",
        "revenue": 682014000,
        "costOfRevenue": 279376000,
        "grossProfit": 402638000,
        "grossProfitRatio": 0.5903661802,
        "researchAndDevelopmentExpenses": 0,
        "generalAndAdministrativeExpenses": 79069000,
        "sellingAndMarketingExpenses": 0,
        "sellingGeneralAndAdministrativeExpenses": 79069000,
        "otherExpenses": 132119000,
        "operatingExpenses": 211188000,
        "costAndExpenses": 490564000,
        "interestIncome": 14059000,
        "interestExpense": 133648000,
        "depreciationAndAmortization": 136178000,
        "ebitda": 448777000,
        "ebitdaratio": 0.6580172841,
        "operatingIncome": 191450000,
        "operatingIncomeRatio": 0.2807127126,
        "totalOtherIncomeExpensesNet": -32562000,
        "incomeBeforeTax": 161480000,
        "incomeBeforeTaxRatio": 0.2367693332,
        "incomeTaxExpense": 5049000,
        "netIncome": 140110000,
        "netIncomeRatio": 0.2054356655,
        "eps": 0.81,
        "epsdiluted": 0.8,
        "weightedAverageShsOut": 155991000,
        "weightedAverageShsOutDil": 157103000,
        "link": "https://www.sec.gov/Archives/edgar/data/899689/000089968909000024/0000899689-09-000024-index.htm",
        "finalLink": "https://www.sec.gov/Archives/edgar/data/899689/000089968909000024/vrt_10-q.htm"
    },
    {
        "date": "2008-12-31",
        "symbol": "VNO",
        "reportedCurrency": "USD",
        "cik": "0000899689",
        "fillingDate": "2009-02-24",
        "acceptedDate": "2009-02-24 08:35:48",
        "calendarYear": "2008",
        "period": "Q4",
        "revenue": 696259000,
        "costOfRevenue": 276207000,
        "grossProfit": 420052000,
        "grossProfitRatio": 0.6032984852,
        "researchAndDevelopmentExpenses": 0,
        "generalAndAdministrativeExpenses": 44862000,
        "sellingAndMarketingExpenses": 0,
        "sellingGeneralAndAdministrativeExpenses": 44862000,
        "otherExpenses": 139164000,
        "operatingExpenses": 184026000,
        "costAndExpenses": 460233000,
        "interestIncome": -4326000,
        "interestExpense": 185715000,
        "depreciationAndAmortization": 139771000,
        "ebitda": -1177387000,
        "ebitdaratio": -1.6910187157,
        "operatingIncome": 162588000,
        "operatingIncomeRatio": 0.2335165506,
        "totalOtherIncomeExpensesNet": -375850000,
        "incomeBeforeTax": -213262000,
        "incomeBeforeTaxRatio": -0.3062969384,
        "incomeTaxExpense": 2633000,
        "netIncome": -202515000,
        "netIncomeRatio": -0.2908615903,
        "eps": -1.26,
        "epsdiluted": -1.25,
        "weightedAverageShsOut": 161310777,
        "weightedAverageShsOutDil": 162440757,
        "link": "https://www.sec.gov/Archives/edgar/data/899689/000089968909000005/0000899689-09-000005-index.htm",
        "finalLink": "https://www.sec.gov/Archives/edgar/data/899689/000089968909000005/vno_10k-020409.htm"
    },
    {
        "date": "2008-09-30",
        "symbol": "VNO",
        "reportedCurrency": "USD",
        "cik": "0000899689",
        "fillingDate": "2008-11-04",
        "acceptedDate": "2008-11-04 08:30:54",
        "calendarYear": "2008",
        "period": "Q3",
        "revenue": 677145000,
        "costOfRevenue": 276302000,
        "grossProfit": 400843000,
        "grossProfitRatio": 0.591960363,
        "researchAndDevelopmentExpenses": 0,
        "generalAndAdministrativeExpenses": 49495000,
        "sellingAndMarketingExpenses": 0,
        "sellingGeneralAndAdministrativeExpenses": 49495000,
        "otherExpenses": 136705000,
        "operatingExpenses": 186200000,
        "costAndExpenses": 462502000,
        "interestIncome": 9638000,
        "interestExpense": 134144000,
        "depreciationAndAmortization": 145878000,
        "ebitda": 337574000,
        "ebitdaratio": 0.4985254266,
        "operatingIncome": 209643000,
        "operatingIncomeRatio": 0.3095983873,
        "totalOtherIncomeExpensesNet": -160964000,
        "incomeBeforeTax": 58752000,
        "incomeBeforeTaxRatio": 0.0867642824,
        "incomeTaxExpense": 5244000,
        "netIncome": 45701000,
        "netIncomeRatio": 0.0674907147,
        "eps": 0.14,
        "epsdiluted": 0.14,
        "weightedAverageShsOut": 160452765,
        "weightedAverageShsOutDil": 165135955,
        "link": "https://www.sec.gov/Archives/edgar/data/899689/000089968908000028/0000899689-08-000028-index.htm",
        "finalLink": "https://www.sec.gov/Archives/edgar/data/899689/000089968908000028/vrt_10-q.htm"
    },
    {
        "date": "2008-06-30",
        "symbol": "VNO",
        "reportedCurrency": "USD",
        "cik": "0000899689",
        "fillingDate": "2008-08-05",
        "acceptedDate": "2008-08-05 08:46:10",
        "calendarYear": "2008",
        "period": "Q2",
        "revenue": 674365000,
        "costOfRevenue": 256358000,
        "grossProfit": 418007000,
        "grossProfitRatio": 0.6198527504,
        "researchAndDevelopmentExpenses": 0,
        "generalAndAdministrativeExpenses": 50285000,
        "sellingAndMarketingExpenses": 0,
        "sellingGeneralAndAdministrativeExpenses": 50285000,
        "otherExpenses": 130948000,
        "operatingExpenses": 181233000,
        "costAndExpenses": 437591000,
        "interestIncome": 23793000,
        "interestExpense": 121842000,
        "depreciationAndAmortization": 134734000,
        "ebitda": 358439000,
        "ebitdaratio": 0.531520764,
        "operatingIncome": 236048000,
        "operatingIncomeRatio": 0.3500300282,
        "totalOtherIncomeExpensesNet": -143655000,
        "incomeBeforeTax": 103673000,
        "incomeBeforeTaxRatio": 0.1537342537,
        "incomeTaxExpense": 4915000,
        "netIncome": 139660000,
        "netIncomeRatio": 0.2070985297,
        "eps": 0.73,
        "epsdiluted": 0.71,
        "weightedAverageShsOut": 159973026,
        "weightedAverageShsOutDil": 164791673,
        "link": "https://www.sec.gov/Archives/edgar/data/899689/000089968908000026/0000899689-08-000026-index.htm",
        "finalLink": "https://www.sec.gov/Archives/edgar/data/899689/000089968908000026/vno_10-q.htm"
    },
    {
        "date": "2008-03-31",
        "symbol": "VNO",
        "reportedCurrency": "USD",
        "cik": "0000899689",
        "fillingDate": "2008-05-06",
        "acceptedDate": "2008-05-06 08:38:27",
        "calendarYear": "2008",
        "period": "Q1",
        "revenue": 652521000,
        "costOfRevenue": 262605000,
        "grossProfit": 389916000,
        "grossProfitRatio": 0.5975531822,
        "researchAndDevelopmentExpenses": 0,
        "generalAndAdministrativeExpenses": 49388000,
        "sellingAndMarketingExpenses": 0,
        "sellingGeneralAndAdministrativeExpenses": 49388000,
        "otherExpenses": 131505000,
        "operatingExpenses": 180893000,
        "costAndExpenses": 443498000,
        "interestIncome": 14104000,
        "interestExpense": 134075000,
        "depreciationAndAmortization": 156955000,
        "ebitda": 416403000,
        "ebitdaratio": 0.6381449792,
        "operatingIncome": 206740000,
        "operatingIncomeRatio": 0.316832715,
        "totalOtherIncomeExpensesNet": -85415000,
        "incomeBeforeTax": 131009000,
        "incomeBeforeTaxRatio": 0.2007736149,
        "incomeTaxExpense": -217329000,
        "netIncome": 412197000,
        "netIncomeRatio": 0.6316992097,
        "eps": 2.45,
        "epsdiluted": 2.33,
        "weightedAverageShsOut": 159189515,
        "weightedAverageShsOutDil": 169558204,
        "link": "https://www.sec.gov/Archives/edgar/data/899689/000089968908000019/0000899689-08-000019-index.htm",
        "finalLink": "https://www.sec.gov/Archives/edgar/data/899689/000089968908000019/vrt_03312008.htm"
    },
    {
        "date": "2007-12-31",
        "symbol": "VNO",
        "reportedCurrency": "USD",
        "cik": "0000899689",
        "fillingDate": "2008-02-26",
        "acceptedDate": "2008-02-26 08:25:36",
        "calendarYear": "2007",
        "period": "Q4",
        "revenue": 591558000,
        "costOfRevenue": 437514000,
        "grossProfit": 154044000,
        "grossProfitRatio": 0.2604038826,
        "researchAndDevelopmentExpenses": 0,
        "generalAndAdministrativeExpenses": 61278000,
        "sellingAndMarketingExpenses": 0,
        "sellingGeneralAndAdministrativeExpenses": 61278000,
        "otherExpenses": 0,
        "operatingExpenses": 61084000,
        "costAndExpenses": 498598000,
        "interestIncome": -3391000,
        "interestExpense": 408487000,
        "depreciationAndAmortization": 70057000,
        "ebitda": 561406000,
        "ebitdaratio": 0.9490295119,
        "operatingIncome": 510616000,
        "operatingIncomeRatio": 0.8631714895,
        "totalOtherIncomeExpensesNet": -427754000,
        "incomeBeforeTax": 82862000,
        "incomeBeforeTaxRatio": 0.140074177,
        "incomeTaxExpense": 3715000,
        "netIncome": 171996000,
        "netIncomeRatio": 0.2907508647,
        "eps": 0.51,
        "epsdiluted": 0.47,
        "weightedAverageShsOut": 156342128,
        "weightedAverageShsOutDil": 166629231,
        "link": "https://www.sec.gov/Archives/edgar/data/899689/000089968908000003/0000899689-08-000003-index.htm",
        "finalLink": "https://www.sec.gov/Archives/edgar/data/899689/000089968908000003/vrt200710k.htm"
    },
    {
        "date": "2007-09-30",
        "symbol": "VNO",
        "reportedCurrency": "USD",
        "cik": "0000899689",
        "fillingDate": "2007-10-30",
        "acceptedDate": "2007-10-30 09:04:14",
        "calendarYear": "2007",
        "period": "Q3",
        "revenue": 853036000,
        "costOfRevenue": 431339000,
        "grossProfit": 421697000,
        "grossProfitRatio": 0.4943484214,
        "researchAndDevelopmentExpenses": 0,
        "generalAndAdministrativeExpenses": 58366000,
        "sellingAndMarketingExpenses": 0,
        "sellingGeneralAndAdministrativeExpenses": 58366000,
        "otherExpenses": 140377000,
        "operatingExpenses": 198743000,
        "costAndExpenses": 630082000,
        "interestIncome": 56906000,
        "interestExpense": 105277000,
        "depreciationAndAmortization": 143319000,
        "ebitda": 357091000,
        "ebitdaratio": 0.4186118757,
        "operatingIncome": 222954000,
        "operatingIncomeRatio": 0.2613652882,
        "totalOtherIncomeExpensesNet": -98786000,
        "incomeBeforeTax": 124293000,
        "incomeBeforeTaxRatio": 0.145706629,
        "incomeTaxExpense": 3048000,
        "netIncome": 130841000,
        "netIncomeRatio": 0.1533827412,
        "eps": 0.76,
        "epsdiluted": 0.73,
        "weightedAverageShsOut": 155005121,
        "weightedAverageShsOutDil": 161657522,
        "link": "https://www.sec.gov/Archives/edgar/data/899689/000089968907000029/0000899689-07-000029-index.htm",
        "finalLink": "https://www.sec.gov/Archives/edgar/data/899689/000089968907000029/vrt3q200710q.htm"
    },
    {
        "date": "2007-06-30",
        "symbol": "VNO",
        "reportedCurrency": "USD",
        "cik": "0000899689",
        "fillingDate": "2007-07-31",
        "acceptedDate": "2007-07-31 08:43:18",
        "calendarYear": "2007",
        "period": "Q2",
        "revenue": 793457000,
        "costOfRevenue": 392757000,
        "grossProfit": 400700000,
        "grossProfitRatio": 0.5050053122,
        "researchAndDevelopmentExpenses": 0,
        "generalAndAdministrativeExpenses": 59555000,
        "sellingAndMarketingExpenses": 0,
        "sellingGeneralAndAdministrativeExpenses": 59555000,
        "otherExpenses": 132457000,
        "operatingExpenses": 192012000,
        "costAndExpenses": 584769000,
        "interestIncome": 120513000,
        "interestExpense": 31821000,
        "depreciationAndAmortization": 136303000,
        "ebitda": 342852000,
        "ebitdaratio": 0.4320990299,
        "operatingIncome": 208688000,
        "operatingIncomeRatio": 0.2630111021,
        "totalOtherIncomeExpensesNet": -19067000,
        "incomeBeforeTax": 191197000,
        "incomeBeforeTaxRatio": 0.2409670593,
        "incomeTaxExpense": 3566000,
        "netIncome": 165920000,
        "netIncomeRatio": 0.2091102605,
        "eps": 0.98,
        "epsdiluted": 0.94,
        "weightedAverageShsOut": 154805233,
        "weightedAverageShsOutDil": 167499152,
        "link": "https://www.sec.gov/Archives/edgar/data/899689/000089968907000020/0000899689-07-000020-index.htm",
        "finalLink": "https://www.sec.gov/Archives/edgar/data/899689/000089968907000020/vno2q200710q.htm"
    },
    {
        "date": "2007-03-31",
        "symbol": "VNO",
        "reportedCurrency": "USD",
        "cik": "0000899689",
        "fillingDate": "2007-05-01",
        "acceptedDate": "2007-05-01 08:46:20",
        "calendarYear": "2007",
        "period": "Q1",
        "revenue": 737056000,
        "costOfRevenue": 370966000,
        "grossProfit": 366090000,
        "grossProfitRatio": 0.4966922459,
        "researchAndDevelopmentExpenses": 0,
        "generalAndAdministrativeExpenses": 53063000,
        "sellingAndMarketingExpenses": 0,
        "sellingGeneralAndAdministrativeExpenses": 53063000,
        "otherExpenses": 108806000,
        "operatingExpenses": 161869000,
        "costAndExpenses": 532835000,
        "interestIncome": 54479000,
        "interestExpense": 88384000,
        "depreciationAndAmortization": 112956000,
        "ebitda": 380300000,
        "ebitdaratio": 0.5159716494,
        "operatingIncome": 195414000,
        "operatingIncomeRatio": 0.2651277515,
        "totalOtherIncomeExpensesNet": -5264000,
        "incomeBeforeTax": 188957000,
        "incomeBeforeTaxRatio": 0.2563672231,
        "incomeTaxExpense": 29924000,
        "netIncome": 166931000,
        "netIncomeRatio": 0.2264834694,
        "eps": 0.99,
        "epsdiluted": 0.94,
        "weightedAverageShsOut": 154431973,
        "weightedAverageShsOutDil": 167254391,
        "link": "https://www.sec.gov/Archives/edgar/data/899689/000089968907000011/0000899689-07-000011-index.htm",
        "finalLink": "https://www.sec.gov/Archives/edgar/data/899689/000089968907000011/vno1q200710q.htm"
    },
    {
        "date": "2006-12-31",
        "symbol": "VNO",
        "reportedCurrency": "USD",
        "cik": "0000899689",
        "fillingDate": "2007-02-27",
        "acceptedDate": "2007-02-27 08:44:46",
        "calendarYear": "2006",
        "period": "Q4",
        "revenue": 723252000,
        "costOfRevenue": 366922000,
        "grossProfit": 356330000,
        "grossProfitRatio": 0.4926775177,
        "researchAndDevelopmentExpenses": 0,
        "generalAndAdministrativeExpenses": 70611000,
        "sellingAndMarketingExpenses": 0,
        "sellingGeneralAndAdministrativeExpenses": 70611000,
        "otherExpenses": 105925000,
        "operatingExpenses": 176536000,
        "costAndExpenses": 543458000,
        "interestIncome": 124994000,
        "interestExpense": 12318000,
        "depreciationAndAmortization": 110293000,
        "ebitda": 259713000,
        "ebitdaratio": 0.3590906074,
        "operatingIncome": 179794000,
        "operatingIncomeRatio": 0.2485910858,
        "totalOtherIncomeExpensesNet": -42692000,
        "incomeBeforeTax": 137102000,
        "incomeBeforeTaxRatio": 0.1895632504,
        "incomeTaxExpense": 0,
        "netIncome": 119776000,
        "netIncomeRatio": 0.1656075614,
        "eps": 0.78,
        "epsdiluted": 0.72,
        "weightedAverageShsOut": 154431973,
        "weightedAverageShsOutDil": 167254391,
        "link": "https://www.sec.gov/Archives/edgar/data/899689/000089968907000007/0000899689-07-000007-index.htm",
        "finalLink": "https://www.sec.gov/Archives/edgar/data/899689/000089968907000007/vrt12310610k.htm"
    },
    {
        "date": "2006-09-30",
        "symbol": "VNO",
        "reportedCurrency": "USD",
        "cik": "0000899689",
        "fillingDate": "2006-10-31",
        "acceptedDate": "2006-10-31 07:54:44",
        "calendarYear": "2006",
        "period": "Q3",
        "revenue": 678474000,
        "costOfRevenue": 347742000,
        "grossProfit": 330732000,
        "grossProfitRatio": 0.487464516,
        "researchAndDevelopmentExpenses": 0,
        "generalAndAdministrativeExpenses": 52318000,
        "sellingAndMarketingExpenses": 0,
        "sellingGeneralAndAdministrativeExpenses": 52318000,
        "otherExpenses": 102293000,
        "operatingExpenses": 154611000,
        "costAndExpenses": 502353000,
        "interestIncome": 98096000,
        "interestExpense": 17651000,
        "depreciationAndAmortization": 102516000,
        "ebitda": 263021000,
        "ebitdaratio": 0.3876655553,
        "operatingIncome": 176121000,
        "operatingIncomeRatio": 0.2595840076,
        "totalOtherIncomeExpensesNet": -28547000,
        "incomeBeforeTax": 147761000,
        "incomeBeforeTaxRatio": 0.2177843219,
        "incomeTaxExpense": 11746000,
        "netIncome": 127983000,
        "netIncomeRatio": 0.1886336101,
        "eps": 0.78,
        "epsdiluted": 0.75,
        "weightedAverageShsOut": 144494675,
        "weightedAverageShsOutDil": 153073549,
        "link": "https://www.sec.gov/Archives/edgar/data/899689/000089968906000003/0000899689-06-000003-index.htm",
        "finalLink": "https://www.sec.gov/Archives/edgar/data/899689/000089968906000003/vno3q200610q.htm"
    },
    {
        "date": "2006-06-30",
        "symbol": "VNO",
        "reportedCurrency": "USD",
        "cik": "0000899689",
        "fillingDate": "2006-08-01",
        "acceptedDate": "2006-08-01 08:29:29",
        "calendarYear": "2006",
        "period": "Q2",
        "revenue": 663032000,
        "costOfRevenue": 319851000,
        "grossProfit": 343181000,
        "grossProfitRatio": 0.5175934193,
        "researchAndDevelopmentExpenses": 0,
        "generalAndAdministrativeExpenses": 52563000,
        "sellingAndMarketingExpenses": 0,
        "sellingGeneralAndAdministrativeExpenses": 52563000,
        "otherExpenses": -21501000,
        "operatingExpenses": 151443000,
        "costAndExpenses": 471294000,
        "interestIncome": 16623000,
        "interestExpense": 104199000,
        "depreciationAndAmortization": 106172000,
        "ebitda": 322529000,
        "ebitdaratio": 0.4864456014,
        "operatingIncome": 191738000,
        "operatingIncomeRatio": 0.2891836291,
        "totalOtherIncomeExpensesNet": -22633000,
        "incomeBeforeTax": 169105000,
        "incomeBeforeTaxRatio": 0.2550480218,
        "incomeTaxExpense": 0,
        "netIncome": 163169000,
        "netIncomeRatio": 0.2460952111,
        "eps": 1.03,
        "epsdiluted": 0.97,
        "weightedAverageShsOut": 144223398,
        "weightedAverageShsOutDil": 157965710,
        "link": "https://www.sec.gov/Archives/edgar/data/899689/000110465906050078/0001104659-06-050078-index.htm",
        "finalLink": "https://www.sec.gov/Archives/edgar/data/899689/000110465906050078/a06-15632_110q.htm"
    },
    {
        "date": "2006-03-31",
        "symbol": "VNO",
        "reportedCurrency": "USD",
        "cik": "0000899689",
        "fillingDate": "2006-05-02",
        "acceptedDate": "2006-05-02 08:30:56",
        "calendarYear": "2006",
        "period": "Q1",
        "revenue": 647601000,
        "costOfRevenue": 332129000,
        "grossProfit": 315472000,
        "grossProfitRatio": 0.4871394578,
        "researchAndDevelopmentExpenses": 0,
        "generalAndAdministrativeExpenses": 45867000,
        "sellingAndMarketingExpenses": 0,
        "sellingGeneralAndAdministrativeExpenses": 45867000,
        "otherExpenses": 90606000,
        "operatingExpenses": 136473000,
        "costAndExpenses": 468602000,
        "interestIncome": 22476000,
        "interestExpense": 81616000,
        "depreciationAndAmortization": 94181000,
        "ebitda": 325349000,
        "ebitdaratio": 0.5023911328,
        "operatingIncome": 178999000,
        "operatingIncomeRatio": 0.2764032174,
        "totalOtherIncomeExpensesNet": -25675000,
        "incomeBeforeTax": 152873000,
        "incomeBeforeTaxRatio": 0.2360604755,
        "incomeTaxExpense": 3113000,
        "netIncome": 149212000,
        "netIncomeRatio": 0.2304073033,
        "eps": 0.94,
        "epsdiluted": 0.89,
        "weightedAverageShsOut": 143950081,
        "weightedAverageShsOutDil": 151919093,
        "link": "https://www.sec.gov/Archives/edgar/data/899689/000110465906030030/0001104659-06-030030-index.htm",
        "finalLink": "https://www.sec.gov/Archives/edgar/data/899689/000110465906030030/a06-9804_110q.htm"
    },
    {
        "date": "2005-12-31",
        "symbol": "VNO",
        "reportedCurrency": "USD",
        "cik": "0000899689",
        "fillingDate": "2006-02-28",
        "acceptedDate": "2006-02-28 08:49:58",
        "calendarYear": "2005",
        "period": "Q4",
        "revenue": 697219000,
        "costOfRevenue": 370505000,
        "grossProfit": 326714000,
        "grossProfitRatio": 0.4685959505,
        "researchAndDevelopmentExpenses": 0,
        "generalAndAdministrativeExpenses": 48387000,
        "sellingAndMarketingExpenses": 0,
        "sellingGeneralAndAdministrativeExpenses": 48387000,
        "otherExpenses": 90506000,
        "operatingExpenses": 138893000,
        "costAndExpenses": 509398000,
        "interestIncome": 31764000,
        "interestExpense": 47468000,
        "depreciationAndAmortization": 94220000,
        "ebitda": 280147000,
        "ebitdaratio": 0.4018063191,
        "operatingIncome": 187821000,
        "operatingIncomeRatio": 0.2693859462,
        "totalOtherIncomeExpensesNet": -49362000,
        "incomeBeforeTax": 138459000,
        "incomeBeforeTaxRatio": 0.1985875313,
        "incomeTaxExpense": -3608000,
        "netIncome": 119961000,
        "netIncomeRatio": 0.1720564127,
        "eps": 0.83,
        "epsdiluted": 0.79,
        "weightedAverageShsOut": 143950081,
        "weightedAverageShsOutDil": 151919093,
        "link": "https://www.sec.gov/Archives/edgar/data/899689/000110465906012410/0001104659-06-012410-index.htm",
        "finalLink": "https://www.sec.gov/Archives/edgar/data/899689/000110465906012410/a06-1845_110k.htm"
    },
    {
        "date": "2005-09-30",
        "symbol": "VNO",
        "reportedCurrency": "USD",
        "cik": "0000899689",
        "fillingDate": "2005-11-01",
        "acceptedDate": "2005-11-01 08:27:14",
        "calendarYear": "2005",
        "period": "Q3",
        "revenue": 656955000,
        "costOfRevenue": 353376000,
        "grossProfit": 303579000,
        "grossProfitRatio": 0.4621001438,
        "researchAndDevelopmentExpenses": 0,
        "generalAndAdministrativeExpenses": 48107000,
        "sellingAndMarketingExpenses": 0,
        "sellingGeneralAndAdministrativeExpenses": 48107000,
        "otherExpenses": 82651000,
        "operatingExpenses": 130758000,
        "costAndExpenses": 484134000,
        "interestIncome": 0,
        "interestExpense": 124051000,
        "depreciationAndAmortization": 85124000,
        "ebitda": 265048000,
        "ebitdaratio": 0.4034492469,
        "operatingIncome": 172821000,
        "operatingIncomeRatio": 0.2630636802,
        "totalOtherIncomeExpensesNet": -104751000,
        "incomeBeforeTax": 69321000,
        "incomeBeforeTaxRatio": 0.1055186428,
        "incomeTaxExpense": 17131000,
        "netIncome": 38742000,
        "netIncomeRatio": 0.0589720757,
        "eps": 0.2,
        "epsdiluted": 0.19,
        "weightedAverageShsOut": 139158884,
        "weightedAverageShsOutDil": 146663869,
        "link": "https://www.sec.gov/Archives/edgar/data/899689/000110465905051374/0001104659-05-051374-index.htm",
        "finalLink": "https://www.sec.gov/Archives/edgar/data/899689/000110465905051374/a05-19098_110q.htm"
    },
    {
        "date": "2005-06-30",
        "symbol": "VNO",
        "reportedCurrency": "USD",
        "cik": "0000899689",
        "fillingDate": "2005-07-29",
        "acceptedDate": "2005-07-29 08:21:57",
        "calendarYear": "2005",
        "period": "Q2",
        "revenue": 594785000,
        "costOfRevenue": 283886000,
        "grossProfit": 310899000,
        "grossProfitRatio": 0.5227082055,
        "researchAndDevelopmentExpenses": 0,
        "generalAndAdministrativeExpenses": 45805000,
        "sellingAndMarketingExpenses": 0,
        "sellingGeneralAndAdministrativeExpenses": 45805000,
        "otherExpenses": 83664000,
        "operatingExpenses": 129469000,
        "costAndExpenses": 413355000,
        "interestIncome": 69923000,
        "interestExpense": 13692000,
        "depreciationAndAmortization": 86021000,
        "ebitda": 286791000,
        "ebitdaratio": 0.4821759123,
        "operatingIncome": 181430000,
        "operatingIncomeRatio": 0.3050345923,
        "totalOtherIncomeExpensesNet": 5849000,
        "incomeBeforeTax": 188493000,
        "incomeBeforeTaxRatio": 0.3169094715,
        "incomeTaxExpense": 7411000,
        "netIncome": 181082000,
        "netIncomeRatio": 0.304449507,
        "eps": 1.3,
        "epsdiluted": 1.23,
        "weightedAverageShsOut": 132760423,
        "weightedAverageShsOutDil": 145646071,
        "link": "https://www.sec.gov/Archives/edgar/data/899689/000110465905034904/0001104659-05-034904-index.htm",
        "finalLink": "https://www.sec.gov/Archives/edgar/data/899689/000110465905034904/a05-12509_110q.htm"
    },
    {
        "date": "2005-03-31",
        "symbol": "VNO",
        "reportedCurrency": "USD",
        "cik": "0000899689",
        "fillingDate": "2005-06-10",
        "acceptedDate": "2005-06-10 11:51:54",
        "calendarYear": "2005",
        "period": "Q1",
        "revenue": 597478000,
        "costOfRevenue": 296917000,
        "grossProfit": 300561000,
        "grossProfitRatio": 0.5030494847,
        "researchAndDevelopmentExpenses": 0,
        "generalAndAdministrativeExpenses": 40700000,
        "sellingAndMarketingExpenses": 0,
        "sellingGeneralAndAdministrativeExpenses": 40700000,
        "otherExpenses": 78106000,
        "operatingExpenses": 118806000,
        "costAndExpenses": 415723000,
        "interestIncome": 101198000,
        "interestExpense": 77699000,
        "depreciationAndAmortization": 81410000,
        "ebitda": 301831000,
        "ebitdaratio": 0.5051750859,
        "operatingIncome": 181755000,
        "operatingIncomeRatio": 0.3042036694,
        "totalOtherIncomeExpensesNet": 62198000,
        "incomeBeforeTax": 244192000,
        "incomeBeforeTaxRatio": 0.4087045883,
        "incomeTaxExpense": 40885000,
        "netIncome": 199819000,
        "netIncomeRatio": 0.3344374186,
        "eps": 1.43,
        "epsdiluted": 1.36,
        "weightedAverageShsOut": 130858426,
        "weightedAverageShsOutDil": 138003408,
        "link": "https://www.sec.gov/Archives/edgar/data/899689/000110465905027695/0001104659-05-027695-index.htm",
        "finalLink": "https://www.sec.gov/Archives/edgar/data/899689/000110465905027695/a05-10316_410qa.htm"
    },
    {
        "date": "2004-12-31",
        "symbol": "VNO",
        "reportedCurrency": "USD",
        "cik": "0000899689",
        "fillingDate": "2005-02-25",
        "acceptedDate": "2005-02-25 09:19:01",
        "calendarYear": "2004",
        "period": "Q4",
        "revenue": 497308000,
        "costOfRevenue": 220034000,
        "grossProfit": 277274000,
        "grossProfitRatio": 0.5575498484,
        "researchAndDevelopmentExpenses": 0,
        "generalAndAdministrativeExpenses": 54566000,
        "sellingAndMarketingExpenses": 0,
        "sellingGeneralAndAdministrativeExpenses": 54566000,
        "otherExpenses": 67901000,
        "operatingExpenses": 122467000,
        "costAndExpenses": 342501000,
        "interestIncome": 167328000,
        "interestExpense": 64979000,
        "depreciationAndAmortization": 73596000,
        "ebitda": 254272000,
        "ebitdaratio": 0.5112968221,
        "operatingIncome": 154807000,
        "operatingIncomeRatio": 0.3112899853,
        "totalOtherIncomeExpensesNet": 135290000,
        "incomeBeforeTax": 290097000,
        "incomeBeforeTaxRatio": 0.5833346739,
        "incomeTaxExpense": 0,
        "netIncome": 239954000,
        "netIncomeRatio": 0.4825058113,
        "eps": 1.83,
        "epsdiluted": 1.74,
        "weightedAverageShsOut": 130858426,
        "weightedAverageShsOutDil": 138003408,
        "link": "https://www.sec.gov/Archives/edgar/data/899689/000110465905008245/0001104659-05-008245-index.htm",
        "finalLink": "https://www.sec.gov/Archives/edgar/data/899689/000110465905008245/a05-1733_110k.htm"
    },
    {
        "date": "2004-09-30",
        "symbol": "VNO",
        "reportedCurrency": "USD",
        "cik": "0000899689",
        "fillingDate": "2004-11-05",
        "acceptedDate": "2004-11-05 08:34:22",
        "calendarYear": "2004",
        "period": "Q3",
        "revenue": 416850000,
        "costOfRevenue": 161132000,
        "grossProfit": 255718000,
        "grossProfitRatio": 0.6134532806,
        "researchAndDevelopmentExpenses": 0,
        "generalAndAdministrativeExpenses": 29774000,
        "sellingAndMarketingExpenses": 0,
        "sellingGeneralAndAdministrativeExpenses": 29774000,
        "otherExpenses": 59981000,
        "operatingExpenses": 89755000,
        "costAndExpenses": 250887000,
        "interestIncome": 17813000,
        "interestExpense": 43350000,
        "depreciationAndAmortization": 61699000,
        "ebitda": 237075000,
        "ebitdaratio": 0.5687297589,
        "operatingIncome": 164488000,
        "operatingIncomeRatio": 0.3945975771,
        "totalOtherIncomeExpensesNet": -32302000,
        "incomeBeforeTax": 132091000,
        "incomeBeforeTaxRatio": 0.3168789733,
        "incomeTaxExpense": 25043000,
        "netIncome": 108523000,
        "netIncomeRatio": 0.2603406501,
        "eps": 0.81,
        "epsdiluted": 0.77,
        "weightedAverageShsOut": 128904417,
        "weightedAverageShsOutDil": 135105030,
        "link": "https://www.sec.gov/Archives/edgar/data/899689/000110465904033760/0001104659-04-033760-index.htm",
        "finalLink": "https://www.sec.gov/Archives/edgar/data/899689/000110465904033760/a04-12605_110q.htm"
    },
    {
        "date": "2004-06-30",
        "symbol": "VNO",
        "reportedCurrency": "USD",
        "cik": "0000899689",
        "fillingDate": "2004-08-06",
        "acceptedDate": "2004-08-06 08:38:11",
        "calendarYear": "2004",
        "period": "Q2",
        "revenue": 400054000,
        "costOfRevenue": 144258000,
        "grossProfit": 255796000,
        "grossProfitRatio": 0.6394036805,
        "researchAndDevelopmentExpenses": 0,
        "generalAndAdministrativeExpenses": 30033000,
        "sellingAndMarketingExpenses": 0,
        "sellingGeneralAndAdministrativeExpenses": 30033000,
        "otherExpenses": 58412000,
        "operatingExpenses": 88445000,
        "costAndExpenses": 232703000,
        "interestIncome": 9609000,
        "interestExpense": 47512000,
        "depreciationAndAmortization": 60062000,
        "ebitda": 244423000,
        "ebitdaratio": 0.6109750184,
        "operatingIncome": 167351000,
        "operatingIncomeRatio": 0.4183210267,
        "totalOtherIncomeExpensesNet": -30444000,
        "incomeBeforeTax": 136320000,
        "incomeBeforeTaxRatio": 0.3407539982,
        "incomeTaxExpense": -25681000,
        "netIncome": 162001000,
        "netIncomeRatio": 0.404947832,
        "eps": 1.24,
        "epsdiluted": 1.19,
        "weightedAverageShsOut": 127956988,
        "weightedAverageShsOutDil": 133337651,
        "link": "https://www.sec.gov/Archives/edgar/data/899689/000104746904025567/0001047469-04-025567-index.htm",
        "finalLink": "https://www.sec.gov/Archives/edgar/data/899689/000104746904025567/a2141336z10-q.htm"
    },
    {
        "date": "2004-03-31",
        "symbol": "VNO",
        "reportedCurrency": "USD",
        "cik": "0000899689",
        "fillingDate": "2004-05-06",
        "acceptedDate": "2004-05-06 09:03:48",
        "calendarYear": "2004",
        "period": "Q1",
        "revenue": 393050000,
        "costOfRevenue": 154366000,
        "grossProfit": 238684000,
        "grossProfitRatio": 0.6072611627,
        "researchAndDevelopmentExpenses": 0,
        "generalAndAdministrativeExpenses": 30845000,
        "sellingAndMarketingExpenses": 0,
        "sellingGeneralAndAdministrativeExpenses": 30845000,
        "otherExpenses": 56620000,
        "operatingExpenses": 87465000,
        "costAndExpenses": 241831000,
        "interestIncome": 9245000,
        "interestExpense": 49460000,
        "depreciationAndAmortization": 58465000,
        "ebitda": 219690000,
        "ebitdaratio": 0.5589365221,
        "operatingIncome": 151219000,
        "operatingIncomeRatio": 0.3847322224,
        "totalOtherIncomeExpensesNet": -37759000,
        "incomeBeforeTax": 113120000,
        "incomeBeforeTaxRatio": 0.2878005343,
        "incomeTaxExpense": 29905000,
        "netIncome": 82439000,
        "netIncomeRatio": 0.2097417631,
        "eps": 0.6,
        "epsdiluted": 0.58,
        "weightedAverageShsOut": 124000018,
        "weightedAverageShsOutDil": 129530597,
        "link": "https://www.sec.gov/Archives/edgar/data/899689/000104746904016084/0001047469-04-016084-index.htm",
        "finalLink": "https://www.sec.gov/Archives/edgar/data/899689/000104746904016084/a2135528z10-q.htm"
    },
    {
        "date": "2003-12-31",
        "symbol": "VNO",
        "reportedCurrency": "USD",
        "cik": "0000899689",
        "fillingDate": "2004-03-03",
        "acceptedDate": "2004-03-03 10:05:35",
        "calendarYear": "2003",
        "period": "Q4",
        "revenue": 377035000,
        "costOfRevenue": 142935000,
        "grossProfit": 234100000,
        "grossProfitRatio": 0.6208972642,
        "researchAndDevelopmentExpenses": 0,
        "generalAndAdministrativeExpenses": 35763000,
        "sellingAndMarketingExpenses": 0,
        "sellingGeneralAndAdministrativeExpenses": 35763000,
        "otherExpenses": 56700000,
        "operatingExpenses": 92463000,
        "costAndExpenses": 235398000,
        "interestIncome": 9178000,
        "interestExpense": 47215000,
        "depreciationAndAmortization": 61579000,
        "ebitda": 222368000,
        "ebitdaratio": 0.5897807896,
        "operatingIncome": 141637000,
        "operatingIncomeRatio": 0.3756600846,
        "totalOtherIncomeExpensesNet": -28063000,
        "incomeBeforeTax": 113574000,
        "incomeBeforeTaxRatio": 0.3012293288,
        "incomeTaxExpense": 0,
        "netIncome": 205144000,
        "netIncomeRatio": 0.544098028,
        "eps": 1.65,
        "epsdiluted": 1.58,
        "weightedAverageShsOut": 124000018,
        "weightedAverageShsOutDil": 129530597,
        "link": "https://www.sec.gov/Archives/edgar/data/899689/000110465904006309/0001104659-04-006309-index.htm",
        "finalLink": "https://www.sec.gov/Archives/edgar/data/899689/000110465904006309/a04-1866_110k.htm"
    },
    {
        "date": "2003-09-30",
        "symbol": "VNO",
        "reportedCurrency": "USD",
        "cik": "0000899689",
        "fillingDate": "2003-11-07",
        "acceptedDate": "2003-11-07 08:57:07",
        "calendarYear": "2003",
        "period": "Q3",
        "revenue": 383842000,
        "costOfRevenue": 150965000,
        "grossProfit": 232877000,
        "grossProfitRatio": 0.6067001527,
        "researchAndDevelopmentExpenses": 0,
        "generalAndAdministrativeExpenses": 31970000,
        "sellingAndMarketingExpenses": 0,
        "sellingGeneralAndAdministrativeExpenses": 31970000,
        "otherExpenses": 52822000,
        "operatingExpenses": 84792000,
        "costAndExpenses": 235757000,
        "interestIncome": 2800000,
        "interestExpense": 54231000,
        "depreciationAndAmortization": 52735000,
        "ebitda": 212999000,
        "ebitdaratio": 0.5549132195,
        "operatingIncome": 148085000,
        "operatingIncomeRatio": 0.3857967601,
        "totalOtherIncomeExpensesNet": -41694000,
        "incomeBeforeTax": 106991000,
        "incomeBeforeTaxRatio": 0.2787370845,
        "incomeTaxExpense": 29752000,
        "netIncome": 76060000,
        "netIncomeRatio": 0.198154449,
        "eps": 0.62,
        "epsdiluted": 0.59,
        "weightedAverageShsOut": 115270207,
        "weightedAverageShsOutDil": 119955342,
        "link": "https://www.sec.gov/Archives/edgar/data/899689/000110465903025041/0001104659-03-025041-index.htm",
        "finalLink": "https://www.sec.gov/Archives/edgar/data/899689/000110465903025041/a03-4406_110q.htm"
    },
    {
        "date": "2003-06-30",
        "symbol": "VNO",
        "reportedCurrency": "USD",
        "cik": "0000899689",
        "fillingDate": "2003-08-08",
        "acceptedDate": "2003-08-08 08:37:16",
        "calendarYear": "2003",
        "period": "Q2",
        "revenue": 374536000,
        "costOfRevenue": 141635000,
        "grossProfit": 232901000,
        "grossProfitRatio": 0.6218387552,
        "researchAndDevelopmentExpenses": 0,
        "generalAndAdministrativeExpenses": 27436000,
        "sellingAndMarketingExpenses": 0,
        "sellingGeneralAndAdministrativeExpenses": 27436000,
        "otherExpenses": 53974000,
        "operatingExpenses": 81410000,
        "costAndExpenses": 223045000,
        "interestIncome": 3628000,
        "interestExpense": 54857000,
        "depreciationAndAmortization": 53014000,
        "ebitda": 228114000,
        "ebitdaratio": 0.6090576073,
        "operatingIncome": 151491000,
        "operatingIncomeRatio": 0.4044764722,
        "totalOtherIncomeExpensesNet": -31576000,
        "incomeBeforeTax": 119487000,
        "incomeBeforeTaxRatio": 0.3190267424,
        "incomeTaxExpense": 33984000,
        "netIncome": 87757000,
        "netIncomeRatio": 0.2343085845,
        "eps": 0.73,
        "epsdiluted": 0.7,
        "weightedAverageShsOut": 113689459,
        "weightedAverageShsOutDil": 119199642,
        "link": "https://www.sec.gov/Archives/edgar/data/899689/000110465903017113/0001104659-03-017113-index.htm",
        "finalLink": "https://www.sec.gov/Archives/edgar/data/899689/000110465903017113/a03-1327_110q.htm"
    },
    {
        "date": "2003-03-31",
        "symbol": "VNO",
        "reportedCurrency": "USD",
        "cik": "0000899689",
        "fillingDate": "2003-05-08",
        "acceptedDate": "2003-05-08 08:59:09",
        "calendarYear": "2003",
        "period": "Q1",
        "revenue": 377005000,
        "costOfRevenue": 151965000,
        "grossProfit": 225040000,
        "grossProfitRatio": 0.5969151603,
        "researchAndDevelopmentExpenses": 0,
        "generalAndAdministrativeExpenses": 27474000,
        "sellingAndMarketingExpenses": 0,
        "sellingGeneralAndAdministrativeExpenses": 27474000,
        "otherExpenses": 52583000,
        "operatingExpenses": 80057000,
        "costAndExpenses": 232022000,
        "interestIncome": 9796000,
        "interestExpense": 47957000,
        "depreciationAndAmortization": 52583000,
        "ebitda": 223718000,
        "ebitdaratio": 0.5934085755,
        "operatingIncome": 144983000,
        "operatingIncomeRatio": 0.3845651914,
        "totalOtherIncomeExpensesNet": -20683000,
        "incomeBeforeTax": 127702000,
        "incomeBeforeTaxRatio": 0.3387276031,
        "incomeTaxExpense": 35772000,
        "netIncome": 91742000,
        "netIncomeRatio": 0.2433442527,
        "eps": 0.77,
        "epsdiluted": 0.75,
        "weightedAverageShsOut": 111267345,
        "weightedAverageShsOutDil": 115423183,
        "link": "https://www.sec.gov/Archives/edgar/data/899689/000110465903008526/0001104659-03-008526-index.htm",
        "finalLink": "https://www.sec.gov/Archives/edgar/data/899689/000110465903008526/j0390_10q.htm"
    },
    {
        "date": "2002-12-31",
        "symbol": "VNO",
        "reportedCurrency": "USD",
        "cik": "0000899689",
        "fillingDate": "2003-03-07",
        "acceptedDate": "2003-03-07 09:41:32",
        "calendarYear": "2002",
        "period": "Q4",
        "revenue": 374291000,
        "costOfRevenue": 142646000,
        "grossProfit": 231645000,
        "grossProfitRatio": 0.6188901149,
        "researchAndDevelopmentExpenses": 0,
        "generalAndAdministrativeExpenses": 3255000,
        "sellingAndMarketingExpenses": 0,
        "sellingGeneralAndAdministrativeExpenses": 3255000,
        "otherExpenses": 56664000,
        "operatingExpenses": 59919000,
        "costAndExpenses": 202565000,
        "interestIncome": 5701000,
        "interestExpense": 28349000,
        "depreciationAndAmortization": 56664000,
        "ebitda": 196104000,
        "ebitdaratio": 0.5239345857,
        "operatingIncome": 137352000,
        "operatingIncomeRatio": 0.36696581,
        "totalOtherIncomeExpensesNet": -51659000,
        "incomeBeforeTax": 85693000,
        "incomeBeforeTaxRatio": 0.2289475301,
        "incomeTaxExpense": 0,
        "netIncome": 51984000,
        "netIncomeRatio": 0.1388865882,
        "eps": 0.24,
        "epsdiluted": 0.23,
        "weightedAverageShsOut": 111267345,
        "weightedAverageShsOutDil": 115423183,
        "link": "https://www.sec.gov/Archives/edgar/data/899689/000104746903007996/0001047469-03-007996-index.htm",
        "finalLink": "https://www.sec.gov/Archives/edgar/data/899689/000104746903007996/a2104897z10-k.txt"
    },
    {
        "date": "2002-09-30",
        "symbol": "VNO",
        "reportedCurrency": "USD",
        "cik": "0000899689",
        "fillingDate": "2002-10-31",
        "acceptedDate": "2002-10-31 16:19:37",
        "calendarYear": "2002",
        "period": "Q3",
        "revenue": 361208000,
        "costOfRevenue": 145237000,
        "grossProfit": 215971000,
        "grossProfitRatio": 0.5979131138,
        "researchAndDevelopmentExpenses": 0,
        "generalAndAdministrativeExpenses": 34227000,
        "sellingAndMarketingExpenses": 0,
        "sellingGeneralAndAdministrativeExpenses": 34227000,
        "otherExpenses": 52011000,
        "operatingExpenses": 86238000,
        "costAndExpenses": 231475000,
        "interestIncome": 6407000,
        "interestExpense": 61354000,
        "depreciationAndAmortization": 52011000,
        "ebitda": 204151000,
        "ebitdaratio": 0.5651895861,
        "operatingIncome": 129733000,
        "operatingIncomeRatio": 0.3591642489,
        "totalOtherIncomeExpensesNet": -30686000,
        "incomeBeforeTax": 98535000,
        "incomeBeforeTaxRatio": 0.2727929614,
        "incomeTaxExpense": 31227000,
        "netIncome": 62805000,
        "netIncomeRatio": 0.1738748865,
        "eps": 0.54,
        "epsdiluted": 0.53,
        "weightedAverageShsOut": 108949254,
        "weightedAverageShsOutDil": 112538062,
        "link": "https://www.sec.gov/Archives/edgar/data/899689/000091205702040515/0000912057-02-040515-index.htm",
        "finalLink": "https://www.sec.gov/Archives/edgar/data/899689/000091205702040515/a2092219z10-q.txt"
    },
    {
        "date": "2002-06-30",
        "symbol": "VNO",
        "reportedCurrency": "USD",
        "cik": "0000899689",
        "fillingDate": "2002-08-07",
        "acceptedDate": "2002-08-07 17:26:45",
        "calendarYear": "2002",
        "period": "Q2",
        "revenue": 353247000,
        "costOfRevenue": 126267000,
        "grossProfit": 226980000,
        "grossProfitRatio": 0.6425532276,
        "researchAndDevelopmentExpenses": 0,
        "generalAndAdministrativeExpenses": 30634000,
        "sellingAndMarketingExpenses": 0,
        "sellingGeneralAndAdministrativeExpenses": 30634000,
        "otherExpenses": 49563000,
        "operatingExpenses": 80197000,
        "costAndExpenses": 206464000,
        "interestIncome": 9934000,
        "interestExpense": 60119000,
        "depreciationAndAmortization": 49563000,
        "ebitda": 203070000,
        "ebitdaratio": 0.5748668779,
        "operatingIncome": 146783000,
        "operatingIncomeRatio": 0.4155251142,
        "totalOtherIncomeExpensesNet": -42343000,
        "incomeBeforeTax": 105930000,
        "incomeBeforeTaxRatio": 0.2998751582,
        "incomeTaxExpense": 42200000,
        "netIncome": 68711000,
        "netIncomeRatio": 0.1945126215,
        "eps": 0.6,
        "epsdiluted": 0.57,
        "weightedAverageShsOut": 108003864,
        "weightedAverageShsOutDil": 112910303,
        "link": "https://www.sec.gov/Archives/edgar/data/899689/000091205702030320/0000912057-02-030320-index.htm",
        "finalLink": "https://www.sec.gov/Archives/edgar/data/899689/000091205702030320/a2085993z10-q.txt"
    },
    {
        "date": "2002-03-31",
        "symbol": "VNO",
        "reportedCurrency": "USD",
        "cik": "0000899689",
        "fillingDate": "2002-05-01",
        "acceptedDate": "2002-05-01 16:14:33",
        "calendarYear": "2002",
        "period": "Q1",
        "revenue": 346324000,
        "costOfRevenue": 127446000,
        "grossProfit": 218878000,
        "grossProfitRatio": 0.6320035574,
        "researchAndDevelopmentExpenses": 0,
        "generalAndAdministrativeExpenses": 30342000,
        "sellingAndMarketingExpenses": 0,
        "sellingGeneralAndAdministrativeExpenses": 30342000,
        "otherExpenses": 47588000,
        "operatingExpenses": 77930000,
        "costAndExpenses": 205376000,
        "interestIncome": 9643000,
        "interestExpense": 58018000,
        "depreciationAndAmortization": 47588000,
        "ebitda": 212538000,
        "ebitdaratio": 0.6136970005,
        "operatingIncome": 140948000,
        "operatingIncomeRatio": 0.4069830563,
        "totalOtherIncomeExpensesNet": -24934000,
        "incomeBeforeTax": 113458000,
        "incomeBeforeTaxRatio": 0.3276065188,
        "incomeTaxExpense": 62524000,
        "netIncome": 49403000,
        "netIncomeRatio": 0.1426496575,
        "eps": 0.43,
        "epsdiluted": 0.41,
        "weightedAverageShsOut": 105097327,
        "weightedAverageShsOutDil": 109343931,
        "link": "https://www.sec.gov/Archives/edgar/data/899689/000091205702017953/0000912057-02-017953-index.htm",
        "finalLink": "https://www.sec.gov/Archives/edgar/data/899689/000091205702017953/a2078451z10-q.txt"
    },
    {
        "date": "2001-12-31",
        "symbol": "VNO",
        "reportedCurrency": "USD",
        "cik": "0000899689",
        "fillingDate": "2002-03-11",
        "acceptedDate": "2002-03-11 00:00:00",
        "calendarYear": "2001",
        "period": "Q4",
        "revenue": 240717000,
        "costOfRevenue": 0,
        "grossProfit": 240717000,
        "grossProfitRatio": 1,
        "researchAndDevelopmentExpenses": 0,
        "generalAndAdministrativeExpenses": 20866000,
        "sellingAndMarketingExpenses": 0,
        "sellingGeneralAndAdministrativeExpenses": 20866000,
        "otherExpenses": -116682000,
        "operatingExpenses": -95816000,
        "costAndExpenses": -95816000,
        "interestIncome": 10454000,
        "interestExpense": 80564000,
        "depreciationAndAmortization": 32636000,
        "ebitda": 0,
        "ebitdaratio": 0,
        "operatingIncome": 144901000,
        "operatingIncomeRatio": 0.6019558236,
        "totalOtherIncomeExpensesNet": -113200000,
        "incomeBeforeTax": 0,
        "incomeBeforeTaxRatio": 0,
        "incomeTaxExpense": 80564000,
        "netIncome": 64337000,
        "netIncomeRatio": 0.2672723572,
        "eps": 0.61,
        "epsdiluted": 0.59,
        "weightedAverageShsOut": 105097327,
        "weightedAverageShsOutDil": 109343931,
        "link": "https://www.sec.gov/Archives/edgar/data/899689/000091205702009439/0000912057-02-009439-index.htm",
        "finalLink": "https://www.sec.gov/Archives/edgar/data/899689/000091205702009439/a2072969z10-k405.txt"
    },
    {
        "date": "2001-09-30",
        "symbol": "VNO",
        "reportedCurrency": "USD",
        "cik": "0000899689",
        "fillingDate": "2001-11-01",
        "acceptedDate": "2001-11-01 00:00:00",
        "calendarYear": "2001",
        "period": "Q3",
        "revenue": 250265000,
        "costOfRevenue": 102222000,
        "grossProfit": 148043000,
        "grossProfitRatio": 0.5915449623,
        "researchAndDevelopmentExpenses": 0,
        "generalAndAdministrativeExpenses": 15043000,
        "sellingAndMarketingExpenses": 0,
        "sellingGeneralAndAdministrativeExpenses": 15043000,
        "otherExpenses": 29275000,
        "operatingExpenses": 44318000,
        "costAndExpenses": 146540000,
        "interestIncome": 14584000,
        "interestExpense": 28470000,
        "depreciationAndAmortization": 29275000,
        "ebitda": 177377000,
        "ebitdaratio": 0.7087567179,
        "operatingIncome": 103725000,
        "operatingIncomeRatio": 0.4144606717,
        "totalOtherIncomeExpensesNet": 1323000,
        "incomeBeforeTax": 105048000,
        "incomeBeforeTaxRatio": 0.4197470681,
        "incomeTaxExpense": 0,
        "netIncome": 76780000,
        "netIncomeRatio": 0.3067947975,
        "eps": 0.75,
        "epsdiluted": 0.73,
        "weightedAverageShsOut": 90544244,
        "weightedAverageShsOutDil": 93885232,
        "link": "https://www.sec.gov/Archives/edgar/data/899689/000091205701537333/0000912057-01-537333-index.htm",
        "finalLink": "https://www.sec.gov/Archives/edgar/data/899689/000091205701537333/a2062290z10-q.txt"
    },
    {
        "date": "2001-06-30",
        "symbol": "VNO",
        "reportedCurrency": "USD",
        "cik": "0000899689",
        "fillingDate": "2001-08-02",
        "acceptedDate": "2001-08-02 00:00:00",
        "calendarYear": "2001",
        "period": "Q2",
        "revenue": 246075000,
        "costOfRevenue": 96831000,
        "grossProfit": 149244000,
        "grossProfitRatio": 0.6064980189,
        "researchAndDevelopmentExpenses": 0,
        "generalAndAdministrativeExpenses": 22415000,
        "sellingAndMarketingExpenses": 0,
        "sellingGeneralAndAdministrativeExpenses": 22415000,
        "otherExpenses": 30086000,
        "operatingExpenses": 52501000,
        "costAndExpenses": 149332000,
        "interestIncome": 15874000,
        "interestExpense": 28120000,
        "depreciationAndAmortization": 30086000,
        "ebitda": 168541000,
        "ebitdaratio": 0.6849172,
        "operatingIncome": 96743000,
        "operatingIncomeRatio": 0.3931443666,
        "totalOtherIncomeExpensesNet": -2282000,
        "incomeBeforeTax": 94461000,
        "incomeBeforeTaxRatio": 0.3838707711,
        "incomeTaxExpense": 0,
        "netIncome": 66112000,
        "netIncomeRatio": 0.2686660571,
        "eps": 0.64,
        "epsdiluted": 0.63,
        "weightedAverageShsOut": 88624910,
        "weightedAverageShsOutDil": 91379491,
        "link": "https://www.sec.gov/Archives/edgar/data/899689/000091205701526299/0000912057-01-526299-index.htm",
        "finalLink": "https://www.sec.gov/Archives/edgar/data/899689/000091205701526299/a2055621z10-q.txt"
    },
    {
        "date": "2001-03-31",
        "symbol": "VNO",
        "reportedCurrency": "USD",
        "cik": "0000899689",
        "fillingDate": "2001-05-03",
        "acceptedDate": "2001-05-03 00:00:00",
        "calendarYear": "2001",
        "period": "Q1",
        "revenue": 242610000,
        "costOfRevenue": 100383000,
        "grossProfit": 142227000,
        "grossProfitRatio": 0.5862371708,
        "researchAndDevelopmentExpenses": 0,
        "generalAndAdministrativeExpenses": 14248000,
        "sellingAndMarketingExpenses": 0,
        "sellingGeneralAndAdministrativeExpenses": 14248000,
        "otherExpenses": 31865000,
        "operatingExpenses": 46113000,
        "costAndExpenses": 146496000,
        "interestIncome": 13473000,
        "interestExpense": 49395000,
        "depreciationAndAmortization": 31865000,
        "ebitda": 168023000,
        "ebitdaratio": 0.6925641977,
        "operatingIncome": 91114000,
        "operatingIncomeRatio": 0.3755574791,
        "totalOtherIncomeExpensesNet": -4351000,
        "incomeBeforeTax": 86763000,
        "incomeBeforeTaxRatio": 0.3576233461,
        "incomeTaxExpense": 0,
        "netIncome": 56509000,
        "netIncomeRatio": 0.2329211492,
        "eps": 0.53,
        "epsdiluted": 0.51,
        "weightedAverageShsOut": 88549442,
        "weightedAverageShsOutDil": 91154107,
        "link": "https://www.sec.gov/Archives/edgar/data/899689/000091205701512655/0000912057-01-512655-index.htm",
        "finalLink": "https://www.sec.gov/Archives/edgar/data/899689/000091205701512655/a2047389z10-q.txt"
    },
    {
        "date": "2000-12-31",
        "symbol": "VNO",
        "reportedCurrency": "USD",
        "cik": "0000899689",
        "fillingDate": "2001-03-01",
        "acceptedDate": "2001-03-01 00:00:00",
        "calendarYear": "2000",
        "period": "Q4",
        "revenue": 193928000,
        "costOfRevenue": 0,
        "grossProfit": 193928000,
        "grossProfitRatio": 1,
        "researchAndDevelopmentExpenses": 0,
        "generalAndAdministrativeExpenses": 13640000,
        "sellingAndMarketingExpenses": 0,
        "sellingGeneralAndAdministrativeExpenses": 13640000,
        "otherExpenses": -106812000,
        "operatingExpenses": -93172000,
        "costAndExpenses": -93172000,
        "interestIncome": 14657000,
        "interestExpense": 49033000,
        "depreciationAndAmortization": 26880000,
        "ebitda": 0,
        "ebitdaratio": 0,
        "operatingIncome": 100756000,
        "operatingIncomeRatio": 0.5195536488,
        "totalOtherIncomeExpensesNet": -75913000,
        "incomeBeforeTax": 0,
        "incomeBeforeTaxRatio": 0,
        "incomeTaxExpense": 49033000,
        "netIncome": 51723000,
        "netIncomeRatio": 0.2667123881,
        "eps": 0.58,
        "epsdiluted": 0.57,
        "weightedAverageShsOut": 88549442,
        "weightedAverageShsOutDil": 91154107,
        "link": "https://www.sec.gov/Archives/edgar/data/899689/000095012301001922/0000950123-01-001922-index.htm",
        "finalLink": "https://www.sec.gov/Archives/edgar/data/899689/000095012301001922/y45949e10-k405.txt"
    },
    {
        "date": "2000-09-30",
        "symbol": "VNO",
        "reportedCurrency": "USD",
        "cik": "0000899689",
        "fillingDate": "2000-11-02",
        "acceptedDate": "2000-11-02 00:00:00",
        "calendarYear": "2000",
        "period": "Q3",
        "revenue": 215655000,
        "costOfRevenue": 82700000,
        "grossProfit": 132955000,
        "grossProfitRatio": 0.6165171223,
        "researchAndDevelopmentExpenses": 0,
        "generalAndAdministrativeExpenses": 13304000,
        "sellingAndMarketingExpenses": 0,
        "sellingGeneralAndAdministrativeExpenses": 13304000,
        "otherExpenses": 25026000,
        "operatingExpenses": 38330000,
        "costAndExpenses": 121030000,
        "interestIncome": 7571000,
        "interestExpense": 42558000,
        "depreciationAndAmortization": 25026000,
        "ebitda": 156170000,
        "ebitdaratio": 0.7241659131,
        "operatingIncome": 94625000,
        "operatingIncomeRatio": 0.4387795321,
        "totalOtherIncomeExpensesNet": 1692000,
        "incomeBeforeTax": 96157000,
        "incomeBeforeTaxRatio": 0.4458834713,
        "incomeTaxExpense": 0,
        "netIncome": 68119000,
        "netIncomeRatio": 0.3158702557,
        "eps": 0.67,
        "epsdiluted": 0.64,
        "weightedAverageShsOut": 88301621,
        "weightedAverageShsOutDil": 91492693,
        "link": "https://www.sec.gov/Archives/edgar/data/899689/000095012300009970/0000950123-00-009970-index.htm",
        "finalLink": "https://www.sec.gov/Archives/edgar/data/899689/000095012300009970/y41870e10-q.txt"
    },
    {
        "date": "2000-06-30",
        "symbol": "VNO",
        "reportedCurrency": "USD",
        "cik": "0000899689",
        "fillingDate": "2000-08-02",
        "acceptedDate": "2000-08-02 00:00:00",
        "calendarYear": "2000",
        "period": "Q2",
        "revenue": 198745000,
        "costOfRevenue": 74366000,
        "grossProfit": 124379000,
        "grossProfitRatio": 0.6258220333,
        "researchAndDevelopmentExpenses": 0,
        "generalAndAdministrativeExpenses": 10770000,
        "sellingAndMarketingExpenses": 0,
        "sellingGeneralAndAdministrativeExpenses": 10770000,
        "otherExpenses": 24687000,
        "operatingExpenses": 35457000,
        "costAndExpenses": 109823000,
        "interestIncome": 4939000,
        "interestExpense": 39335000,
        "depreciationAndAmortization": 24687000,
        "ebitda": 140748000,
        "ebitdaratio": 0.7081838537,
        "operatingIncome": 88922000,
        "operatingIncomeRatio": 0.4474175451,
        "totalOtherIncomeExpensesNet": -7257000,
        "incomeBeforeTax": 81665000,
        "incomeBeforeTaxRatio": 0.410903419,
        "incomeTaxExpense": 0,
        "netIncome": 56953000,
        "netIncomeRatio": 0.286563184,
        "eps": 0.54,
        "epsdiluted": 0.52,
        "weightedAverageShsOut": 88112951,
        "weightedAverageShsOutDil": 90506510,
        "link": "https://www.sec.gov/Archives/edgar/data/899689/000095012300007088/0000950123-00-007088-index.htm",
        "finalLink": "https://www.sec.gov/Archives/edgar/data/899689/000095012300007088/e10-q.txt"
    },
    {
        "date": "2000-03-31",
        "symbol": "VNO",
        "reportedCurrency": "USD",
        "cik": "0000899689",
        "fillingDate": "2000-05-05",
        "acceptedDate": "2000-05-05 00:00:00",
        "calendarYear": "2000",
        "period": "Q1",
        "revenue": 195279000,
        "costOfRevenue": 76305000,
        "grossProfit": 118974000,
        "grossProfitRatio": 0.6092513788,
        "researchAndDevelopmentExpenses": 0,
        "generalAndAdministrativeExpenses": 10197000,
        "sellingAndMarketingExpenses": 0,
        "sellingGeneralAndAdministrativeExpenses": 10197000,
        "otherExpenses": 23253000,
        "operatingExpenses": 33450000,
        "costAndExpenses": 109755000,
        "interestIncome": 5759000,
        "interestExpense": 39347000,
        "depreciationAndAmortization": 23253000,
        "ebitda": 143753000,
        "ebitdaratio": 0.736141623,
        "operatingIncome": 85524000,
        "operatingIncomeRatio": 0.4379579986,
        "totalOtherIncomeExpensesNet": -4371000,
        "incomeBeforeTax": 81153000,
        "incomeBeforeTaxRatio": 0.4155746394,
        "incomeTaxExpense": 0,
        "netIncome": 57196000,
        "netIncomeRatio": 0.2928937571,
        "eps": 0.54,
        "epsdiluted": 0.53,
        "weightedAverageShsOut": 88092554,
        "weightedAverageShsOutDil": 89495851,
        "link": "https://www.sec.gov/Archives/edgar/data/899689/000095012300004581/0000950123-00-004581-index.html",
        "finalLink": "https://www.sec.gov/Archives/edgar/data/899689/000095012300004581/"
    },
    {
        "date": "1999-12-31",
        "symbol": "VNO",
        "reportedCurrency": "USD",
        "cik": "0000899689",
        "fillingDate": "2000-03-09",
        "acceptedDate": "2000-03-09 00:00:00",
        "calendarYear": "1999",
        "period": "Q4",
        "revenue": 150193000,
        "costOfRevenue": 0,
        "grossProfit": 150193000,
        "grossProfitRatio": 1,
        "researchAndDevelopmentExpenses": 0,
        "generalAndAdministrativeExpenses": 12681000,
        "sellingAndMarketingExpenses": 0,
        "sellingGeneralAndAdministrativeExpenses": 12681000,
        "otherExpenses": -80660000,
        "operatingExpenses": -67979000,
        "costAndExpenses": -67979000,
        "interestIncome": 5920000,
        "interestExpense": 35714000,
        "depreciationAndAmortization": 23285000,
        "ebitda": 0,
        "ebitdaratio": 0,
        "operatingIncome": 82214000,
        "operatingIncomeRatio": 0.5473890261,
        "totalOtherIncomeExpensesNet": -58999000,
        "incomeBeforeTax": 0,
        "incomeBeforeTaxRatio": 0,
        "incomeTaxExpense": 35714000,
        "netIncome": 46500000,
        "netIncomeRatio": 0.3096016459,
        "eps": 0.53,
        "epsdiluted": 0.52,
        "weightedAverageShsOut": 88092554,
        "weightedAverageShsOutDil": 89495851,
        "link": "https://www.sec.gov/Archives/edgar/data/899689/000095012300002119/0000950123-00-002119-index.html",
        "finalLink": "https://www.sec.gov/Archives/edgar/data/899689/000095012300002119/"
    },
    {
        "date": "1999-09-30",
        "symbol": "VNO",
        "reportedCurrency": "USD",
        "cik": "0000899689",
        "fillingDate": "1999-11-12",
        "acceptedDate": "1999-11-12 00:00:00",
        "calendarYear": "1999",
        "period": "Q3",
        "revenue": 182821000,
        "costOfRevenue": 74644000,
        "grossProfit": 108177000,
        "grossProfitRatio": 0.5917099239,
        "researchAndDevelopmentExpenses": 0,
        "generalAndAdministrativeExpenses": 7722000,
        "sellingAndMarketingExpenses": 0,
        "sellingGeneralAndAdministrativeExpenses": 7722000,
        "otherExpenses": 21438000,
        "operatingExpenses": 29160000,
        "costAndExpenses": 103804000,
        "interestIncome": 4222000,
        "interestExpense": 35085000,
        "depreciationAndAmortization": 21438000,
        "ebitda": 125004000,
        "ebitdaratio": 0.6837507726,
        "operatingIncome": 79017000,
        "operatingIncomeRatio": 0.4322096477,
        "totalOtherIncomeExpensesNet": -10536000,
        "incomeBeforeTax": 69428000,
        "incomeBeforeTaxRatio": 0.3797594368,
        "incomeTaxExpense": 14382000,
        "netIncome": 55046000,
        "netIncomeRatio": 0.3010923253,
        "eps": 0.51,
        "epsdiluted": 0.5,
        "weightedAverageShsOut": 87640766,
        "weightedAverageShsOutDil": 89224574,
        "link": "https://www.sec.gov/Archives/edgar/data/899689/000095012399010071/0000950123-99-010071-index.html",
        "finalLink": "https://www.sec.gov/Archives/edgar/data/899689/000095012399010071/"
    },
    {
        "date": "1999-06-30",
        "symbol": "VNO",
        "reportedCurrency": "USD",
        "cik": "0000899689",
        "fillingDate": "1999-08-09",
        "acceptedDate": "1999-08-09 00:00:00",
        "calendarYear": "1999",
        "period": "Q2",
        "revenue": 166188000,
        "costOfRevenue": 65925000,
        "grossProfit": 100263000,
        "grossProfitRatio": 0.6033107084,
        "researchAndDevelopmentExpenses": 0,
        "generalAndAdministrativeExpenses": 10169000,
        "sellingAndMarketingExpenses": 0,
        "sellingGeneralAndAdministrativeExpenses": 10169000,
        "otherExpenses": 19585000,
        "operatingExpenses": 29754000,
        "costAndExpenses": 95679000,
        "interestIncome": 4900000,
        "interestExpense": 35284000,
        "depreciationAndAmortization": 19585000,
        "ebitda": 117811000,
        "ebitdaratio": 0.7089019664,
        "operatingIncome": 70509000,
        "operatingIncomeRatio": 0.4242725107,
        "totalOtherIncomeExpensesNet": -7567000,
        "incomeBeforeTax": 63889000,
        "incomeBeforeTaxRatio": 0.3844381062,
        "incomeTaxExpense": 11863000,
        "netIncome": 52026000,
        "netIncomeRatio": 0.3130550942,
        "eps": 0.49,
        "epsdiluted": 0.48,
        "weightedAverageShsOut": 87332775,
        "weightedAverageShsOutDil": 89565200,
        "link": "https://www.sec.gov/Archives/edgar/data/899689/000095012399007314/0000950123-99-007314-index.html",
        "finalLink": "https://www.sec.gov/Archives/edgar/data/899689/000095012399007314/"
    },
    {
        "date": "1999-03-31",
        "symbol": "VNO",
        "reportedCurrency": "USD",
        "cik": "0000899689",
        "fillingDate": "1999-05-12",
        "acceptedDate": "1999-05-12 00:00:00",
        "calendarYear": "1999",
        "period": "Q1",
        "revenue": 163564000,
        "costOfRevenue": 65037000,
        "grossProfit": 98527000,
        "grossProfitRatio": 0.6023758284,
        "researchAndDevelopmentExpenses": 0,
        "generalAndAdministrativeExpenses": 9628000,
        "sellingAndMarketingExpenses": 0,
        "sellingGeneralAndAdministrativeExpenses": 9628000,
        "otherExpenses": 19292000,
        "operatingExpenses": 28920000,
        "costAndExpenses": 93957000,
        "interestIncome": 3458000,
        "interestExpense": 32159000,
        "depreciationAndAmortization": 19292000,
        "ebitda": 112459000,
        "ebitdaratio": 0.6875534959,
        "operatingIncome": 69607000,
        "operatingIncomeRatio": 0.4255643051,
        "totalOtherIncomeExpensesNet": -12057000,
        "incomeBeforeTax": 58043000,
        "incomeBeforeTaxRatio": 0.354864151,
        "incomeTaxExpense": 9115000,
        "netIncome": 48928000,
        "netIncomeRatio": 0.2991367294,
        "eps": 0.49,
        "epsdiluted": 0.48,
        "weightedAverageShsOut": 86773904,
        "weightedAverageShsOutDil": 88416863,
        "link": "https://www.sec.gov/Archives/edgar/data/899689/000095012399004510/0000950123-99-004510-index.html",
        "finalLink": "https://www.sec.gov/Archives/edgar/data/899689/"
    },
    {
        "date": "1998-12-31",
        "symbol": "VNO",
        "reportedCurrency": "USD",
        "cik": "0000899689",
        "fillingDate": "1999-03-31",
        "acceptedDate": "1999-03-31 00:00:00",
        "calendarYear": "1998",
        "period": "Q4",
        "revenue": 94994000,
        "costOfRevenue": 0,
        "grossProfit": 94994000,
        "grossProfitRatio": 1,
        "researchAndDevelopmentExpenses": 0,
        "generalAndAdministrativeExpenses": 9808000,
        "sellingAndMarketingExpenses": 0,
        "sellingGeneralAndAdministrativeExpenses": 9808000,
        "otherExpenses": -30623000,
        "operatingExpenses": -20815000,
        "costAndExpenses": -20815000,
        "interestIncome": 6033000,
        "interestExpense": 34164000,
        "depreciationAndAmortization": 17595000,
        "ebitda": 0,
        "ebitdaratio": 0,
        "operatingIncome": 74179000,
        "operatingIncomeRatio": 0.7808808977,
        "totalOtherIncomeExpensesNet": -51759000,
        "incomeBeforeTax": 0,
        "incomeBeforeTaxRatio": 0,
        "incomeTaxExpense": 34164000,
        "netIncome": 40015000,
        "netIncomeRatio": 0.4212371308,
        "eps": 0.46,
        "epsdiluted": 0.45,
        "weightedAverageShsOut": 86773904,
        "weightedAverageShsOutDil": 88416863,
        "link": "https://www.sec.gov/Archives/edgar/data/899689/000095012399002858/0000950123-99-002858-index.html",
        "finalLink": "https://www.sec.gov/Archives/edgar/data/899689/"
    },
    {
        "date": "1998-09-30",
        "symbol": "VNO",
        "reportedCurrency": "USD",
        "cik": "0000899689",
        "fillingDate": "1998-11-12",
        "acceptedDate": "1998-11-12 00:00:00",
        "calendarYear": "1998",
        "period": "Q3",
        "revenue": 140672000,
        "costOfRevenue": 58607000,
        "grossProfit": 82065000,
        "grossProfitRatio": 0.5833783553,
        "researchAndDevelopmentExpenses": 0,
        "generalAndAdministrativeExpenses": 6775000,
        "sellingAndMarketingExpenses": 0,
        "sellingGeneralAndAdministrativeExpenses": 6775000,
        "otherExpenses": 16210000,
        "operatingExpenses": 22985000,
        "costAndExpenses": 81592000,
        "interestIncome": 5230000,
        "interestExpense": 34034000,
        "depreciationAndAmortization": 14771000,
        "ebitda": 89375000,
        "ebitdaratio": 0.6353432097,
        "operatingIncome": 59080000,
        "operatingIncomeRatio": 0.4199840764,
        "totalOtherIncomeExpensesNet": -10300000,
        "incomeBeforeTax": 48780000,
        "incomeBeforeTaxRatio": 0.3467641037,
        "incomeTaxExpense": 0,
        "netIncome": 45082000,
        "netIncomeRatio": 0.3204760009,
        "eps": 0.46,
        "epsdiluted": 0.45,
        "weightedAverageShsOut": 85416500,
        "weightedAverageShsOutDil": 87122689,
        "link": "https://www.sec.gov/Archives/edgar/data/899689/000095012398009836/0000950123-98-009836-index.html",
        "finalLink": "https://www.sec.gov/Archives/edgar/data/899689/"
    },
    {
        "date": "1998-06-30",
        "symbol": "VNO",
        "reportedCurrency": "USD",
        "cik": "0000899689",
        "fillingDate": "1998-08-13",
        "acceptedDate": "1998-08-13 00:00:00",
        "calendarYear": "1998",
        "period": "Q2",
        "revenue": 128523000,
        "costOfRevenue": 51454000,
        "grossProfit": 77069000,
        "grossProfitRatio": 0.5996514243,
        "researchAndDevelopmentExpenses": 0,
        "generalAndAdministrativeExpenses": 7070000,
        "sellingAndMarketingExpenses": 0,
        "sellingGeneralAndAdministrativeExpenses": 7070000,
        "otherExpenses": 15029000,
        "operatingExpenses": 22099000,
        "costAndExpenses": 73553000,
        "interestIncome": 5271000,
        "interestExpense": 26679000,
        "depreciationAndAmortization": 15663000,
        "ebitda": 83150000,
        "ebitdaratio": 0.6469659127,
        "operatingIncome": 54970000,
        "operatingIncomeRatio": 0.4277055469,
        "totalOtherIncomeExpensesNet": -14162000,
        "incomeBeforeTax": 40808000,
        "incomeBeforeTaxRatio": 0.3175151529,
        "incomeTaxExpense": 0,
        "netIncome": 36316000,
        "netIncomeRatio": 0.2825642103,
        "eps": 0.37,
        "epsdiluted": 0.36,
        "weightedAverageShsOut": 83788840,
        "weightedAverageShsOutDil": 85915201,
        "link": "https://www.sec.gov/Archives/edgar/data/899689/000095012398007527/0000950123-98-007527-index.html",
        "finalLink": "https://www.sec.gov/Archives/edgar/data/899689/"
    },
    {
        "date": "1998-03-31",
        "symbol": "VNO",
        "reportedCurrency": "USD",
        "cik": "0000899689",
        "fillingDate": "1998-05-13",
        "acceptedDate": "1998-05-13 00:00:00",
        "calendarYear": "1998",
        "period": "Q1",
        "revenue": 90211000,
        "costOfRevenue": 34153000,
        "grossProfit": 56058000,
        "grossProfitRatio": 0.6214098059,
        "researchAndDevelopmentExpenses": 0,
        "generalAndAdministrativeExpenses": 4947000,
        "sellingAndMarketingExpenses": 0,
        "sellingGeneralAndAdministrativeExpenses": 4947000,
        "otherExpenses": 10366000,
        "operatingExpenses": 15313000,
        "costAndExpenses": 49466000,
        "interestIncome": 7566000,
        "interestExpense": 19823000,
        "depreciationAndAmortization": 11171000,
        "ebitda": 57492000,
        "ebitdaratio": 0.6373058718,
        "operatingIncome": 40745000,
        "operatingIncomeRatio": 0.4516633227,
        "totalOtherIncomeExpensesNet": -6681000,
        "incomeBeforeTax": 34064000,
        "incomeBeforeTaxRatio": 0.3776036182,
        "incomeTaxExpense": 0,
        "netIncome": 31487000,
        "netIncomeRatio": 0.3490372571,
        "eps": 0.35,
        "epsdiluted": 0.34,
        "weightedAverageShsOut": 73596582,
        "weightedAverageShsOutDil": 75827987,
        "link": "https://www.sec.gov/Archives/edgar/data/899689/000095012398004948/0000950123-98-004948-index.html",
        "finalLink": "https://www.sec.gov/Archives/edgar/data/899689/"
    },
    {
        "date": "1997-12-31",
        "symbol": "VNO",
        "reportedCurrency": "USD",
        "cik": "0000899689",
        "fillingDate": "1998-03-31",
        "acceptedDate": "1998-03-31 00:00:00",
        "calendarYear": "1997",
        "period": "Q4",
        "revenue": 60773000,
        "costOfRevenue": 0,
        "grossProfit": 60773000,
        "grossProfitRatio": 1,
        "researchAndDevelopmentExpenses": 0,
        "generalAndAdministrativeExpenses": -13355000,
        "sellingAndMarketingExpenses": 0,
        "sellingGeneralAndAdministrativeExpenses": -13355000,
        "otherExpenses": -13594000,
        "operatingExpenses": -26949000,
        "costAndExpenses": -26949000,
        "interestIncome": 0,
        "interestExpense": 11928000,
        "depreciationAndAmortization": 31388000,
        "ebitda": 0,
        "ebitdaratio": 0,
        "operatingIncome": 33824000,
        "operatingIncomeRatio": 0.5565629474,
        "totalOtherIncomeExpensesNet": -43316000,
        "incomeBeforeTax": 0,
        "incomeBeforeTaxRatio": 0,
        "incomeTaxExpense": 11928000,
        "netIncome": 21896000,
        "netIncomeRatio": 0.3602915769,
        "eps": 0.3,
        "epsdiluted": 0.29,
        "weightedAverageShsOut": 73596582,
        "weightedAverageShsOutDil": 75827987,
        "link": "https://www.sec.gov/Archives/edgar/data/899689/000095012398003157/0000950123-98-003157-index.html",
        "finalLink": "https://www.sec.gov/Archives/edgar/data/899689/"
    },
    {
        "date": "1997-09-30",
        "symbol": "VNO",
        "reportedCurrency": "USD",
        "cik": "0000899689",
        "fillingDate": "1997-11-14",
        "acceptedDate": "1997-11-14 00:00:00",
        "calendarYear": "1997",
        "period": "Q3",
        "revenue": 61868000,
        "costOfRevenue": 21899000,
        "grossProfit": 39969000,
        "grossProfitRatio": 0.6460367233,
        "researchAndDevelopmentExpenses": 0,
        "generalAndAdministrativeExpenses": 9709000,
        "sellingAndMarketingExpenses": 0,
        "sellingGeneralAndAdministrativeExpenses": 9709000,
        "otherExpenses": 6761000,
        "operatingExpenses": 16470000,
        "costAndExpenses": 38369000,
        "interestIncome": 7288000,
        "interestExpense": 13622000,
        "depreciationAndAmortization": 7035000,
        "ebitda": 38783000,
        "ebitdaratio": 0.6268668779,
        "operatingIncome": 23649000,
        "operatingIncomeRatio": 0.382249305,
        "totalOtherIncomeExpensesNet": -5523000,
        "incomeBeforeTax": 18126000,
        "incomeBeforeTaxRatio": 0.2929785996,
        "incomeTaxExpense": 0,
        "netIncome": 15626000,
        "netIncomeRatio": 0.2525699877,
        "eps": 0.2,
        "epsdiluted": 0.19,
        "weightedAverageShsOut": 53230425,
        "weightedAverageShsOutDil": 55033498,
        "link": "https://www.sec.gov/Archives/edgar/data/899689/000095012397009596/0000950123-97-009596-index.html",
        "finalLink": "https://www.sec.gov/Archives/edgar/data/899689/"
    },
    {
        "date": "1997-06-30",
        "symbol": "VNO",
        "reportedCurrency": "USD",
        "cik": "0000899689",
        "fillingDate": "1997-08-14",
        "acceptedDate": "1997-08-14 00:00:00",
        "calendarYear": "1997",
        "period": "Q2",
        "revenue": 50662000,
        "costOfRevenue": 18151000,
        "grossProfit": 32511000,
        "grossProfitRatio": 0.6417235798,
        "researchAndDevelopmentExpenses": 0,
        "generalAndAdministrativeExpenses": 9152000,
        "sellingAndMarketingExpenses": 0,
        "sellingGeneralAndAdministrativeExpenses": 9152000,
        "otherExpenses": 5612000,
        "operatingExpenses": 14764000,
        "costAndExpenses": 32915000,
        "interestIncome": 10482000,
        "interestExpense": 13272000,
        "depreciationAndAmortization": 5749000,
        "ebitda": 34909000,
        "ebitdaratio": 0.6890568868,
        "operatingIncome": 17897000,
        "operatingIncomeRatio": 0.3532628005,
        "totalOtherIncomeExpensesNet": -2009000,
        "incomeBeforeTax": 15888000,
        "incomeBeforeTaxRatio": 0.3136078323,
        "incomeTaxExpense": 0,
        "netIncome": 13788000,
        "netIncomeRatio": 0.272156646,
        "eps": 0.17,
        "epsdiluted": 0.17,
        "weightedAverageShsOut": 53219207,
        "weightedAverageShsOutDil": 54844828,
        "link": "https://www.sec.gov/Archives/edgar/data/899689/000095012397006902/0000950123-97-006902-index.html",
        "finalLink": "https://www.sec.gov/Archives/edgar/data/899689/"
    },
    {
        "date": "1997-03-31",
        "symbol": "VNO",
        "reportedCurrency": "USD",
        "cik": "0000899689",
        "fillingDate": "1997-05-13",
        "acceptedDate": "1997-05-13 00:00:00",
        "calendarYear": "1997",
        "period": "Q1",
        "revenue": 29297000,
        "costOfRevenue": 8507000,
        "grossProfit": 20790000,
        "grossProfitRatio": 0.7096289722,
        "researchAndDevelopmentExpenses": 0,
        "generalAndAdministrativeExpenses": 8094000,
        "sellingAndMarketingExpenses": 0,
        "sellingGeneralAndAdministrativeExpenses": 8094000,
        "otherExpenses": 3117000,
        "operatingExpenses": 11211000,
        "costAndExpenses": 19718000,
        "interestIncome": 3746000,
        "interestExpense": 4078000,
        "depreciationAndAmortization": 3228000,
        "ebitda": 16996000,
        "ebitdaratio": 0.5801276581,
        "operatingIncome": 9729000,
        "operatingIncomeRatio": 0.3320817831,
        "totalOtherIncomeExpensesNet": -39000,
        "incomeBeforeTax": 9690000,
        "incomeBeforeTaxRatio": 0.3307505888,
        "incomeTaxExpense": 0,
        "netIncome": 9690000,
        "netIncomeRatio": 0.3307505888,
        "eps": 0.19,
        "epsdiluted": 0.18,
        "weightedAverageShsOut": 53211048,
        "weightedAverageShsOutDil": 54153378,
        "link": "https://www.sec.gov/Archives/edgar/data/899689/000095012397004228/0000950123-97-004228-index.html",
        "finalLink": "https://www.sec.gov/Archives/edgar/data/899689/"
    },
    {
        "date": "1996-12-31",
        "symbol": "VNO",
        "reportedCurrency": "USD",
        "cik": "0000899689",
        "fillingDate": "1997-07-18",
        "acceptedDate": "1997-07-18 00:00:00",
        "calendarYear": "1996",
        "period": "Q4",
        "revenue": 30382000,
        "costOfRevenue": 0,
        "grossProfit": 30382000,
        "grossProfitRatio": 1,
        "researchAndDevelopmentExpenses": 0,
        "generalAndAdministrativeExpenses": 1311000,
        "sellingAndMarketingExpenses": 0,
        "sellingGeneralAndAdministrativeExpenses": 1311000,
        "otherExpenses": -12197000,
        "operatingExpenses": -10886000,
        "costAndExpenses": -10886000,
        "interestIncome": 0,
        "interestExpense": 4077000,
        "depreciationAndAmortization": 5269000,
        "ebitda": 0,
        "ebitdaratio": 0,
        "operatingIncome": 19496000,
        "operatingIncomeRatio": 0.6416957409,
        "totalOtherIncomeExpensesNet": -9346000,
        "incomeBeforeTax": 0,
        "incomeBeforeTaxRatio": 0,
        "incomeTaxExpense": 4077000,
        "netIncome": 15419000,
        "netIncomeRatio": 0.5075044434,
        "eps": 0.28,
        "epsdiluted": 0.28,
        "weightedAverageShsOut": 54152762,
        "weightedAverageShsOutDil": 54152762,
        "link": "https://www.sec.gov/Archives/edgar/data/899689/000095012397005996/0000950123-97-005996-index.html",
        "finalLink": "https://www.sec.gov/Archives/edgar/data/899689/"
    },
    {
        "date": "1996-09-30",
        "symbol": "VNO",
        "reportedCurrency": "USD",
        "cik": "0000899689",
        "fillingDate": "1996-11-12",
        "acceptedDate": "1996-11-12 00:00:00",
        "calendarYear": "1996",
        "period": "Q3",
        "revenue": 29063000,
        "costOfRevenue": 8885000,
        "grossProfit": 20178000,
        "grossProfitRatio": 0.6942848295,
        "researchAndDevelopmentExpenses": 0,
        "generalAndAdministrativeExpenses": 1381000,
        "sellingAndMarketingExpenses": 0,
        "sellingGeneralAndAdministrativeExpenses": 1381000,
        "otherExpenses": 3086000,
        "operatingExpenses": 4467000,
        "costAndExpenses": 13352000,
        "interestIncome": 3097000,
        "interestExpense": 4208000,
        "depreciationAndAmortization": 3189000,
        "ebitda": 22336000,
        "ebitdaratio": 0.7685373155,
        "operatingIncome": 15868000,
        "operatingIncomeRatio": 0.5459863056,
        "totalOtherIncomeExpensesNet": -929000,
        "incomeBeforeTax": 14939000,
        "incomeBeforeTaxRatio": 0.5140212642,
        "incomeTaxExpense": 0,
        "netIncome": 14939000,
        "netIncomeRatio": 0.5140212642,
        "eps": 0.3,
        "epsdiluted": 0.3,
        "weightedAverageShsOut": 50081692,
        "weightedAverageShsOutDil": 50081692,
        "link": "https://www.sec.gov/Archives/edgar/data/899689/000095012396006394/0000950123-96-006394-index.html",
        "finalLink": "https://www.sec.gov/Archives/edgar/data/899689/"
    },
    {
        "date": "1996-06-30",
        "symbol": "VNO",
        "reportedCurrency": "USD",
        "cik": "0000899689",
        "fillingDate": "1996-08-12",
        "acceptedDate": "1996-08-12 00:00:00",
        "calendarYear": "1996",
        "period": "Q2",
        "revenue": 29245000,
        "costOfRevenue": 9145000,
        "grossProfit": 20100000,
        "grossProfitRatio": 0.6872969738,
        "researchAndDevelopmentExpenses": 0,
        "generalAndAdministrativeExpenses": 1319000,
        "sellingAndMarketingExpenses": 0,
        "sellingGeneralAndAdministrativeExpenses": 1319000,
        "otherExpenses": 3054000,
        "operatingExpenses": 4373000,
        "costAndExpenses": 13518000,
        "interestIncome": 3215000,
        "interestExpense": 4192000,
        "depreciationAndAmortization": 3152000,
        "ebitda": 22464000,
        "ebitdaratio": 0.7681313045,
        "operatingIncome": 15884000,
        "operatingIncomeRatio": 0.5431355787,
        "totalOtherIncomeExpensesNet": -764000,
        "incomeBeforeTax": 15120000,
        "incomeBeforeTaxRatio": 0.5170114549,
        "incomeTaxExpense": -116000,
        "netIncome": 15120000,
        "netIncomeRatio": 0.5170114549,
        "eps": 0.3,
        "epsdiluted": 0.3,
        "weightedAverageShsOut": 49901359,
        "weightedAverageShsOutDil": 49901359,
        "link": "https://www.sec.gov/Archives/edgar/data/899689/000095012396004285/0000950123-96-004285-index.html",
        "finalLink": "https://www.sec.gov/Archives/edgar/data/899689/"
    },
    {
        "date": "1996-03-31",
        "symbol": "VNO",
        "reportedCurrency": "USD",
        "cik": "0000899689",
        "fillingDate": "1996-05-13",
        "acceptedDate": "1996-05-13 00:00:00",
        "calendarYear": "1996",
        "period": "Q1",
        "revenue": 28610000,
        "costOfRevenue": 8914000,
        "grossProfit": 19696000,
        "grossProfitRatio": 0.6884306187,
        "researchAndDevelopmentExpenses": 0,
        "generalAndAdministrativeExpenses": 1189000,
        "sellingAndMarketingExpenses": 0,
        "sellingGeneralAndAdministrativeExpenses": 1189000,
        "otherExpenses": 2992000,
        "operatingExpenses": 4181000,
        "costAndExpenses": 13095000,
        "interestIncome": 3267000,
        "interestExpense": 4223000,
        "depreciationAndAmortization": 3090000,
        "ebitda": 23235000,
        "ebitdaratio": 0.8121286264,
        "operatingIncome": 15672000,
        "operatingIncomeRatio": 0.5477804963,
        "totalOtherIncomeExpensesNet": 250000,
        "incomeBeforeTax": 15922000,
        "incomeBeforeTaxRatio": 0.5565186998,
        "incomeTaxExpense": 0,
        "netIncome": 15922000,
        "netIncomeRatio": 0.5565186998,
        "eps": 0.32,
        "epsdiluted": 0.32,
        "weightedAverageShsOut": 49899590,
        "weightedAverageShsOutDil": 49899590,
        "link": "https://www.sec.gov/Archives/edgar/data/899689/000095012396002242/0000950123-96-002242-index.html",
        "finalLink": "https://www.sec.gov/Archives/edgar/data/899689/"
    },
    {
        "date": "1995-12-31",
        "symbol": "VNO",
        "reportedCurrency": "USD",
        "cik": "0000899689",
        "fillingDate": "1996-03-28",
        "acceptedDate": "1996-03-28 00:00:00",
        "calendarYear": "1995",
        "period": "Q4",
        "revenue": 22898000,
        "costOfRevenue": 0,
        "grossProfit": 22898000,
        "grossProfitRatio": 1,
        "researchAndDevelopmentExpenses": 0,
        "generalAndAdministrativeExpenses": 1682000,
        "sellingAndMarketingExpenses": 0,
        "sellingGeneralAndAdministrativeExpenses": 1682000,
        "otherExpenses": -6263000,
        "operatingExpenses": -4581000,
        "costAndExpenses": -4581000,
        "interestIncome": 3188000,
        "interestExpense": 3906000,
        "depreciationAndAmortization": 3061000,
        "ebitda": 0,
        "ebitdaratio": 0,
        "operatingIncome": 18317000,
        "operatingIncomeRatio": 0.7999388593,
        "totalOtherIncomeExpensesNet": -6967000,
        "incomeBeforeTax": 0,
        "incomeBeforeTaxRatio": 0,
        "incomeTaxExpense": 3906000,
        "netIncome": 14411000,
        "netIncomeRatio": 0.6293562757,
        "eps": 0.29,
        "epsdiluted": 0.29,
        "weightedAverageShsOut": 47453928,
        "weightedAverageShsOutDil": 49899590,
        "link": "https://www.sec.gov/Archives/edgar/data/899689/000095012396001376/0000950123-96-001376-index.html",
        "finalLink": "https://www.sec.gov/Archives/edgar/data/899689/"
    },
    {
        "date": "1995-09-30",
        "symbol": "VNO",
        "reportedCurrency": "USD",
        "cik": "0000899689",
        "fillingDate": "1995-11-14",
        "acceptedDate": "1995-11-14 00:00:00",
        "calendarYear": "1995",
        "period": "Q3",
        "revenue": 26630000,
        "costOfRevenue": 8095000,
        "grossProfit": 18535000,
        "grossProfitRatio": 0.6960195268,
        "researchAndDevelopmentExpenses": 0,
        "generalAndAdministrativeExpenses": 1181000,
        "sellingAndMarketingExpenses": 0,
        "sellingGeneralAndAdministrativeExpenses": 1181000,
        "otherExpenses": 2895000,
        "operatingExpenses": 4076000,
        "costAndExpenses": 12171000,
        "interestIncome": 3177000,
        "interestExpense": 3922000,
        "depreciationAndAmortization": 3002000,
        "ebitda": 20491000,
        "ebitdaratio": 0.769470522,
        "operatingIncome": 14615000,
        "operatingIncomeRatio": 0.5488171235,
        "totalOtherIncomeExpensesNet": -1048000,
        "incomeBeforeTax": 13567000,
        "incomeBeforeTaxRatio": 0.5094630116,
        "incomeTaxExpense": -79000,
        "netIncome": 13567000,
        "netIncomeRatio": 0.5094630116,
        "eps": 0.27,
        "epsdiluted": 0.27,
        "weightedAverageShsOut": 49813014,
        "weightedAverageShsOutDil": 49813014,
        "link": "https://www.sec.gov/Archives/edgar/data/899689/000095012395003299/0000950123-95-003299-index.html",
        "finalLink": "https://www.sec.gov/Archives/edgar/data/899689/"
    },
    {
        "date": "1995-06-30",
        "symbol": "VNO",
        "reportedCurrency": "USD",
        "cik": "0000899689",
        "fillingDate": "1995-08-14",
        "acceptedDate": "1995-08-14 00:00:00",
        "calendarYear": "1995",
        "period": "Q2",
        "revenue": 27056000,
        "costOfRevenue": 7427000,
        "grossProfit": 19629000,
        "grossProfitRatio": 0.7254952691,
        "researchAndDevelopmentExpenses": 0,
        "generalAndAdministrativeExpenses": 2134000,
        "sellingAndMarketingExpenses": 0,
        "sellingGeneralAndAdministrativeExpenses": 2134000,
        "otherExpenses": 2726000,
        "operatingExpenses": 4860000,
        "costAndExpenses": 12287000,
        "interestIncome": 3465000,
        "interestExpense": 4387000,
        "depreciationAndAmortization": 2936000,
        "ebitda": 20508000,
        "ebitdaratio": 0.7579834418,
        "operatingIncome": 14821000,
        "operatingIncomeRatio": 0.5477897694,
        "totalOtherIncomeExpensesNet": -1636000,
        "incomeBeforeTax": 13185000,
        "incomeBeforeTaxRatio": 0.4873225902,
        "incomeTaxExpense": 0,
        "netIncome": 13185000,
        "netIncomeRatio": 0.4873225902,
        "eps": 0.27,
        "epsdiluted": 0.27,
        "weightedAverageShsOut": 47950222,
        "weightedAverageShsOutDil": 47950222,
        "link": "https://www.sec.gov/Archives/edgar/data/899689/000095012395002339/0000950123-95-002339-index.html",
        "finalLink": "https://www.sec.gov/Archives/edgar/data/899689/"
    },
    {
        "date": "1995-03-31",
        "symbol": "VNO",
        "reportedCurrency": "USD",
        "cik": "0000899689",
        "fillingDate": "1995-05-12",
        "acceptedDate": "1995-05-12 00:00:00",
        "calendarYear": "1995",
        "period": "Q1",
        "revenue": 26216000,
        "costOfRevenue": 7560000,
        "grossProfit": 18656000,
        "grossProfitRatio": 0.7116264876,
        "researchAndDevelopmentExpenses": 0,
        "generalAndAdministrativeExpenses": 1703000,
        "sellingAndMarketingExpenses": 0,
        "sellingGeneralAndAdministrativeExpenses": 1703000,
        "otherExpenses": 2618000,
        "operatingExpenses": 4321000,
        "costAndExpenses": 11881000,
        "interestIncome": 1970000,
        "interestExpense": 4185000,
        "depreciationAndAmortization": 2801000,
        "ebitda": 18823000,
        "ebitdaratio": 0.7179966433,
        "operatingIncome": 14387000,
        "operatingIncomeRatio": 0.5487870003,
        "totalOtherIncomeExpensesNet": -2550000,
        "incomeBeforeTax": 11837000,
        "incomeBeforeTaxRatio": 0.4515181569,
        "incomeTaxExpense": 0,
        "netIncome": 11837000,
        "netIncomeRatio": 0.4515181569,
        "eps": 0.26,
        "epsdiluted": 0.26,
        "weightedAverageShsOut": 44598550,
        "weightedAverageShsOutDil": 44598550,
        "link": "https://www.sec.gov/Archives/edgar/data/899689/000095012395001357/0000950123-95-001357-index.html",
        "finalLink": "https://www.sec.gov/Archives/edgar/data/899689/"
    },
    {
        "date": "1994-12-31",
        "symbol": "VNO",
        "reportedCurrency": "USD",
        "cik": "0000899689",
        "fillingDate": "1995-12-20",
        "acceptedDate": "1995-12-20 00:00:00",
        "calendarYear": "1994",
        "period": "Q4",
        "revenue": 40500000,
        "costOfRevenue": 0,
        "grossProfit": 40500000,
        "grossProfitRatio": 1,
        "researchAndDevelopmentExpenses": 0,
        "generalAndAdministrativeExpenses": 2900000,
        "sellingAndMarketingExpenses": 0,
        "sellingGeneralAndAdministrativeExpenses": 2900000,
        "otherExpenses": -29500000,
        "operatingExpenses": -26600000,
        "costAndExpenses": -26600000,
        "interestIncome": 0,
        "interestExpense": 3400000,
        "depreciationAndAmortization": 2800000,
        "ebitda": 0,
        "ebitdaratio": 0,
        "operatingIncome": 13900000,
        "operatingIncomeRatio": 0.3432098765,
        "totalOtherIncomeExpensesNet": -6200000,
        "incomeBeforeTax": 0,
        "incomeBeforeTaxRatio": 0,
        "incomeTaxExpense": 3400000,
        "netIncome": 10500000,
        "netIncomeRatio": 0.2592592593,
        "eps": 0.24,
        "epsdiluted": 0.24,
        "weightedAverageShsOut": 44038183,
        "weightedAverageShsOutDil": 44598550,
        "link": "https://www.sec.gov/Archives/edgar/data/899689/000095012395003776/0000950123-95-003776-index.html",
        "finalLink": "https://www.sec.gov/Archives/edgar/data/899689/"
    },
    {
        "date": "1994-09-30",
        "symbol": "VNO",
        "reportedCurrency": "USD",
        "cik": "0000899689",
        "fillingDate": "1994-09-30",
        "acceptedDate": "1994-09-30 00:00:00",
        "calendarYear": "1994",
        "period": "Q3",
        "revenue": 16200000,
        "costOfRevenue": 0,
        "grossProfit": 16200000,
        "grossProfitRatio": 1,
        "researchAndDevelopmentExpenses": 0,
        "generalAndAdministrativeExpenses": 1200000,
        "sellingAndMarketingExpenses": 0,
        "sellingGeneralAndAdministrativeExpenses": 1200000,
        "otherExpenses": -3400000,
        "operatingExpenses": -2200000,
        "costAndExpenses": -2200000,
        "interestIncome": 1870000,
        "interestExpense": 3500000,
        "depreciationAndAmortization": 2700000,
        "ebitda": 16793000,
        "ebitdaratio": 1.0366049383,
        "operatingIncome": 14000000,
        "operatingIncomeRatio": 0.8641975309,
        "totalOtherIncomeExpensesNet": -3470000,
        "incomeBeforeTax": 0,
        "incomeBeforeTaxRatio": 0,
        "incomeTaxExpense": 3500000,
        "netIncome": 10500000,
        "netIncomeRatio": 0.6481481481,
        "eps": 0.24,
        "epsdiluted": 0.24,
        "weightedAverageShsOut": 44603971,
        "weightedAverageShsOutDil": 44784174,
        "link": null,
        "finalLink": null
    },
    {
        "date": "1994-06-30",
        "symbol": "VNO",
        "reportedCurrency": "USD",
        "cik": "0000899689",
        "fillingDate": "1994-06-30",
        "acceptedDate": "1994-06-30 00:00:00",
        "calendarYear": "1994",
        "period": "Q2",
        "revenue": 15800000,
        "costOfRevenue": 0,
        "grossProfit": 15800000,
        "grossProfitRatio": 1,
        "researchAndDevelopmentExpenses": 0,
        "generalAndAdministrativeExpenses": 1300000,
        "sellingAndMarketingExpenses": 0,
        "sellingGeneralAndAdministrativeExpenses": 1300000,
        "otherExpenses": -3400000,
        "operatingExpenses": -2100000,
        "costAndExpenses": -2100000,
        "interestIncome": 1905000,
        "interestExpense": 3600000,
        "depreciationAndAmortization": 2700000,
        "ebitda": 16417000,
        "ebitdaratio": 1.0390506329,
        "operatingIncome": 13700000,
        "operatingIncomeRatio": 0.8670886076,
        "totalOtherIncomeExpensesNet": -3586000,
        "incomeBeforeTax": 0,
        "incomeBeforeTaxRatio": 0,
        "incomeTaxExpense": 3600000,
        "netIncome": 10100000,
        "netIncomeRatio": 0.6392405063,
        "eps": 0.23,
        "epsdiluted": 0.23,
        "weightedAverageShsOut": 44600750,
        "weightedAverageShsOutDil": 44784174,
        "link": null,
        "finalLink": null
    },
    {
        "date": "1994-03-31",
        "symbol": "VNO",
        "reportedCurrency": "USD",
        "cik": "0000899689",
        "fillingDate": "1994-03-31",
        "acceptedDate": "1994-03-31 00:00:00",
        "calendarYear": "1994",
        "period": "Q1",
        "revenue": 15600000,
        "costOfRevenue": 0,
        "grossProfit": 15600000,
        "grossProfitRatio": 1,
        "researchAndDevelopmentExpenses": 0,
        "generalAndAdministrativeExpenses": 1200000,
        "sellingAndMarketingExpenses": 0,
        "sellingGeneralAndAdministrativeExpenses": 1200000,
        "otherExpenses": -3100000,
        "operatingExpenses": -1900000,
        "costAndExpenses": -1900000,
        "interestIncome": 1880000,
        "interestExpense": 3600000,
        "depreciationAndAmortization": 2600000,
        "ebitda": 16368000,
        "ebitdaratio": 1.0492307692,
        "operatingIncome": 13700000,
        "operatingIncomeRatio": 0.8782051282,
        "totalOtherIncomeExpensesNet": -3596000,
        "incomeBeforeTax": 0,
        "incomeBeforeTaxRatio": 0,
        "incomeTaxExpense": 3600000,
        "netIncome": 10100000,
        "netIncomeRatio": 0.6474358974,
        "eps": 0.23,
        "epsdiluted": 0.23,
        "weightedAverageShsOut": 44610433,
        "weightedAverageShsOutDil": 44610433,
        "link": null,
        "finalLink": null
    },
    {
        "date": "1993-12-31",
        "symbol": "VNO",
        "reportedCurrency": "USD",
        "cik": "0000899689",
        "fillingDate": "1993-12-31",
        "acceptedDate": "1993-12-31 00:00:00",
        "calendarYear": "1993",
        "period": "Q4",
        "revenue": 13400000,
        "costOfRevenue": 0,
        "grossProfit": 13400000,
        "grossProfitRatio": 1,
        "researchAndDevelopmentExpenses": 0,
        "generalAndAdministrativeExpenses": 1200000,
        "sellingAndMarketingExpenses": 0,
        "sellingGeneralAndAdministrativeExpenses": 1200000,
        "otherExpenses": -300000,
        "operatingExpenses": 900000,
        "costAndExpenses": 900000,
        "interestIncome": 0,
        "interestExpense": 6100000,
        "depreciationAndAmortization": 2800000,
        "ebitda": 17100000,
        "ebitdaratio": 1.276119403,
        "operatingIncome": 14300000,
        "operatingIncomeRatio": 1.0671641791,
        "totalOtherIncomeExpensesNet": -6100000,
        "incomeBeforeTax": 8200000,
        "incomeBeforeTaxRatio": 0.6119402985,
        "incomeTaxExpense": 0,
        "netIncome": 5000000,
        "netIncomeRatio": 0.3731343284,
        "eps": 0.11,
        "epsdiluted": 0.11,
        "weightedAverageShsOut": 44784174,
        "weightedAverageShsOutDil": 44784174,
        "link": null,
        "finalLink": null
    },
    {
        "date": "1993-09-30",
        "symbol": "VNO",
        "reportedCurrency": "USD",
        "cik": "0000899689",
        "fillingDate": "1993-09-30",
        "acceptedDate": "1993-09-30 00:00:00",
        "calendarYear": "1993",
        "period": "Q3",
        "revenue": 11900000,
        "costOfRevenue": 0,
        "grossProfit": 11900000,
        "grossProfitRatio": 1,
        "researchAndDevelopmentExpenses": 0,
        "generalAndAdministrativeExpenses": 700000,
        "sellingAndMarketingExpenses": 0,
        "sellingGeneralAndAdministrativeExpenses": 700000,
        "otherExpenses": 2900000,
        "operatingExpenses": 3600000,
        "costAndExpenses": 3600000,
        "interestIncome": 0,
        "interestExpense": 8400000,
        "depreciationAndAmortization": 2900000,
        "ebitda": 0,
        "ebitdaratio": 0,
        "operatingIncome": 15500000,
        "operatingIncomeRatio": 1.3025210084,
        "totalOtherIncomeExpensesNet": -11300000,
        "incomeBeforeTax": 0,
        "incomeBeforeTaxRatio": 0,
        "incomeTaxExpense": 8400000,
        "netIncome": 7100000,
        "netIncomeRatio": 0.5966386555,
        "eps": 0.17,
        "epsdiluted": 0.17,
        "weightedAverageShsOut": 42593219,
        "weightedAverageShsOutDil": 42593219,
        "link": null,
        "finalLink": null
    },
    {
        "date": "1993-06-30",
        "symbol": "VNO",
        "reportedCurrency": "USD",
        "cik": "0000899689",
        "fillingDate": "1993-06-30",
        "acceptedDate": "1993-06-30 00:00:00",
        "calendarYear": "1993",
        "period": "Q2",
        "revenue": 11700000,
        "costOfRevenue": 0,
        "grossProfit": 11700000,
        "grossProfitRatio": 1,
        "researchAndDevelopmentExpenses": 0,
        "generalAndAdministrativeExpenses": 1200000,
        "sellingAndMarketingExpenses": 0,
        "sellingGeneralAndAdministrativeExpenses": 1200000,
        "otherExpenses": 200000,
        "operatingExpenses": 1400000,
        "costAndExpenses": 1400000,
        "interestIncome": 0,
        "interestExpense": 8300000,
        "depreciationAndAmortization": 2800000,
        "ebitda": 15900000,
        "ebitdaratio": 1.358974359,
        "operatingIncome": 13100000,
        "operatingIncomeRatio": 1.1196581197,
        "totalOtherIncomeExpensesNet": -8300000,
        "incomeBeforeTax": 4800000,
        "incomeBeforeTaxRatio": 0.4102564103,
        "incomeTaxExpense": -8500000,
        "netIncome": 13100000,
        "netIncomeRatio": 1.1196581197,
        "eps": 0.33,
        "epsdiluted": 0.33,
        "weightedAverageShsOut": 39293744,
        "weightedAverageShsOutDil": 39293744,
        "link": null,
        "finalLink": null
    },
    {
        "date": "1993-03-31",
        "symbol": "VNO",
        "reportedCurrency": "USD",
        "cik": "0000899689",
        "fillingDate": "1993-03-31",
        "acceptedDate": "1993-03-31 00:00:00",
        "calendarYear": "1993",
        "period": "Q1",
        "revenue": 11000000,
        "costOfRevenue": 0,
        "grossProfit": 11000000,
        "grossProfitRatio": 1,
        "researchAndDevelopmentExpenses": 0,
        "generalAndAdministrativeExpenses": 1200000,
        "sellingAndMarketingExpenses": 0,
        "sellingGeneralAndAdministrativeExpenses": 1200000,
        "otherExpenses": 1600000,
        "operatingExpenses": 2800000,
        "costAndExpenses": 2800000,
        "interestIncome": 0,
        "interestExpense": 8400000,
        "depreciationAndAmortization": 2900000,
        "ebitda": 16700000,
        "ebitdaratio": 1.5181818182,
        "operatingIncome": 13800000,
        "operatingIncomeRatio": 1.2545454545,
        "totalOtherIncomeExpensesNet": -8400000,
        "incomeBeforeTax": 5400000,
        "incomeBeforeTaxRatio": 0.4909090909,
        "incomeTaxExpense": 2200000,
        "netIncome": 2800000,
        "netIncomeRatio": 0.2545454545,
        "eps": 0.0882,
        "epsdiluted": 0.0882,
        "weightedAverageShsOut": 31728282,
        "weightedAverageShsOutDil": 31728282,
        "link": null,
        "finalLink": null
    },
    {
        "date": "1992-12-31",
        "symbol": "VNO",
        "reportedCurrency": "USD",
        "cik": "0000899689",
        "fillingDate": "1992-12-31",
        "acceptedDate": "1992-12-31 00:00:00",
        "calendarYear": "1992",
        "period": "Q4",
        "revenue": 11200000,
        "costOfRevenue": 0,
        "grossProfit": 11200000,
        "grossProfitRatio": 1,
        "researchAndDevelopmentExpenses": 0,
        "generalAndAdministrativeExpenses": 1000000,
        "sellingAndMarketingExpenses": 0,
        "sellingGeneralAndAdministrativeExpenses": 1000000,
        "otherExpenses": -14000000,
        "operatingExpenses": -13000000,
        "costAndExpenses": -13000000,
        "interestIncome": 0,
        "interestExpense": 8400000,
        "depreciationAndAmortization": 3000000,
        "ebitda": 1200000,
        "ebitdaratio": 0.1071428571,
        "operatingIncome": -1800000,
        "operatingIncomeRatio": -0.1607142857,
        "totalOtherIncomeExpensesNet": -10200000,
        "incomeBeforeTax": -10200000,
        "incomeBeforeTaxRatio": -0.9107142857,
        "incomeTaxExpense": -3900000,
        "netIncome": -6300000,
        "netIncomeRatio": -0.5625,
        "eps": -0.2,
        "epsdiluted": -0.2,
        "weightedAverageShsOut": 31728282,
        "weightedAverageShsOutDil": 31728282,
        "link": null,
        "finalLink": null
    },
    {
        "date": "1992-09-30",
        "symbol": "VNO",
        "reportedCurrency": "USD",
        "cik": "0000899689",
        "fillingDate": "1992-09-30",
        "acceptedDate": "1992-09-30 00:00:00",
        "calendarYear": "1992",
        "period": "Q3",
        "revenue": 9400000,
        "costOfRevenue": 0,
        "grossProfit": 9400000,
        "grossProfitRatio": 1,
        "researchAndDevelopmentExpenses": 0,
        "generalAndAdministrativeExpenses": 1100000,
        "sellingAndMarketingExpenses": 0,
        "sellingGeneralAndAdministrativeExpenses": 1100000,
        "otherExpenses": 2000000,
        "operatingExpenses": 3100000,
        "costAndExpenses": 3100000,
        "interestIncome": 0,
        "interestExpense": 8500000,
        "depreciationAndAmortization": 2800000,
        "ebitda": 15300000,
        "ebitdaratio": 1.6276595745,
        "operatingIncome": 12500000,
        "operatingIncomeRatio": 1.329787234,
        "totalOtherIncomeExpensesNet": -8500000,
        "incomeBeforeTax": 4000000,
        "incomeBeforeTaxRatio": 0.4255319149,
        "incomeTaxExpense": 1600000,
        "netIncome": 2400000,
        "netIncomeRatio": 0.2553191489,
        "eps": 0.0784,
        "epsdiluted": 0.0784,
        "weightedAverageShsOut": 30595129,
        "weightedAverageShsOutDil": 30595129,
        "link": null,
        "finalLink": null
    },
    {
        "date": "1992-06-30",
        "symbol": "VNO",
        "reportedCurrency": "USD",
        "cik": "0000899689",
        "fillingDate": "1992-06-30",
        "acceptedDate": "1992-06-30 00:00:00",
        "calendarYear": "1992",
        "period": "Q2",
        "revenue": 10200000,
        "costOfRevenue": 0,
        "grossProfit": 10200000,
        "grossProfitRatio": 1,
        "researchAndDevelopmentExpenses": 0,
        "generalAndAdministrativeExpenses": 1200000,
        "sellingAndMarketingExpenses": 0,
        "sellingGeneralAndAdministrativeExpenses": 1200000,
        "otherExpenses": 1400000,
        "operatingExpenses": 2600000,
        "costAndExpenses": 2600000,
        "interestIncome": 0,
        "interestExpense": 8500000,
        "depreciationAndAmortization": 2900000,
        "ebitda": 15700000,
        "ebitdaratio": 1.5392156863,
        "operatingIncome": 12800000,
        "operatingIncomeRatio": 1.2549019608,
        "totalOtherIncomeExpensesNet": -8500000,
        "incomeBeforeTax": 4300000,
        "incomeBeforeTaxRatio": 0.4215686275,
        "incomeTaxExpense": 1700000,
        "netIncome": 2600000,
        "netIncomeRatio": 0.2549019608,
        "eps": 0.0784,
        "epsdiluted": 0.0784,
        "weightedAverageShsOut": 33144723,
        "weightedAverageShsOutDil": 33144723,
        "link": null,
        "finalLink": null
    },
    {
        "date": "1992-03-31",
        "symbol": "VNO",
        "reportedCurrency": "USD",
        "cik": "0000899689",
        "fillingDate": "1992-03-31",
        "acceptedDate": "1992-03-31 00:00:00",
        "calendarYear": "1992",
        "period": "Q1",
        "revenue": 9900000,
        "costOfRevenue": 0,
        "grossProfit": 9900000,
        "grossProfitRatio": 1,
        "researchAndDevelopmentExpenses": 0,
        "generalAndAdministrativeExpenses": 1000000,
        "sellingAndMarketingExpenses": 0,
        "sellingGeneralAndAdministrativeExpenses": 1000000,
        "otherExpenses": 1800000,
        "operatingExpenses": 2800000,
        "costAndExpenses": 2800000,
        "interestIncome": 0,
        "interestExpense": 8500000,
        "depreciationAndAmortization": 2800000,
        "ebitda": 15500000,
        "ebitdaratio": 1.5656565657,
        "operatingIncome": 12700000,
        "operatingIncomeRatio": 1.2828282828,
        "totalOtherIncomeExpensesNet": -8500000,
        "incomeBeforeTax": 4200000,
        "incomeBeforeTaxRatio": 0.4242424242,
        "incomeTaxExpense": 1700000,
        "netIncome": 2500000,
        "netIncomeRatio": 0.2525252525,
        "eps": 0.0784,
        "epsdiluted": 0.0784,
        "weightedAverageShsOut": 31869926,
        "weightedAverageShsOutDil": 31869926,
        "link": null,
        "finalLink": null
    },
    {
        "date": "1991-12-31",
        "symbol": "VNO",
        "reportedCurrency": "USD",
        "cik": "0000899689",
        "fillingDate": "1991-12-31",
        "acceptedDate": "1991-12-31 00:00:00",
        "calendarYear": "1991",
        "period": "Q4",
        "revenue": 9700000,
        "costOfRevenue": 0,
        "grossProfit": 9700000,
        "grossProfitRatio": 1,
        "researchAndDevelopmentExpenses": 0,
        "generalAndAdministrativeExpenses": 1500000,
        "sellingAndMarketingExpenses": 0,
        "sellingGeneralAndAdministrativeExpenses": 1500000,
        "otherExpenses": 500000,
        "operatingExpenses": 2000000,
        "costAndExpenses": 2000000,
        "interestIncome": 2200000,
        "interestExpense": 8600000,
        "depreciationAndAmortization": 3000000,
        "ebitda": 15400000,
        "ebitdaratio": 1.587628866,
        "operatingIncome": 11700000,
        "operatingIncomeRatio": 1.206185567,
        "totalOtherIncomeExpensesNet": -7900000,
        "incomeBeforeTax": 3800000,
        "incomeBeforeTaxRatio": 0.3917525773,
        "incomeTaxExpense": 1800000,
        "netIncome": 1700000,
        "netIncomeRatio": 0.175257732,
        "eps": 0.053,
        "epsdiluted": 0.053,
        "weightedAverageShsOut": 31869926,
        "weightedAverageShsOutDil": 31869926,
        "link": null,
        "finalLink": null
    },
    {
        "date": "1991-09-30",
        "symbol": "VNO",
        "reportedCurrency": "USD",
        "cik": "0000899689",
        "fillingDate": "1991-09-30",
        "acceptedDate": "1991-09-30 00:00:00",
        "calendarYear": "1991",
        "period": "Q3",
        "revenue": 11300000,
        "costOfRevenue": 0,
        "grossProfit": 11300000,
        "grossProfitRatio": 1,
        "researchAndDevelopmentExpenses": 0,
        "generalAndAdministrativeExpenses": 1200000,
        "sellingAndMarketingExpenses": 0,
        "sellingGeneralAndAdministrativeExpenses": 1200000,
        "otherExpenses": -200000,
        "operatingExpenses": 1000000,
        "costAndExpenses": 1000000,
        "interestIncome": 2500000,
        "interestExpense": 8800000,
        "depreciationAndAmortization": 2700000,
        "ebitda": 17300000,
        "ebitdaratio": 1.5309734513,
        "operatingIncome": 12300000,
        "operatingIncomeRatio": 1.0884955752,
        "totalOtherIncomeExpensesNet": -6500000,
        "incomeBeforeTax": 5800000,
        "incomeBeforeTaxRatio": 0.5132743363,
        "incomeTaxExpense": 2300000,
        "netIncome": 3500000,
        "netIncomeRatio": 0.3097345133,
        "eps": 0.11,
        "epsdiluted": 0.11,
        "weightedAverageShsOut": 32449379,
        "weightedAverageShsOutDil": 32449379,
        "link": null,
        "finalLink": null
    },
    {
        "date": "1991-06-30",
        "symbol": "VNO",
        "reportedCurrency": "USD",
        "cik": "0000899689",
        "fillingDate": "1991-06-30",
        "acceptedDate": "1991-06-30 00:00:00",
        "calendarYear": "1991",
        "period": "Q2",
        "revenue": 9100000,
        "costOfRevenue": 0,
        "grossProfit": 9100000,
        "grossProfitRatio": 1,
        "researchAndDevelopmentExpenses": 0,
        "generalAndAdministrativeExpenses": 1200000,
        "sellingAndMarketingExpenses": 0,
        "sellingGeneralAndAdministrativeExpenses": 1200000,
        "otherExpenses": 1900000,
        "operatingExpenses": 3100000,
        "costAndExpenses": 3100000,
        "interestIncome": 2400000,
        "interestExpense": 8800000,
        "depreciationAndAmortization": 2800000,
        "ebitda": 15100000,
        "ebitdaratio": 1.6593406593,
        "operatingIncome": 12200000,
        "operatingIncomeRatio": 1.3406593407,
        "totalOtherIncomeExpensesNet": -8700000,
        "incomeBeforeTax": 3500000,
        "incomeBeforeTaxRatio": 0.3846153846,
        "incomeTaxExpense": 1400000,
        "netIncome": 2100000,
        "netIncomeRatio": 0.2307692308,
        "eps": 0.0686,
        "epsdiluted": 0.0686,
        "weightedAverageShsOut": 30595129,
        "weightedAverageShsOutDil": 30595129,
        "link": null,
        "finalLink": null
    },
    {
        "date": "1991-03-31",
        "symbol": "VNO",
        "reportedCurrency": "USD",
        "cik": "0000899689",
        "fillingDate": "1991-03-31",
        "acceptedDate": "1991-03-31 00:00:00",
        "calendarYear": "1991",
        "period": "Q1",
        "revenue": 10400000,
        "costOfRevenue": 0,
        "grossProfit": 10400000,
        "grossProfitRatio": 1,
        "researchAndDevelopmentExpenses": 0,
        "generalAndAdministrativeExpenses": 900000,
        "sellingAndMarketingExpenses": 0,
        "sellingGeneralAndAdministrativeExpenses": 900000,
        "otherExpenses": 600000,
        "operatingExpenses": 1500000,
        "costAndExpenses": 1500000,
        "interestIncome": 2300000,
        "interestExpense": 8800000,
        "depreciationAndAmortization": 2800000,
        "ebitda": 16500000,
        "ebitdaratio": 1.5865384615,
        "operatingIncome": 11900000,
        "operatingIncomeRatio": 1.1442307692,
        "totalOtherIncomeExpensesNet": -7000000,
        "incomeBeforeTax": 4900000,
        "incomeBeforeTaxRatio": 0.4711538462,
        "incomeTaxExpense": 2000000,
        "netIncome": 2900000,
        "netIncomeRatio": 0.2788461538,
        "eps": 0.0882,
        "epsdiluted": 0.0882,
        "weightedAverageShsOut": 32861435,
        "weightedAverageShsOutDil": 32861435,
        "link": null,
        "finalLink": null
    },
    {
        "date": "1990-10-31",
        "symbol": "VNO",
        "reportedCurrency": "USD",
        "cik": "0000899689",
        "fillingDate": "1990-10-31",
        "acceptedDate": "1990-10-31 00:00:00",
        "calendarYear": "1990",
        "period": "Q3",
        "revenue": 0,
        "costOfRevenue": 0,
        "grossProfit": 0,
        "grossProfitRatio": 0,
        "researchAndDevelopmentExpenses": 0,
        "generalAndAdministrativeExpenses": 0,
        "sellingAndMarketingExpenses": 0,
        "sellingGeneralAndAdministrativeExpenses": 0,
        "otherExpenses": -2300000,
        "operatingExpenses": -2300000,
        "costAndExpenses": -2300000,
        "interestIncome": 0,
        "interestExpense": 0,
        "depreciationAndAmortization": 0,
        "ebitda": -2300000,
        "ebitdaratio": 0,
        "operatingIncome": -2300000,
        "operatingIncomeRatio": 0,
        "totalOtherIncomeExpensesNet": 0,
        "incomeBeforeTax": 0,
        "incomeBeforeTaxRatio": 0,
        "incomeTaxExpense": 2300000,
        "netIncome": -2300000,
        "netIncomeRatio": 0,
        "eps": -0.0784,
        "epsdiluted": -0.0784,
        "weightedAverageShsOut": 29320332,
        "weightedAverageShsOutDil": 29320332,
        "link": null,
        "finalLink": null
    },
    {
        "date": "1990-07-31",
        "symbol": "VNO",
        "reportedCurrency": "USD",
        "cik": "0000899689",
        "fillingDate": "1990-07-31",
        "acceptedDate": "1990-07-31 00:00:00",
        "calendarYear": "1990",
        "period": "Q2",
        "revenue": 0,
        "costOfRevenue": 0,
        "grossProfit": 0,
        "grossProfitRatio": 0,
        "researchAndDevelopmentExpenses": 0,
        "generalAndAdministrativeExpenses": 0,
        "sellingAndMarketingExpenses": 0,
        "sellingGeneralAndAdministrativeExpenses": 0,
        "otherExpenses": 3200000,
        "operatingExpenses": 3200000,
        "costAndExpenses": 3200000,
        "interestIncome": 0,
        "interestExpense": 3200000,
        "depreciationAndAmortization": 0,
        "ebitda": 3200000,
        "ebitdaratio": 0,
        "operatingIncome": 3200000,
        "operatingIncomeRatio": 0,
        "totalOtherIncomeExpensesNet": 0,
        "incomeBeforeTax": 0,
        "incomeBeforeTaxRatio": 0,
        "incomeTaxExpense": -3200000,
        "netIncome": 3200000,
        "netIncomeRatio": 0,
        "eps": 0.0981,
        "epsdiluted": 0.0981,
        "weightedAverageShsOut": 32634804,
        "weightedAverageShsOutDil": 32634804,
        "link": null,
        "finalLink": null
    },
    {
        "date": "1990-04-30",
        "symbol": "VNO",
        "reportedCurrency": "USD",
        "cik": "0000899689",
        "fillingDate": "1990-04-30",
        "acceptedDate": "1990-04-30 00:00:00",
        "calendarYear": "1990",
        "period": "Q1",
        "revenue": 0,
        "costOfRevenue": 0,
        "grossProfit": 0,
        "grossProfitRatio": 0,
        "researchAndDevelopmentExpenses": 0,
        "generalAndAdministrativeExpenses": 0,
        "sellingAndMarketingExpenses": 0,
        "sellingGeneralAndAdministrativeExpenses": 0,
        "otherExpenses": 3400000,
        "operatingExpenses": 3400000,
        "costAndExpenses": 3400000,
        "interestIncome": 0,
        "interestExpense": 3400000,
        "depreciationAndAmortization": 0,
        "ebitda": 3400000,
        "ebitdaratio": 0,
        "operatingIncome": 3400000,
        "operatingIncomeRatio": 0,
        "totalOtherIncomeExpensesNet": 0,
        "incomeBeforeTax": 0,
        "incomeBeforeTaxRatio": 0,
        "incomeTaxExpense": -3400000,
        "netIncome": 3400000,
        "netIncomeRatio": 0,
        "eps": 0.0981,
        "epsdiluted": 0.0981,
        "weightedAverageShsOut": 34674480,
        "weightedAverageShsOutDil": 34674480,
        "link": null,
        "finalLink": null
    },
    {
        "date": "1990-01-31",
        "symbol": "VNO",
        "reportedCurrency": "USD",
        "cik": "0000899689",
        "fillingDate": "1990-01-31",
        "acceptedDate": "1990-01-31 00:00:00",
        "calendarYear": "1989",
        "period": "Q4",
        "revenue": 0,
        "costOfRevenue": 0,
        "grossProfit": 0,
        "grossProfitRatio": 0,
        "researchAndDevelopmentExpenses": 0,
        "generalAndAdministrativeExpenses": 0,
        "sellingAndMarketingExpenses": 0,
        "sellingGeneralAndAdministrativeExpenses": 0,
        "otherExpenses": 2500000,
        "operatingExpenses": 2500000,
        "costAndExpenses": 2500000,
        "interestIncome": 0,
        "interestExpense": 2500000,
        "depreciationAndAmortization": 0,
        "ebitda": 2500000,
        "ebitdaratio": 0,
        "operatingIncome": 2500000,
        "operatingIncomeRatio": 0,
        "totalOtherIncomeExpensesNet": 0,
        "incomeBeforeTax": 0,
        "incomeBeforeTaxRatio": 0,
        "incomeTaxExpense": -2500000,
        "netIncome": 2500000,
        "netIncomeRatio": 0,
        "eps": 0.0731,
        "epsdiluted": 0.0731,
        "weightedAverageShsOut": 34213908,
        "weightedAverageShsOutDil": 34213908,
        "link": null,
        "finalLink": null
    },
    {
        "date": "1989-10-31",
        "symbol": "VNO",
        "reportedCurrency": "USD",
        "cik": "0000899689",
        "fillingDate": "1989-10-31",
        "acceptedDate": "1989-10-31 00:00:00",
        "calendarYear": "1989",
        "period": "Q3",
        "revenue": 0,
        "costOfRevenue": 0,
        "grossProfit": 0,
        "grossProfitRatio": 0,
        "researchAndDevelopmentExpenses": 0,
        "generalAndAdministrativeExpenses": 0,
        "sellingAndMarketingExpenses": 0,
        "sellingGeneralAndAdministrativeExpenses": 0,
        "otherExpenses": 3300000,
        "operatingExpenses": 3300000,
        "costAndExpenses": 3300000,
        "interestIncome": 0,
        "interestExpense": 3300000,
        "depreciationAndAmortization": 0,
        "ebitda": 3300000,
        "ebitdaratio": 0,
        "operatingIncome": 3300000,
        "operatingIncomeRatio": 0,
        "totalOtherIncomeExpensesNet": 0,
        "incomeBeforeTax": 0,
        "incomeBeforeTaxRatio": 0,
        "incomeTaxExpense": -3300000,
        "netIncome": 3300000,
        "netIncomeRatio": 0,
        "eps": 0.0981,
        "epsdiluted": 0.0981,
        "weightedAverageShsOut": 33654642,
        "weightedAverageShsOutDil": 33654642,
        "link": null,
        "finalLink": null
    },
    {
        "date": "1989-07-31",
        "symbol": "VNO",
        "reportedCurrency": "USD",
        "cik": "0000899689",
        "fillingDate": "1989-07-31",
        "acceptedDate": "1989-07-30 20:00:00",
        "calendarYear": "1989",
        "period": "Q2",
        "revenue": 0,
        "costOfRevenue": 0,
        "grossProfit": 0,
        "grossProfitRatio": 0,
        "researchAndDevelopmentExpenses": 0,
        "generalAndAdministrativeExpenses": 0,
        "sellingAndMarketingExpenses": 0,
        "sellingGeneralAndAdministrativeExpenses": 0,
        "otherExpenses": 0,
        "operatingExpenses": 0,
        "costAndExpenses": 0,
        "interestIncome": 0,
        "interestExpense": 0,
        "depreciationAndAmortization": 0,
        "ebitda": 0,
        "ebitdaratio": 0,
        "operatingIncome": 0,
        "operatingIncomeRatio": 0,
        "totalOtherIncomeExpensesNet": 0,
        "incomeBeforeTax": 0,
        "incomeBeforeTaxRatio": 0,
        "incomeTaxExpense": 0,
        "netIncome": 2800000,
        "netIncomeRatio": 0,
        "eps": 0.0784,
        "epsdiluted": 0.0784,
        "weightedAverageShsOut": 33193675,
        "weightedAverageShsOutDil": 33193675,
        "link": null,
        "finalLink": null
    },
    {
        "date": "1989-04-30",
        "symbol": "VNO",
        "reportedCurrency": "USD",
        "cik": "0000899689",
        "fillingDate": "1989-04-30",
        "acceptedDate": "1989-04-30 00:00:00",
        "calendarYear": "1989",
        "period": "Q1",
        "revenue": 0,
        "costOfRevenue": 0,
        "grossProfit": 0,
        "grossProfitRatio": 0,
        "researchAndDevelopmentExpenses": 0,
        "generalAndAdministrativeExpenses": 0,
        "sellingAndMarketingExpenses": 0,
        "sellingGeneralAndAdministrativeExpenses": 0,
        "otherExpenses": 0,
        "operatingExpenses": 0,
        "costAndExpenses": 0,
        "interestIncome": 0,
        "interestExpense": 0,
        "depreciationAndAmortization": 0,
        "ebitda": 0,
        "ebitdaratio": 0,
        "operatingIncome": 0,
        "operatingIncomeRatio": 0,
        "totalOtherIncomeExpensesNet": 0,
        "incomeBeforeTax": 0,
        "incomeBeforeTaxRatio": 0,
        "incomeTaxExpense": 0,
        "netIncome": 1700000,
        "netIncomeRatio": 0,
        "eps": 0.049,
        "epsdiluted": 0.049,
        "weightedAverageShsOut": 33179397,
        "weightedAverageShsOutDil": 33179397,
        "link": null,
        "finalLink": null
    },
    {
        "date": "1989-01-31",
        "symbol": "VNO",
        "reportedCurrency": "USD",
        "cik": "0000899689",
        "fillingDate": "1989-01-31",
        "acceptedDate": "1989-01-30 19:00:00",
        "calendarYear": "1988",
        "period": "Q4",
        "revenue": 0,
        "costOfRevenue": 0,
        "grossProfit": 0,
        "grossProfitRatio": 0,
        "researchAndDevelopmentExpenses": 0,
        "generalAndAdministrativeExpenses": 0,
        "sellingAndMarketingExpenses": 0,
        "sellingGeneralAndAdministrativeExpenses": 0,
        "otherExpenses": 0,
        "operatingExpenses": 0,
        "costAndExpenses": 0,
        "interestIncome": 0,
        "interestExpense": 0,
        "depreciationAndAmortization": 0,
        "ebitda": 0,
        "ebitdaratio": 0,
        "operatingIncome": 0,
        "operatingIncomeRatio": 0,
        "totalOtherIncomeExpensesNet": 0,
        "incomeBeforeTax": 0,
        "incomeBeforeTaxRatio": 0,
        "incomeTaxExpense": 0,
        "netIncome": 1700000,
        "netIncomeRatio": 0,
        "eps": 0.049,
        "epsdiluted": 0.049,
        "weightedAverageShsOut": 33193675,
        "weightedAverageShsOutDil": 33193675,
        "link": null,
        "finalLink": null
    },
    {
        "date": "1988-10-31",
        "symbol": "VNO",
        "reportedCurrency": "USD",
        "cik": "0000899689",
        "fillingDate": "1988-10-31",
        "acceptedDate": "1988-10-30 19:00:00",
        "calendarYear": "1988",
        "period": "Q3",
        "revenue": 0,
        "costOfRevenue": 0,
        "grossProfit": 0,
        "grossProfitRatio": 0,
        "researchAndDevelopmentExpenses": 0,
        "generalAndAdministrativeExpenses": 0,
        "sellingAndMarketingExpenses": 0,
        "sellingGeneralAndAdministrativeExpenses": 0,
        "otherExpenses": 0,
        "operatingExpenses": 0,
        "costAndExpenses": 0,
        "interestIncome": 0,
        "interestExpense": 0,
        "depreciationAndAmortization": 0,
        "ebitda": 0,
        "ebitdaratio": 0,
        "operatingIncome": 0,
        "operatingIncomeRatio": 0,
        "totalOtherIncomeExpensesNet": 0,
        "incomeBeforeTax": 0,
        "incomeBeforeTaxRatio": 0,
        "incomeTaxExpense": 0,
        "netIncome": 3000000,
        "netIncomeRatio": 0,
        "eps": 0.0882,
        "epsdiluted": 0.0882,
        "weightedAverageShsOut": 34860089,
        "weightedAverageShsOutDil": 34860089,
        "link": null,
        "finalLink": null
    },
    {
        "date": "1988-07-31",
        "symbol": "VNO",
        "reportedCurrency": "USD",
        "cik": "0000899689",
        "fillingDate": "1988-07-31",
        "acceptedDate": "1988-07-30 20:00:00",
        "calendarYear": "1988",
        "period": "Q2",
        "revenue": 0,
        "costOfRevenue": 0,
        "grossProfit": 0,
        "grossProfitRatio": 0,
        "researchAndDevelopmentExpenses": 0,
        "generalAndAdministrativeExpenses": 0,
        "sellingAndMarketingExpenses": 0,
        "sellingGeneralAndAdministrativeExpenses": 0,
        "otherExpenses": 0,
        "operatingExpenses": 0,
        "costAndExpenses": 0,
        "interestIncome": 0,
        "interestExpense": 0,
        "depreciationAndAmortization": 0,
        "ebitda": 0,
        "ebitdaratio": 0,
        "operatingIncome": 0,
        "operatingIncomeRatio": 0,
        "totalOtherIncomeExpensesNet": 0,
        "incomeBeforeTax": 0,
        "incomeBeforeTaxRatio": 0,
        "incomeTaxExpense": 0,
        "netIncome": 2500000,
        "netIncomeRatio": 0,
        "eps": 0.0686,
        "epsdiluted": 0.0686,
        "weightedAverageShsOut": 35824856,
        "weightedAverageShsOutDil": 35824856,
        "link": null,
        "finalLink": null
    },
    {
        "date": "1988-04-30",
        "symbol": "VNO",
        "reportedCurrency": "USD",
        "cik": "0000899689",
        "fillingDate": "1988-04-30",
        "acceptedDate": "1988-04-30 00:00:00",
        "calendarYear": "1988",
        "period": "Q1",
        "revenue": 0,
        "costOfRevenue": 0,
        "grossProfit": 0,
        "grossProfitRatio": 0,
        "researchAndDevelopmentExpenses": 0,
        "generalAndAdministrativeExpenses": 0,
        "sellingAndMarketingExpenses": 0,
        "sellingGeneralAndAdministrativeExpenses": 0,
        "otherExpenses": 0,
        "operatingExpenses": 0,
        "costAndExpenses": 0,
        "interestIncome": 0,
        "interestExpense": 0,
        "depreciationAndAmortization": 0,
        "ebitda": 0,
        "ebitdaratio": 0,
        "operatingIncome": 0,
        "operatingIncomeRatio": 0,
        "totalOtherIncomeExpensesNet": 0,
        "incomeBeforeTax": 0,
        "incomeBeforeTaxRatio": 0,
        "incomeTaxExpense": 0,
        "netIncome": 2800000,
        "netIncomeRatio": 0,
        "eps": 0.0784,
        "epsdiluted": 0.0784,
        "weightedAverageShsOut": 38592695,
        "weightedAverageShsOutDil": 38592695,
        "link": null,
        "finalLink": null
    },
    {
        "date": "1988-01-31",
        "symbol": "VNO",
        "reportedCurrency": "USD",
        "cik": "0000899689",
        "fillingDate": "1988-01-31",
        "acceptedDate": "1988-01-30 19:00:00",
        "calendarYear": "1987",
        "period": "Q4",
        "revenue": 0,
        "costOfRevenue": 0,
        "grossProfit": 0,
        "grossProfitRatio": 0,
        "researchAndDevelopmentExpenses": 0,
        "generalAndAdministrativeExpenses": 0,
        "sellingAndMarketingExpenses": 0,
        "sellingGeneralAndAdministrativeExpenses": 0,
        "otherExpenses": 0,
        "operatingExpenses": 0,
        "costAndExpenses": 0,
        "interestIncome": 0,
        "interestExpense": 0,
        "depreciationAndAmortization": 0,
        "ebitda": 0,
        "ebitdaratio": 0,
        "operatingIncome": 0,
        "operatingIncomeRatio": 0,
        "totalOtherIncomeExpensesNet": 0,
        "incomeBeforeTax": 0,
        "incomeBeforeTaxRatio": 0,
        "incomeTaxExpense": 0,
        "netIncome": 1300000,
        "netIncomeRatio": 0,
        "eps": 0.0294,
        "epsdiluted": 0.0294,
        "weightedAverageShsOut": 35824856,
        "weightedAverageShsOutDil": 35824856,
        "link": null,
        "finalLink": null
    },
    {
        "date": "1987-10-31",
        "symbol": "VNO",
        "reportedCurrency": "USD",
        "cik": "0000899689",
        "fillingDate": "1987-10-31",
        "acceptedDate": "1987-10-30 19:00:00",
        "calendarYear": "1987",
        "period": "Q3",
        "revenue": 0,
        "costOfRevenue": 0,
        "grossProfit": 0,
        "grossProfitRatio": 0,
        "researchAndDevelopmentExpenses": 0,
        "generalAndAdministrativeExpenses": 0,
        "sellingAndMarketingExpenses": 0,
        "sellingGeneralAndAdministrativeExpenses": 0,
        "otherExpenses": 0,
        "operatingExpenses": 0,
        "costAndExpenses": 0,
        "interestIncome": 0,
        "interestExpense": 0,
        "depreciationAndAmortization": 0,
        "ebitda": 0,
        "ebitdaratio": 0,
        "operatingIncome": 0,
        "operatingIncomeRatio": 0,
        "totalOtherIncomeExpensesNet": 0,
        "incomeBeforeTax": 0,
        "incomeBeforeTaxRatio": 0,
        "incomeTaxExpense": 0,
        "netIncome": 2800000,
        "netIncomeRatio": 0,
        "eps": 0.0686,
        "epsdiluted": 0.0686,
        "weightedAverageShsOut": 38592695,
        "weightedAverageShsOutDil": 38592695,
        "link": null,
        "finalLink": null
    },
    {
        "date": "1987-07-31",
        "symbol": "VNO",
        "reportedCurrency": "USD",
        "cik": "0000899689",
        "fillingDate": "1987-07-31",
        "acceptedDate": "1987-07-30 20:00:00",
        "calendarYear": "1987",
        "period": "Q2",
        "revenue": 0,
        "costOfRevenue": 0,
        "grossProfit": 0,
        "grossProfitRatio": 0,
        "researchAndDevelopmentExpenses": 0,
        "generalAndAdministrativeExpenses": 0,
        "sellingAndMarketingExpenses": 0,
        "sellingGeneralAndAdministrativeExpenses": 0,
        "otherExpenses": 0,
        "operatingExpenses": 0,
        "costAndExpenses": 0,
        "interestIncome": 0,
        "interestExpense": 0,
        "depreciationAndAmortization": 0,
        "ebitda": 0,
        "ebitdaratio": 0,
        "operatingIncome": 0,
        "operatingIncomeRatio": 0,
        "totalOtherIncomeExpensesNet": 0,
        "incomeBeforeTax": 0,
        "incomeBeforeTaxRatio": 0,
        "incomeTaxExpense": 0,
        "netIncome": 2400000,
        "netIncomeRatio": 0,
        "eps": 0.0588,
        "epsdiluted": 0.0588,
        "weightedAverageShsOut": 38974114,
        "weightedAverageShsOutDil": 38974114,
        "link": null,
        "finalLink": null
    },
    {
        "date": "1987-04-30",
        "symbol": "VNO",
        "reportedCurrency": "USD",
        "cik": "0000899689",
        "fillingDate": "1987-04-30",
        "acceptedDate": "1987-04-30 00:00:00",
        "calendarYear": "1987",
        "period": "Q1",
        "revenue": 0,
        "costOfRevenue": 0,
        "grossProfit": 0,
        "grossProfitRatio": 0,
        "researchAndDevelopmentExpenses": 0,
        "generalAndAdministrativeExpenses": 0,
        "sellingAndMarketingExpenses": 0,
        "sellingGeneralAndAdministrativeExpenses": 0,
        "otherExpenses": 0,
        "operatingExpenses": 0,
        "costAndExpenses": 0,
        "interestIncome": 0,
        "interestExpense": 0,
        "depreciationAndAmortization": 0,
        "ebitda": 0,
        "ebitdaratio": 0,
        "operatingIncome": 0,
        "operatingIncomeRatio": 0,
        "totalOtherIncomeExpensesNet": 0,
        "incomeBeforeTax": 0,
        "incomeBeforeTaxRatio": 0,
        "incomeTaxExpense": 0,
        "netIncome": 3400000,
        "netIncomeRatio": 0,
        "eps": 0.0882,
        "epsdiluted": 0.0882,
        "weightedAverageShsOut": 41297305,
        "weightedAverageShsOutDil": 41297305,
        "link": null,
        "finalLink": null
    },
    {
        "date": "1987-01-31",
        "symbol": "VNO",
        "reportedCurrency": "USD",
        "cik": "0000899689",
        "fillingDate": "1987-01-31",
        "acceptedDate": "1987-01-30 19:00:00",
        "calendarYear": "1986",
        "period": "Q4",
        "revenue": 0,
        "costOfRevenue": 0,
        "grossProfit": 0,
        "grossProfitRatio": 0,
        "researchAndDevelopmentExpenses": 0,
        "generalAndAdministrativeExpenses": 0,
        "sellingAndMarketingExpenses": 0,
        "sellingGeneralAndAdministrativeExpenses": 0,
        "otherExpenses": 0,
        "operatingExpenses": 0,
        "costAndExpenses": 0,
        "interestIncome": 0,
        "interestExpense": 0,
        "depreciationAndAmortization": 0,
        "ebitda": 0,
        "ebitdaratio": 0,
        "operatingIncome": 0,
        "operatingIncomeRatio": 0,
        "totalOtherIncomeExpensesNet": 0,
        "incomeBeforeTax": 0,
        "incomeBeforeTaxRatio": 0,
        "incomeTaxExpense": 0,
        "netIncome": 4600000,
        "netIncomeRatio": 0,
        "eps": 0.0981,
        "epsdiluted": 0.0981,
        "weightedAverageShsOut": 39983754,
        "weightedAverageShsOutDil": 39983754,
        "link": null,
        "finalLink": null
    },
    {
        "date": "1986-10-31",
        "symbol": "VNO",
        "reportedCurrency": "USD",
        "cik": "0000899689",
        "fillingDate": "1986-10-31",
        "acceptedDate": "1986-10-30 19:00:00",
        "calendarYear": "1986",
        "period": "Q3",
        "revenue": 0,
        "costOfRevenue": 0,
        "grossProfit": 0,
        "grossProfitRatio": 0,
        "researchAndDevelopmentExpenses": 0,
        "generalAndAdministrativeExpenses": 0,
        "sellingAndMarketingExpenses": 0,
        "sellingGeneralAndAdministrativeExpenses": 0,
        "otherExpenses": 0,
        "operatingExpenses": 0,
        "costAndExpenses": 0,
        "interestIncome": 0,
        "interestExpense": 0,
        "depreciationAndAmortization": 0,
        "ebitda": 0,
        "ebitdaratio": 0,
        "operatingIncome": 0,
        "operatingIncomeRatio": 0,
        "totalOtherIncomeExpensesNet": 0,
        "incomeBeforeTax": 0,
        "incomeBeforeTaxRatio": 0,
        "incomeTaxExpense": 0,
        "netIncome": 2100000,
        "netIncomeRatio": 0,
        "eps": 0.0882,
        "epsdiluted": 0.0882,
        "weightedAverageShsOut": 47306188,
        "weightedAverageShsOutDil": 47306188,
        "link": null,
        "finalLink": null
    },
    {
        "date": "1986-07-31",
        "symbol": "VNO",
        "reportedCurrency": "USD",
        "cik": "0000899689",
        "fillingDate": "1986-07-31",
        "acceptedDate": "1986-07-30 20:00:00",
        "calendarYear": "1986",
        "period": "Q2",
        "revenue": 0,
        "costOfRevenue": 0,
        "grossProfit": 0,
        "grossProfitRatio": 0,
        "researchAndDevelopmentExpenses": 0,
        "generalAndAdministrativeExpenses": 0,
        "sellingAndMarketingExpenses": 0,
        "sellingGeneralAndAdministrativeExpenses": 0,
        "otherExpenses": 0,
        "operatingExpenses": 0,
        "costAndExpenses": 0,
        "interestIncome": 0,
        "interestExpense": 0,
        "depreciationAndAmortization": 0,
        "ebitda": 0,
        "ebitdaratio": 0,
        "operatingIncome": 0,
        "operatingIncomeRatio": 0,
        "totalOtherIncomeExpensesNet": 0,
        "incomeBeforeTax": 0,
        "incomeBeforeTaxRatio": 0,
        "incomeTaxExpense": 0,
        "netIncome": 3300000,
        "netIncomeRatio": 0,
        "eps": 0.0588,
        "epsdiluted": 0.0588,
        "weightedAverageShsOut": 48132256,
        "weightedAverageShsOutDil": 48132256,
        "link": null,
        "finalLink": null
    },
    {
        "date": "1986-04-30",
        "symbol": "VNO",
        "reportedCurrency": "USD",
        "cik": "0000899689",
        "fillingDate": "1986-04-30",
        "acceptedDate": "1986-04-30 00:00:00",
        "calendarYear": "1986",
        "period": "Q1",
        "revenue": 0,
        "costOfRevenue": 0,
        "grossProfit": 0,
        "grossProfitRatio": 0,
        "researchAndDevelopmentExpenses": 0,
        "generalAndAdministrativeExpenses": 0,
        "sellingAndMarketingExpenses": 0,
        "sellingGeneralAndAdministrativeExpenses": 0,
        "otherExpenses": 0,
        "operatingExpenses": 0,
        "costAndExpenses": 0,
        "interestIncome": 0,
        "interestExpense": 0,
        "depreciationAndAmortization": 0,
        "ebitda": 0,
        "ebitdaratio": 0,
        "operatingIncome": 0,
        "operatingIncomeRatio": 0,
        "totalOtherIncomeExpensesNet": 0,
        "incomeBeforeTax": 0,
        "incomeBeforeTaxRatio": 0,
        "incomeTaxExpense": 0,
        "netIncome": 4000000,
        "netIncomeRatio": 0,
        "eps": 0.0588,
        "epsdiluted": 0.0588,
        "weightedAverageShsOut": 50716525,
        "weightedAverageShsOutDil": 50716525,
        "link": null,
        "finalLink": null
    },
    {
        "date": "1986-01-31",
        "symbol": "VNO",
        "reportedCurrency": "USD",
        "cik": "0000899689",
        "fillingDate": "1986-01-31",
        "acceptedDate": "1986-01-30 19:00:00",
        "calendarYear": "1985",
        "period": "Q4",
        "revenue": 0,
        "costOfRevenue": 0,
        "grossProfit": 0,
        "grossProfitRatio": 0,
        "researchAndDevelopmentExpenses": 0,
        "generalAndAdministrativeExpenses": 0,
        "sellingAndMarketingExpenses": 0,
        "sellingGeneralAndAdministrativeExpenses": 0,
        "otherExpenses": 0,
        "operatingExpenses": 0,
        "costAndExpenses": 0,
        "interestIncome": 0,
        "interestExpense": 0,
        "depreciationAndAmortization": 0,
        "ebitda": 0,
        "ebitdaratio": 0,
        "operatingIncome": 0,
        "operatingIncomeRatio": 0,
        "totalOtherIncomeExpensesNet": 0,
        "incomeBeforeTax": 0,
        "incomeBeforeTaxRatio": 0,
        "incomeTaxExpense": 0,
        "netIncome": 2900000,
        "netIncomeRatio": 0,
        "eps": 0.0588,
        "epsdiluted": 0.0588,
        "weightedAverageShsOut": 49967964,
        "weightedAverageShsOutDil": 49967964,
        "link": null,
        "finalLink": null
    },
    {
        "date": "1985-10-31",
        "symbol": "VNO",
        "reportedCurrency": "USD",
        "cik": "0000899689",
        "fillingDate": "1985-10-31",
        "acceptedDate": "1985-10-30 19:00:00",
        "calendarYear": "1985",
        "period": "Q3",
        "revenue": 0,
        "costOfRevenue": 0,
        "grossProfit": 0,
        "grossProfitRatio": 0,
        "researchAndDevelopmentExpenses": 0,
        "generalAndAdministrativeExpenses": 0,
        "sellingAndMarketingExpenses": 0,
        "sellingGeneralAndAdministrativeExpenses": 0,
        "otherExpenses": 0,
        "operatingExpenses": 0,
        "costAndExpenses": 0,
        "interestIncome": 0,
        "interestExpense": 0,
        "depreciationAndAmortization": 0,
        "ebitda": 0,
        "ebitdaratio": 0,
        "operatingIncome": 0,
        "operatingIncomeRatio": 0,
        "totalOtherIncomeExpensesNet": 0,
        "incomeBeforeTax": 0,
        "incomeBeforeTaxRatio": 0,
        "incomeTaxExpense": 0,
        "netIncome": 3400000,
        "netIncomeRatio": 0,
        "eps": 0.0686,
        "epsdiluted": 0.0686,
        "weightedAverageShsOut": 51373300,
        "weightedAverageShsOutDil": 51373300,
        "link": null,
        "finalLink": null
    }
]