[
    {
        "date": "2025-09-26",
        "symbol": "VNT",
        "reportedCurrency": "USD",
        "cik": "0001786842",
        "fillingDate": "2025-10-30",
        "acceptedDate": "2025-10-30 13:54:59",
        "calendarYear": "2025",
        "period": "Q3",
        "revenue": 752500000,
        "costOfRevenue": 396400000,
        "grossProfit": 356100000,
        "grossProfitRatio": 0.4732225914,
        "researchAndDevelopmentExpenses": 44400000,
        "generalAndAdministrativeExpenses": 0,
        "sellingAndMarketingExpenses": 0,
        "sellingGeneralAndAdministrativeExpenses": 151000000,
        "otherExpenses": 18300000,
        "operatingExpenses": 213700000,
        "costAndExpenses": 610100000,
        "interestIncome": 0,
        "interestExpense": 14800000,
        "depreciationAndAmortization": 31100000,
        "ebitda": 181900000,
        "ebitdaratio": 0.2417275748,
        "operatingIncome": 142400000,
        "operatingIncomeRatio": 0.1892358804,
        "totalOtherIncomeExpensesNet": -6400000,
        "incomeBeforeTax": 136000000,
        "incomeBeforeTaxRatio": 0.180730897,
        "incomeTaxExpense": 33200000,
        "netIncome": 102800000,
        "netIncomeRatio": 0.1366112957,
        "eps": 0.7,
        "epsdiluted": 0.7,
        "weightedAverageShsOut": 146500000,
        "weightedAverageShsOutDil": 147400000,
        "link": "https://www.sec.gov/Archives/edgar/data/1786842/000162828025047448/0001628280-25-047448-index.htm",
        "finalLink": "https://www.sec.gov/Archives/edgar/data/1786842/000162828025047448/vnt-20250926.htm"
    },
    {
        "date": "2025-06-27",
        "symbol": "VNT",
        "reportedCurrency": "USD",
        "cik": "0001786842",
        "fillingDate": "2025-07-31",
        "acceptedDate": "2025-07-31 13:27:45",
        "calendarYear": "2025",
        "period": "Q2",
        "revenue": 773500000,
        "costOfRevenue": 403100000,
        "grossProfit": 370400000,
        "grossProfitRatio": 0.4788623142,
        "researchAndDevelopmentExpenses": 47500000,
        "generalAndAdministrativeExpenses": 0,
        "sellingAndMarketingExpenses": 0,
        "sellingGeneralAndAdministrativeExpenses": 167300000,
        "otherExpenses": 19200000,
        "operatingExpenses": 234000000,
        "costAndExpenses": 637100000,
        "interestIncome": 0,
        "interestExpense": 15600000,
        "depreciationAndAmortization": 32000000,
        "ebitda": 168300000,
        "ebitdaratio": 0.2175824176,
        "operatingIncome": 136400000,
        "operatingIncomeRatio": 0.1763413058,
        "totalOtherIncomeExpensesNet": -15700000,
        "incomeBeforeTax": 120700000,
        "incomeBeforeTaxRatio": 0.156043956,
        "incomeTaxExpense": 28800000,
        "netIncome": 91900000,
        "netIncomeRatio": 0.1188106012,
        "eps": 0.62,
        "epsdiluted": 0.62,
        "weightedAverageShsOut": 147700000,
        "weightedAverageShsOutDil": 148200000,
        "link": "https://www.sec.gov/Archives/edgar/data/1786842/000178684225000065/0001786842-25-000065-index.htm",
        "finalLink": "https://www.sec.gov/Archives/edgar/data/1786842/000178684225000065/vnt-20250627.htm"
    },
    {
        "date": "2025-03-28",
        "symbol": "VNT",
        "reportedCurrency": "USD",
        "cik": "0001786842",
        "fillingDate": "2025-05-01",
        "acceptedDate": "2025-05-01 14:07:19",
        "calendarYear": "2025",
        "period": "Q1",
        "revenue": 741100000,
        "costOfRevenue": 390900000,
        "grossProfit": 350200000,
        "grossProfitRatio": 0.4725408177,
        "researchAndDevelopmentExpenses": 40200000,
        "generalAndAdministrativeExpenses": 0,
        "sellingAndMarketingExpenses": 0,
        "sellingGeneralAndAdministrativeExpenses": 160300000,
        "otherExpenses": 19600000,
        "operatingExpenses": 220100000,
        "costAndExpenses": 611000000,
        "interestIncome": 0,
        "interestExpense": 15100000,
        "depreciationAndAmortization": 32500000,
        "ebitda": 158700000,
        "ebitdaratio": 0.2141411415,
        "operatingIncome": 130100000,
        "operatingIncomeRatio": 0.1755498583,
        "totalOtherIncomeExpensesNet": -19000000,
        "incomeBeforeTax": 111100000,
        "incomeBeforeTaxRatio": 0.1499122925,
        "incomeTaxExpense": 23200000,
        "netIncome": 87900000,
        "netIncomeRatio": 0.1186074754,
        "eps": 0.59,
        "epsdiluted": 0.59,
        "weightedAverageShsOut": 149000000,
        "weightedAverageShsOutDil": 149500000,
        "link": "https://www.sec.gov/Archives/edgar/data/1786842/000178684225000028/0001786842-25-000028-index.htm",
        "finalLink": "https://www.sec.gov/Archives/edgar/data/1786842/000178684225000028/vnt-20250328.htm"
    },
    {
        "date": "2024-12-31",
        "symbol": "VNT",
        "reportedCurrency": "USD",
        "cik": "0001786842",
        "fillingDate": "2025-02-13",
        "acceptedDate": "2025-02-13 13:58:49",
        "calendarYear": "2024",
        "period": "Q4",
        "revenue": 776800000,
        "costOfRevenue": 414400000,
        "grossProfit": 362400000,
        "grossProfitRatio": 0.4665293512,
        "researchAndDevelopmentExpenses": 42400000,
        "generalAndAdministrativeExpenses": 0,
        "sellingAndMarketingExpenses": 0,
        "sellingGeneralAndAdministrativeExpenses": 151000000,
        "otherExpenses": 19700000,
        "operatingExpenses": 213100000,
        "costAndExpenses": 627500000,
        "interestIncome": 0,
        "interestExpense": 18500000,
        "depreciationAndAmortization": 32600000,
        "ebitda": 181600000,
        "ebitdaratio": 0.2337796087,
        "operatingIncome": 149300000,
        "operatingIncomeRatio": 0.1921987642,
        "totalOtherIncomeExpensesNet": -18800000,
        "incomeBeforeTax": 130500000,
        "incomeBeforeTaxRatio": 0.1679969104,
        "incomeTaxExpense": 7000000,
        "netIncome": 123500000,
        "netIncomeRatio": 0.1589855819,
        "eps": 0.82,
        "epsdiluted": 0.82,
        "weightedAverageShsOut": 152800000,
        "weightedAverageShsOutDil": 151100000,
        "link": "https://www.sec.gov/Archives/edgar/data/1786842/000178684225000008/0001786842-25-000008-index.htm",
        "finalLink": "https://www.sec.gov/Archives/edgar/data/1786842/000178684225000008/vnt-20241231.htm"
    },
    {
        "date": "2024-09-27",
        "symbol": "VNT",
        "reportedCurrency": "USD",
        "cik": "0001786842",
        "fillingDate": "2024-10-31",
        "acceptedDate": "2024-10-31 14:01:19",
        "calendarYear": "2024",
        "period": "Q3",
        "revenue": 750000000,
        "costOfRevenue": 395800000,
        "grossProfit": 354200000,
        "grossProfitRatio": 0.4722666667,
        "researchAndDevelopmentExpenses": 45700000,
        "generalAndAdministrativeExpenses": 0,
        "sellingAndMarketingExpenses": 0,
        "sellingGeneralAndAdministrativeExpenses": 157000000,
        "otherExpenses": 20000000,
        "operatingExpenses": 222700000,
        "costAndExpenses": 618500000,
        "interestIncome": 0,
        "interestExpense": 18900000,
        "depreciationAndAmortization": 32000000,
        "ebitda": 163200000,
        "ebitdaratio": 0.2176,
        "operatingIncome": 131500000,
        "operatingIncomeRatio": 0.1753333333,
        "totalOtherIncomeExpensesNet": -19200000,
        "incomeBeforeTax": 112300000,
        "incomeBeforeTaxRatio": 0.1497333333,
        "incomeTaxExpense": 20500000,
        "netIncome": 91800000,
        "netIncomeRatio": 0.1224,
        "eps": 0.6,
        "epsdiluted": 0.6,
        "weightedAverageShsOut": 152400000,
        "weightedAverageShsOutDil": 153200000,
        "link": "https://www.sec.gov/Archives/edgar/data/1786842/000178684224000074/0001786842-24-000074-index.htm",
        "finalLink": "https://www.sec.gov/Archives/edgar/data/1786842/000178684224000074/vnt-20240927.htm"
    },
    {
        "date": "2024-06-28",
        "symbol": "VNT",
        "reportedCurrency": "USD",
        "cik": "0001786842",
        "fillingDate": "2024-08-01",
        "acceptedDate": "2024-08-01 13:33:55",
        "calendarYear": "2024",
        "period": "Q2",
        "revenue": 696400000,
        "costOfRevenue": 360900000,
        "grossProfit": 335500000,
        "grossProfitRatio": 0.4817633544,
        "researchAndDevelopmentExpenses": 45100000,
        "generalAndAdministrativeExpenses": 0,
        "sellingAndMarketingExpenses": 0,
        "sellingGeneralAndAdministrativeExpenses": 156300000,
        "otherExpenses": 20000000,
        "operatingExpenses": 221400000,
        "costAndExpenses": 582300000,
        "interestIncome": 0,
        "interestExpense": 18400000,
        "depreciationAndAmortization": 31100000,
        "ebitda": 141500000,
        "ebitdaratio": 0.2031878231,
        "operatingIncome": 114100000,
        "operatingIncomeRatio": 0.1638426192,
        "totalOtherIncomeExpensesNet": -22100000,
        "incomeBeforeTax": 92000000,
        "incomeBeforeTaxRatio": 0.1321079839,
        "incomeTaxExpense": 21900000,
        "netIncome": 70100000,
        "netIncomeRatio": 0.1006605399,
        "eps": 0.45,
        "epsdiluted": 0.45,
        "weightedAverageShsOut": 154400000,
        "weightedAverageShsOutDil": 155500000,
        "link": "https://www.sec.gov/Archives/edgar/data/1786842/000178684224000065/0001786842-24-000065-index.htm",
        "finalLink": "https://www.sec.gov/Archives/edgar/data/1786842/000178684224000065/vnt-20240628.htm"
    },
    {
        "date": "2024-03-29",
        "symbol": "VNT",
        "reportedCurrency": "USD",
        "cik": "0001786842",
        "fillingDate": "2024-05-02",
        "acceptedDate": "2024-05-02 13:29:22",
        "calendarYear": "2024",
        "period": "Q1",
        "revenue": 755800000,
        "costOfRevenue": 403800000,
        "grossProfit": 352000000,
        "grossProfitRatio": 0.465731675,
        "researchAndDevelopmentExpenses": 44500000,
        "generalAndAdministrativeExpenses": 0,
        "sellingAndMarketingExpenses": 0,
        "sellingGeneralAndAdministrativeExpenses": 165400000,
        "otherExpenses": 0,
        "operatingExpenses": 209900000,
        "costAndExpenses": 613700000,
        "interestIncome": 0,
        "interestExpense": 18900000,
        "depreciationAndAmortization": 31400000,
        "ebitda": 173500000,
        "ebitdaratio": 0.2295580841,
        "operatingIncome": 142100000,
        "operatingIncomeRatio": 0.1880127018,
        "totalOtherIncomeExpensesNet": 20700000,
        "incomeBeforeTax": 162800000,
        "incomeBeforeTaxRatio": 0.2154008997,
        "incomeTaxExpense": 26000000,
        "netIncome": 136800000,
        "netIncomeRatio": 0.1810002646,
        "eps": 0.89,
        "epsdiluted": 0.88,
        "weightedAverageShsOut": 154500000,
        "weightedAverageShsOutDil": 155400000,
        "link": "https://www.sec.gov/Archives/edgar/data/1786842/000178684224000033/0001786842-24-000033-index.htm",
        "finalLink": "https://www.sec.gov/Archives/edgar/data/1786842/000178684224000033/vnt-20240329.htm"
    },
    {
        "date": "2023-12-31",
        "symbol": "VNT",
        "reportedCurrency": "USD",
        "cik": "0001786842",
        "fillingDate": "2024-02-15",
        "acceptedDate": "2024-02-15 15:50:38",
        "calendarYear": "2023",
        "period": "Q4",
        "revenue": 789000000,
        "costOfRevenue": 417900000,
        "grossProfit": 371100000,
        "grossProfitRatio": 0.4703422053,
        "researchAndDevelopmentExpenses": 43100000,
        "generalAndAdministrativeExpenses": 0,
        "sellingAndMarketingExpenses": 0,
        "sellingGeneralAndAdministrativeExpenses": 100400000,
        "otherExpenses": 81200000,
        "operatingExpenses": 224700000,
        "costAndExpenses": 642600000,
        "interestIncome": 0,
        "interestExpense": 23000000,
        "depreciationAndAmortization": 31200000,
        "ebitda": 178600000,
        "ebitdaratio": 0.2263624842,
        "operatingIncome": 146400000,
        "operatingIncomeRatio": 0.1855513308,
        "totalOtherIncomeExpensesNet": -22000000,
        "incomeBeforeTax": 124400000,
        "incomeBeforeTaxRatio": 0.1576679341,
        "incomeTaxExpense": 18200000,
        "netIncome": 106200000,
        "netIncomeRatio": 0.1346007605,
        "eps": 0.69,
        "epsdiluted": 0.68,
        "weightedAverageShsOut": 154600000,
        "weightedAverageShsOutDil": 155900000,
        "link": "https://www.sec.gov/Archives/edgar/data/1786842/000178684224000015/0001786842-24-000015-index.htm",
        "finalLink": "https://www.sec.gov/Archives/edgar/data/1786842/000178684224000015/vnt-20231231.htm"
    },
    {
        "date": "2023-09-29",
        "symbol": "VNT",
        "reportedCurrency": "USD",
        "cik": "0001786842",
        "fillingDate": "2023-11-02",
        "acceptedDate": "2023-11-02 13:33:56",
        "calendarYear": "2023",
        "period": "Q3",
        "revenue": 765400000,
        "costOfRevenue": 406400000,
        "grossProfit": 359000000,
        "grossProfitRatio": 0.4690357983,
        "researchAndDevelopmentExpenses": 39100000,
        "generalAndAdministrativeExpenses": 0,
        "sellingAndMarketingExpenses": 0,
        "sellingGeneralAndAdministrativeExpenses": 177300000,
        "otherExpenses": -200000,
        "operatingExpenses": 216400000,
        "costAndExpenses": 622800000,
        "interestIncome": 0,
        "interestExpense": 22800000,
        "depreciationAndAmortization": 31100000,
        "ebitda": 173700000,
        "ebitdaratio": 0.226940162,
        "operatingIncome": 142600000,
        "operatingIncomeRatio": 0.1863078129,
        "totalOtherIncomeExpensesNet": -22700000,
        "incomeBeforeTax": 119900000,
        "incomeBeforeTaxRatio": 0.1566501176,
        "incomeTaxExpense": 29300000,
        "netIncome": 90600000,
        "netIncomeRatio": 0.11836948,
        "eps": 0.59,
        "epsdiluted": 0.58,
        "weightedAverageShsOut": 154800000,
        "weightedAverageShsOutDil": 155800000,
        "link": "https://www.sec.gov/Archives/edgar/data/1786842/000178684223000074/0001786842-23-000074-index.htm",
        "finalLink": "https://www.sec.gov/Archives/edgar/data/1786842/000178684223000074/vnt-20230929.htm"
    },
    {
        "date": "2023-06-30",
        "symbol": "VNT",
        "reportedCurrency": "USD",
        "cik": "0001786842",
        "fillingDate": "2023-08-03",
        "acceptedDate": "2023-08-03 14:07:11",
        "calendarYear": "2023",
        "period": "Q2",
        "revenue": 764400000,
        "costOfRevenue": 416300000,
        "grossProfit": 348100000,
        "grossProfitRatio": 0.4553898482,
        "researchAndDevelopmentExpenses": 40300000,
        "generalAndAdministrativeExpenses": 0,
        "sellingAndMarketingExpenses": 0,
        "sellingGeneralAndAdministrativeExpenses": 187200000,
        "otherExpenses": -500000,
        "operatingExpenses": 227500000,
        "costAndExpenses": 643800000,
        "interestIncome": 0,
        "interestExpense": 23900000,
        "depreciationAndAmortization": 31600000,
        "ebitda": 152200000,
        "ebitdaratio": 0.1991104134,
        "operatingIncome": 120600000,
        "operatingIncomeRatio": 0.1577708006,
        "totalOtherIncomeExpensesNet": 9700000,
        "incomeBeforeTax": 130300000,
        "incomeBeforeTaxRatio": 0.1704604919,
        "incomeTaxExpense": 33000000,
        "netIncome": 97300000,
        "netIncomeRatio": 0.1272893773,
        "eps": 0.63,
        "epsdiluted": 0.62,
        "weightedAverageShsOut": 155400000,
        "weightedAverageShsOutDil": 156300000,
        "link": "https://www.sec.gov/Archives/edgar/data/1786842/000178684223000064/0001786842-23-000064-index.htm",
        "finalLink": "https://www.sec.gov/Archives/edgar/data/1786842/000178684223000064/vnt-20230630.htm"
    },
    {
        "date": "2023-03-31",
        "symbol": "VNT",
        "reportedCurrency": "USD",
        "cik": "0001786842",
        "fillingDate": "2023-05-05",
        "acceptedDate": "2023-05-05 11:51:17",
        "calendarYear": "2023",
        "period": "Q1",
        "revenue": 776400000,
        "costOfRevenue": 423400000,
        "grossProfit": 353000000,
        "grossProfitRatio": 0.4546625451,
        "researchAndDevelopmentExpenses": 41000000,
        "generalAndAdministrativeExpenses": 0,
        "sellingAndMarketingExpenses": 0,
        "sellingGeneralAndAdministrativeExpenses": 178200000,
        "otherExpenses": -900000,
        "operatingExpenses": 219200000,
        "costAndExpenses": 642600000,
        "interestIncome": 0,
        "interestExpense": 24000000,
        "depreciationAndAmortization": 31100000,
        "ebitda": 164000000,
        "ebitdaratio": 0.2112313241,
        "operatingIncome": 133800000,
        "operatingIncomeRatio": 0.1723338485,
        "totalOtherIncomeExpensesNet": -24900000,
        "incomeBeforeTax": 108900000,
        "incomeBeforeTaxRatio": 0.1402627512,
        "incomeTaxExpense": 26100000,
        "netIncome": 82800000,
        "netIncomeRatio": 0.1066460587,
        "eps": 0.53,
        "epsdiluted": 0.53,
        "weightedAverageShsOut": 155700000,
        "weightedAverageShsOutDil": 156100000,
        "link": "https://www.sec.gov/Archives/edgar/data/1786842/000178684223000036/0001786842-23-000036-index.htm",
        "finalLink": "https://www.sec.gov/Archives/edgar/data/1786842/000178684223000036/vnt-20230331.htm"
    },
    {
        "date": "2022-12-31",
        "symbol": "VNT",
        "reportedCurrency": "USD",
        "cik": "0001786842",
        "fillingDate": "2023-02-17",
        "acceptedDate": "2023-02-17 14:34:55",
        "calendarYear": "2022",
        "period": "Q4",
        "revenue": 871900000,
        "costOfRevenue": 486900000,
        "grossProfit": 385000000,
        "grossProfitRatio": 0.4415643996,
        "researchAndDevelopmentExpenses": 40200000,
        "generalAndAdministrativeExpenses": 0,
        "sellingAndMarketingExpenses": 0,
        "sellingGeneralAndAdministrativeExpenses": 188400000,
        "otherExpenses": 0,
        "operatingExpenses": 228600000,
        "costAndExpenses": 715500000,
        "interestIncome": 0,
        "interestExpense": 23500000,
        "depreciationAndAmortization": 32100000,
        "ebitda": 200000000,
        "ebitdaratio": 0.2293841037,
        "operatingIncome": 156400000,
        "operatingIncomeRatio": 0.1793783691,
        "totalOtherIncomeExpensesNet": -55600000,
        "incomeBeforeTax": 100800000,
        "incomeBeforeTaxRatio": 0.1156095883,
        "incomeTaxExpense": 33100000,
        "netIncome": 67700000,
        "netIncomeRatio": 0.0776465191,
        "eps": 0.43,
        "epsdiluted": 0.43,
        "weightedAverageShsOut": 157300000,
        "weightedAverageShsOutDil": 157700000,
        "link": "https://www.sec.gov/Archives/edgar/data/1786842/000178684223000011/0001786842-23-000011-index.htm",
        "finalLink": "https://www.sec.gov/Archives/edgar/data/1786842/000178684223000011/vnt-20221231.htm"
    },
    {
        "date": "2022-09-30",
        "symbol": "VNT",
        "reportedCurrency": "USD",
        "cik": "0001786842",
        "fillingDate": "2022-11-04",
        "acceptedDate": "2022-11-04 17:27:08",
        "calendarYear": "2022",
        "period": "Q3",
        "revenue": 788000000,
        "costOfRevenue": 428100000,
        "grossProfit": 359900000,
        "grossProfitRatio": 0.4567258883,
        "researchAndDevelopmentExpenses": 35000000,
        "generalAndAdministrativeExpenses": 0,
        "sellingAndMarketingExpenses": 0,
        "sellingGeneralAndAdministrativeExpenses": 174700000,
        "otherExpenses": 0,
        "operatingExpenses": 209700000,
        "costAndExpenses": 637800000,
        "interestIncome": 0,
        "interestExpense": 17900000,
        "depreciationAndAmortization": 28700000,
        "ebitda": 178900000,
        "ebitdaratio": 0.2270304569,
        "operatingIncome": 150200000,
        "operatingIncomeRatio": 0.1906091371,
        "totalOtherIncomeExpensesNet": -82300000,
        "incomeBeforeTax": 67900000,
        "incomeBeforeTaxRatio": 0.0861675127,
        "incomeTaxExpense": 17800000,
        "netIncome": 50100000,
        "netIncomeRatio": 0.0635786802,
        "eps": 0.32,
        "epsdiluted": 0.32,
        "weightedAverageShsOut": 158200000,
        "weightedAverageShsOutDil": 158700000,
        "link": "https://www.sec.gov/Archives/edgar/data/1786842/000178684222000068/0001786842-22-000068-index.htm",
        "finalLink": "https://www.sec.gov/Archives/edgar/data/1786842/000178684222000068/vnt-20220930.htm"
    },
    {
        "date": "2022-07-01",
        "symbol": "VNT",
        "reportedCurrency": "USD",
        "cik": "0001786842",
        "fillingDate": "2022-08-05",
        "acceptedDate": "2022-08-05 17:11:17",
        "calendarYear": "2022",
        "period": "Q2",
        "revenue": 776400000,
        "costOfRevenue": 428300000,
        "grossProfit": 348100000,
        "grossProfitRatio": 0.4483513653,
        "researchAndDevelopmentExpenses": 34900000,
        "generalAndAdministrativeExpenses": 0,
        "sellingAndMarketingExpenses": 0,
        "sellingGeneralAndAdministrativeExpenses": 176700000,
        "otherExpenses": 0,
        "operatingExpenses": 211600000,
        "costAndExpenses": 639900000,
        "interestIncome": 0,
        "interestExpense": 15300000,
        "depreciationAndAmortization": 29000000,
        "ebitda": 165500000,
        "ebitdaratio": 0.2131633179,
        "operatingIncome": 136500000,
        "operatingIncomeRatio": 0.1758114374,
        "totalOtherIncomeExpensesNet": -95300000,
        "incomeBeforeTax": 41200000,
        "incomeBeforeTaxRatio": 0.0530654302,
        "incomeTaxExpense": 7900000,
        "netIncome": 33300000,
        "netIncomeRatio": 0.0428902628,
        "eps": 0.21,
        "epsdiluted": 0.21,
        "weightedAverageShsOut": 160500000,
        "weightedAverageShsOutDil": 161200000,
        "link": "https://www.sec.gov/Archives/edgar/data/1786842/000178684222000053/0001786842-22-000053-index.htm",
        "finalLink": "https://www.sec.gov/Archives/edgar/data/1786842/000178684222000053/vnt-20220701.htm"
    },
    {
        "date": "2022-04-01",
        "symbol": "VNT",
        "reportedCurrency": "USD",
        "cik": "0001786842",
        "fillingDate": "2022-05-06",
        "acceptedDate": "2022-05-06 16:56:11",
        "calendarYear": "2022",
        "period": "Q1",
        "revenue": 748100000,
        "costOfRevenue": 412800000,
        "grossProfit": 335300000,
        "grossProfitRatio": 0.448202112,
        "researchAndDevelopmentExpenses": 34500000,
        "generalAndAdministrativeExpenses": 0,
        "sellingAndMarketingExpenses": 0,
        "sellingGeneralAndAdministrativeExpenses": 166000000,
        "otherExpenses": -100000,
        "operatingExpenses": 200500000,
        "costAndExpenses": 613300000,
        "interestIncome": 0,
        "interestExpense": 12900000,
        "depreciationAndAmortization": 29100000,
        "ebitda": 163900000,
        "ebitdaratio": 0.2190883572,
        "operatingIncome": 134800000,
        "operatingIncomeRatio": 0.1801898142,
        "totalOtherIncomeExpensesNet": 182700000,
        "incomeBeforeTax": 317500000,
        "incomeBeforeTaxRatio": 0.4244085015,
        "incomeTaxExpense": 67300000,
        "netIncome": 250200000,
        "netIncomeRatio": 0.3344472664,
        "eps": 1.51,
        "epsdiluted": 1.5,
        "weightedAverageShsOut": 165900000,
        "weightedAverageShsOutDil": 166500000,
        "link": "https://www.sec.gov/Archives/edgar/data/1786842/000178684222000030/0001786842-22-000030-index.htm",
        "finalLink": "https://www.sec.gov/Archives/edgar/data/1786842/000178684222000030/vnt-20220401.htm"
    },
    {
        "date": "2021-12-31",
        "symbol": "VNT",
        "reportedCurrency": "USD",
        "cik": "0001786842",
        "fillingDate": "2022-02-24",
        "acceptedDate": "2022-02-24 16:17:45",
        "calendarYear": "2021",
        "period": "Q4",
        "revenue": 790200000,
        "costOfRevenue": 433800000,
        "grossProfit": 356400000,
        "grossProfitRatio": 0.4510250569,
        "researchAndDevelopmentExpenses": 32000000,
        "generalAndAdministrativeExpenses": 0,
        "sellingAndMarketingExpenses": 0,
        "sellingGeneralAndAdministrativeExpenses": 163500000,
        "otherExpenses": 0,
        "operatingExpenses": 195500000,
        "costAndExpenses": 629300000,
        "interestIncome": 0,
        "interestExpense": 13400000,
        "depreciationAndAmortization": 29300000,
        "ebitda": 190700000,
        "ebitdaratio": 0.2413313085,
        "operatingIncome": 160900000,
        "operatingIncomeRatio": 0.2036193369,
        "totalOtherIncomeExpensesNet": -13300000,
        "incomeBeforeTax": 147600000,
        "incomeBeforeTaxRatio": 0.1867881549,
        "incomeTaxExpense": 35200000,
        "netIncome": 112400000,
        "netIncomeRatio": 0.1422424703,
        "eps": 0.66,
        "epsdiluted": 0.66,
        "weightedAverageShsOut": 169200000,
        "weightedAverageShsOutDil": 170400000,
        "link": "https://www.sec.gov/Archives/edgar/data/1786842/000178684222000015/0001786842-22-000015-index.htm",
        "finalLink": "https://www.sec.gov/Archives/edgar/data/1786842/000178684222000015/vnt-20211231.htm"
    },
    {
        "date": "2021-10-01",
        "symbol": "VNT",
        "reportedCurrency": "USD",
        "cik": "0001786842",
        "fillingDate": "2021-11-05",
        "acceptedDate": "2021-11-05 14:05:22",
        "calendarYear": "2021",
        "period": "Q3",
        "revenue": 768500000,
        "costOfRevenue": 422100000,
        "grossProfit": 346400000,
        "grossProfitRatio": 0.4507482108,
        "researchAndDevelopmentExpenses": 31200000,
        "generalAndAdministrativeExpenses": 0,
        "sellingAndMarketingExpenses": 0,
        "sellingGeneralAndAdministrativeExpenses": 147800000,
        "otherExpenses": -200000,
        "operatingExpenses": 179000000,
        "costAndExpenses": 601100000,
        "interestIncome": 0,
        "interestExpense": 12000000,
        "depreciationAndAmortization": 20000000,
        "ebitda": 187400000,
        "ebitdaratio": 0.2438516591,
        "operatingIncome": 167400000,
        "operatingIncomeRatio": 0.2178269356,
        "totalOtherIncomeExpensesNet": -9000000,
        "incomeBeforeTax": 158400000,
        "incomeBeforeTaxRatio": 0.20611581,
        "incomeTaxExpense": 31100000,
        "netIncome": 127300000,
        "netIncomeRatio": 0.165647365,
        "eps": 0.75,
        "epsdiluted": 0.75,
        "weightedAverageShsOut": 169100000,
        "weightedAverageShsOutDil": 170300000,
        "link": "https://www.sec.gov/Archives/edgar/data/1786842/000178684221000068/0001786842-21-000068-index.htm",
        "finalLink": "https://www.sec.gov/Archives/edgar/data/1786842/000178684221000068/vnt-20211001.htm"
    },
    {
        "date": "2021-07-02",
        "symbol": "VNT",
        "reportedCurrency": "USD",
        "cik": "0001786842",
        "fillingDate": "2021-08-06",
        "acceptedDate": "2021-08-06 15:47:28",
        "calendarYear": "2021",
        "period": "Q2",
        "revenue": 724600000,
        "costOfRevenue": 406100000,
        "grossProfit": 318500000,
        "grossProfitRatio": 0.4395528567,
        "researchAndDevelopmentExpenses": 32900000,
        "generalAndAdministrativeExpenses": 0,
        "sellingAndMarketingExpenses": 0,
        "sellingGeneralAndAdministrativeExpenses": 164600000,
        "otherExpenses": 100000,
        "operatingExpenses": 197500000,
        "costAndExpenses": 603600000,
        "interestIncome": 0,
        "interestExpense": 12000000,
        "depreciationAndAmortization": 19200000,
        "ebitda": 140300000,
        "ebitdaratio": 0.1936240685,
        "operatingIncome": 121000000,
        "operatingIncomeRatio": 0.1669886834,
        "totalOtherIncomeExpensesNet": -12100000,
        "incomeBeforeTax": 108900000,
        "incomeBeforeTaxRatio": 0.1502898151,
        "incomeTaxExpense": 26600000,
        "netIncome": 82300000,
        "netIncomeRatio": 0.1135799062,
        "eps": 0.49,
        "epsdiluted": 0.48,
        "weightedAverageShsOut": 169000000,
        "weightedAverageShsOutDil": 170100000,
        "link": "https://www.sec.gov/Archives/edgar/data/1786842/000178684221000057/0001786842-21-000057-index.htm",
        "finalLink": "https://www.sec.gov/Archives/edgar/data/1786842/000178684221000057/vnt-20210702.htm"
    },
    {
        "date": "2021-04-02",
        "symbol": "VNT",
        "reportedCurrency": "USD",
        "cik": "0001786842",
        "fillingDate": "2021-05-07",
        "acceptedDate": "2021-05-07 10:44:38",
        "calendarYear": "2021",
        "period": "Q1",
        "revenue": 707400000,
        "costOfRevenue": 395600000,
        "grossProfit": 311800000,
        "grossProfitRatio": 0.4407690133,
        "researchAndDevelopmentExpenses": 33200000,
        "generalAndAdministrativeExpenses": 0,
        "sellingAndMarketingExpenses": 0,
        "sellingGeneralAndAdministrativeExpenses": 145700000,
        "otherExpenses": -200000,
        "operatingExpenses": 178900000,
        "costAndExpenses": 574500000,
        "interestIncome": 0,
        "interestExpense": 10400000,
        "depreciationAndAmortization": 19800000,
        "ebitda": 152700000,
        "ebitdaratio": 0.2158608991,
        "operatingIncome": 132900000,
        "operatingIncomeRatio": 0.1878710772,
        "totalOtherIncomeExpensesNet": -13800000,
        "incomeBeforeTax": 119100000,
        "incomeBeforeTaxRatio": 0.1683630195,
        "incomeTaxExpense": 28100000,
        "netIncome": 91000000,
        "netIncomeRatio": 0.1286400905,
        "eps": 0.54,
        "epsdiluted": 0.54,
        "weightedAverageShsOut": 168700000,
        "weightedAverageShsOutDil": 169700000,
        "link": "https://www.sec.gov/Archives/edgar/data/1786842/000178684221000037/0001786842-21-000037-index.htm",
        "finalLink": "https://www.sec.gov/Archives/edgar/data/1786842/000178684221000037/vnt-20210402.htm"
    },
    {
        "date": "2020-12-31",
        "symbol": "VNT",
        "reportedCurrency": "USD",
        "cik": "0001786842",
        "fillingDate": "2021-02-25",
        "acceptedDate": "2021-02-25 13:07:48",
        "calendarYear": "2020",
        "period": "Q4",
        "revenue": 815000000,
        "costOfRevenue": 452300000,
        "grossProfit": 362700000,
        "grossProfitRatio": 0.4450306748,
        "researchAndDevelopmentExpenses": 32500000,
        "generalAndAdministrativeExpenses": 0,
        "sellingAndMarketingExpenses": 0,
        "sellingGeneralAndAdministrativeExpenses": 152400000,
        "otherExpenses": 0,
        "operatingExpenses": 184900000,
        "costAndExpenses": 637200000,
        "interestIncome": 0,
        "interestExpense": 9200000,
        "depreciationAndAmortization": 18700000,
        "ebitda": 196500000,
        "ebitdaratio": 0.2411042945,
        "operatingIncome": 177800000,
        "operatingIncomeRatio": 0.2181595092,
        "totalOtherIncomeExpensesNet": -6700000,
        "incomeBeforeTax": 171100000,
        "incomeBeforeTaxRatio": 0.2099386503,
        "incomeTaxExpense": 34300000,
        "netIncome": 136800000,
        "netIncomeRatio": 0.1678527607,
        "eps": 0.81,
        "epsdiluted": 0.81,
        "weightedAverageShsOut": 168500000,
        "weightedAverageShsOutDil": 169600000,
        "link": "https://www.sec.gov/Archives/edgar/data/1786842/000178684221000013/0001786842-21-000013-index.htm",
        "finalLink": "https://www.sec.gov/Archives/edgar/data/1786842/000178684221000013/vnt-20201231.htm"
    },
    {
        "date": "2020-09-25",
        "symbol": "VNT",
        "reportedCurrency": "USD",
        "cik": "0001786842",
        "fillingDate": "2020-10-30",
        "acceptedDate": "2020-10-30 13:22:00",
        "calendarYear": "2020",
        "period": "Q3",
        "revenue": 746700000,
        "costOfRevenue": 415400000,
        "grossProfit": 331300000,
        "grossProfitRatio": 0.4436855498,
        "researchAndDevelopmentExpenses": 31600000,
        "generalAndAdministrativeExpenses": 0,
        "sellingAndMarketingExpenses": 0,
        "sellingGeneralAndAdministrativeExpenses": 121100000,
        "otherExpenses": -100000,
        "operatingExpenses": 152700000,
        "costAndExpenses": 568100000,
        "interestIncome": 0,
        "interestExpense": 200000,
        "depreciationAndAmortization": 20700000,
        "ebitda": 199300000,
        "ebitdaratio": 0.2669077273,
        "operatingIncome": 178600000,
        "operatingIncomeRatio": 0.2391857506,
        "totalOtherIncomeExpensesNet": -300000,
        "incomeBeforeTax": 178300000,
        "incomeBeforeTaxRatio": 0.2387839829,
        "incomeTaxExpense": 37300000,
        "netIncome": 141000000,
        "netIncomeRatio": 0.1888308558,
        "eps": 0.84,
        "epsdiluted": 0.84,
        "weightedAverageShsOut": 168400000,
        "weightedAverageShsOutDil": 168400000,
        "link": "https://www.sec.gov/Archives/edgar/data/1786842/000178684220000021/0001786842-20-000021-index.htm",
        "finalLink": "https://www.sec.gov/Archives/edgar/data/1786842/000178684220000021/vnt-20200925.htm"
    },
    {
        "date": "2020-06-30",
        "symbol": "VNT",
        "reportedCurrency": "USD",
        "cik": "0001786842",
        "fillingDate": "2020-06-30",
        "acceptedDate": "2020-06-29 20:00:00",
        "calendarYear": "2020",
        "period": "Q2",
        "revenue": 533700000,
        "costOfRevenue": 302700000,
        "grossProfit": 231000000,
        "grossProfitRatio": 0.4328274311,
        "researchAndDevelopmentExpenses": 29200000,
        "generalAndAdministrativeExpenses": 0,
        "sellingAndMarketingExpenses": 0,
        "sellingGeneralAndAdministrativeExpenses": 111800000,
        "otherExpenses": -200000,
        "operatingExpenses": 141000000,
        "costAndExpenses": 443700000,
        "interestIncome": 0,
        "interestExpense": 200000,
        "depreciationAndAmortization": 19600000,
        "ebitda": 109400000,
        "ebitdaratio": 0.2049840734,
        "operatingIncome": 90000000,
        "operatingIncomeRatio": 0.1686340641,
        "totalOtherIncomeExpensesNet": -400000,
        "incomeBeforeTax": 89600000,
        "incomeBeforeTaxRatio": 0.1678845794,
        "incomeTaxExpense": 21200000,
        "netIncome": 68400000,
        "netIncomeRatio": 0.1281618887,
        "eps": 0.41,
        "epsdiluted": 0.41,
        "weightedAverageShsOut": 168400320,
        "weightedAverageShsOutDil": 168447021,
        "link": "",
        "finalLink": ""
    },
    {
        "date": "2020-03-31",
        "symbol": "VNT",
        "reportedCurrency": "USD",
        "cik": "0001786842",
        "fillingDate": "2020-03-31",
        "acceptedDate": "2020-03-30 20:00:00",
        "calendarYear": "2020",
        "period": "Q1",
        "revenue": 609200000,
        "costOfRevenue": 346100000,
        "grossProfit": 263100000,
        "grossProfitRatio": 0.4318778726,
        "researchAndDevelopmentExpenses": 32900000,
        "generalAndAdministrativeExpenses": 0,
        "sellingAndMarketingExpenses": 0,
        "sellingGeneralAndAdministrativeExpenses": 123100000,
        "otherExpenses": 85300000,
        "operatingExpenses": 241300000,
        "costAndExpenses": 587400000,
        "interestIncome": 0,
        "interestExpense": 400000,
        "depreciationAndAmortization": 19300000,
        "ebitda": 126400000,
        "ebitdaratio": 0.2074852265,
        "operatingIncome": 21800000,
        "operatingIncomeRatio": 0.0357846356,
        "totalOtherIncomeExpensesNet": -500000,
        "incomeBeforeTax": 21300000,
        "incomeBeforeTaxRatio": 0.0349638871,
        "incomeTaxExpense": 25500000,
        "netIncome": -4200000,
        "netIncomeRatio": -0.0068942876,
        "eps": -0.025,
        "epsdiluted": -0.0247,
        "weightedAverageShsOut": 168300000,
        "weightedAverageShsOutDil": 169700000,
        "link": "",
        "finalLink": ""
    },
    {
        "date": "2019-12-31",
        "symbol": "VNT",
        "reportedCurrency": "USD",
        "cik": "0001786842",
        "fillingDate": "2019-12-31",
        "acceptedDate": "2019-12-30 19:00:00",
        "calendarYear": "2019",
        "period": "Q4",
        "revenue": 743300000,
        "costOfRevenue": 417700000,
        "grossProfit": 325600000,
        "grossProfitRatio": 0.4380465492,
        "researchAndDevelopmentExpenses": 34400000,
        "generalAndAdministrativeExpenses": 0,
        "sellingAndMarketingExpenses": 0,
        "sellingGeneralAndAdministrativeExpenses": 128400000,
        "otherExpenses": 0,
        "operatingExpenses": 162800000,
        "costAndExpenses": 580500000,
        "interestIncome": 0,
        "interestExpense": 0,
        "depreciationAndAmortization": 22000000,
        "ebitda": 184800000,
        "ebitdaratio": 0.2486210144,
        "operatingIncome": 162800000,
        "operatingIncomeRatio": 0.2190232746,
        "totalOtherIncomeExpensesNet": -1800000,
        "incomeBeforeTax": 161000000,
        "incomeBeforeTaxRatio": 0.2166016413,
        "incomeTaxExpense": 34800000,
        "netIncome": 126200000,
        "netIncomeRatio": 0.1697833984,
        "eps": 0.75,
        "epsdiluted": 0.74,
        "weightedAverageShsOut": 168300000,
        "weightedAverageShsOutDil": 169700000,
        "link": "",
        "finalLink": ""
    },
    {
        "date": "2019-09-30",
        "symbol": "VNT",
        "reportedCurrency": "USD",
        "cik": "0001786842",
        "fillingDate": "2019-09-30",
        "acceptedDate": "2019-09-29 20:00:00",
        "calendarYear": "2019",
        "period": "Q3",
        "revenue": 714400000,
        "costOfRevenue": 406400000,
        "grossProfit": 308000000,
        "grossProfitRatio": 0.431131019,
        "researchAndDevelopmentExpenses": 34800000,
        "generalAndAdministrativeExpenses": 0,
        "sellingAndMarketingExpenses": 0,
        "sellingGeneralAndAdministrativeExpenses": 118300000,
        "otherExpenses": -200000,
        "operatingExpenses": 153100000,
        "costAndExpenses": 559500000,
        "interestIncome": 0,
        "interestExpense": 0,
        "depreciationAndAmortization": 21200000,
        "ebitda": 176100000,
        "ebitdaratio": 0.2465005599,
        "operatingIncome": 154900000,
        "operatingIncomeRatio": 0.216825308,
        "totalOtherIncomeExpensesNet": 2700000,
        "incomeBeforeTax": 157600000,
        "incomeBeforeTaxRatio": 0.2206047032,
        "incomeTaxExpense": 36600000,
        "netIncome": 121000000,
        "netIncomeRatio": 0.1693729003,
        "eps": 0.72,
        "epsdiluted": 0.71,
        "weightedAverageShsOut": 168300000,
        "weightedAverageShsOutDil": 169700000,
        "link": "",
        "finalLink": ""
    },
    {
        "date": "2019-06-28",
        "symbol": "VNT",
        "reportedCurrency": "USD",
        "cik": "0001786842",
        "fillingDate": "2019-06-28",
        "acceptedDate": "2019-06-27 20:00:00",
        "calendarYear": "2019",
        "period": "Q2",
        "revenue": 657200000,
        "costOfRevenue": 378600000,
        "grossProfit": 278600000,
        "grossProfitRatio": 0.4239196592,
        "researchAndDevelopmentExpenses": 33600000,
        "generalAndAdministrativeExpenses": 0,
        "sellingAndMarketingExpenses": 0,
        "sellingGeneralAndAdministrativeExpenses": 122550000,
        "otherExpenses": 0,
        "operatingExpenses": 156100000,
        "costAndExpenses": 534700000,
        "interestIncome": 1100000,
        "interestExpense": 0,
        "depreciationAndAmortization": 20650000,
        "ebitda": 143100000,
        "ebitdaratio": 0.2177419355,
        "operatingIncome": 122450000,
        "operatingIncomeRatio": 0.1863207547,
        "totalOtherIncomeExpensesNet": 1150000,
        "incomeBeforeTax": 123600000,
        "incomeBeforeTaxRatio": 0.1880706026,
        "incomeTaxExpense": 28950000,
        "netIncome": 94650000,
        "netIncomeRatio": 0.1440200852,
        "eps": 0.562,
        "epsdiluted": 0.558,
        "weightedAverageShsOut": 168300000,
        "weightedAverageShsOutDil": 169700000,
        "link": null,
        "finalLink": null
    },
    {
        "date": "2019-03-28",
        "symbol": "VNT",
        "reportedCurrency": "USD",
        "cik": "0001786842",
        "fillingDate": "2019-03-28",
        "acceptedDate": "2019-03-27 20:00:00",
        "calendarYear": "2019",
        "period": "Q1",
        "revenue": 657200000,
        "costOfRevenue": 378600000,
        "grossProfit": 278600000,
        "grossProfitRatio": 0.4239196592,
        "researchAndDevelopmentExpenses": 33600000,
        "generalAndAdministrativeExpenses": 0,
        "sellingAndMarketingExpenses": 0,
        "sellingGeneralAndAdministrativeExpenses": 122550000,
        "otherExpenses": 0,
        "operatingExpenses": 156100000,
        "costAndExpenses": 534700000,
        "interestIncome": 1100000,
        "interestExpense": 0,
        "depreciationAndAmortization": 20650000,
        "ebitda": 143100000,
        "ebitdaratio": 0.2177419355,
        "operatingIncome": 122450000,
        "operatingIncomeRatio": 0.1863207547,
        "totalOtherIncomeExpensesNet": 1150000,
        "incomeBeforeTax": 123600000,
        "incomeBeforeTaxRatio": 0.1880706026,
        "incomeTaxExpense": 28950000,
        "netIncome": 94650000,
        "netIncomeRatio": 0.1440200852,
        "eps": 0.562,
        "epsdiluted": 0.558,
        "weightedAverageShsOut": 168300000,
        "weightedAverageShsOutDil": 169700000,
        "link": null,
        "finalLink": null
    },
    {
        "date": "2018-12-31",
        "symbol": "VNT",
        "reportedCurrency": "USD",
        "cik": "0001786842",
        "fillingDate": "2018-12-31",
        "acceptedDate": "2018-12-30 19:00:00",
        "calendarYear": "2018",
        "period": "Q4",
        "revenue": 726500000,
        "costOfRevenue": 416900000,
        "grossProfit": 309600000,
        "grossProfitRatio": 0.4261527873,
        "researchAndDevelopmentExpenses": 33700000,
        "generalAndAdministrativeExpenses": 0,
        "sellingAndMarketingExpenses": 0,
        "sellingGeneralAndAdministrativeExpenses": 126300000,
        "otherExpenses": 0,
        "operatingExpenses": 162700000,
        "costAndExpenses": 579600000,
        "interestIncome": 5100000,
        "interestExpense": 0,
        "depreciationAndAmortization": 24600000,
        "ebitda": 174200000,
        "ebitdaratio": 0.239779766,
        "operatingIncome": 149600000,
        "operatingIncomeRatio": 0.2059187887,
        "totalOtherIncomeExpensesNet": 4900000,
        "incomeBeforeTax": 152000000,
        "incomeBeforeTaxRatio": 0.2092222987,
        "incomeTaxExpense": 37400000,
        "netIncome": 114600000,
        "netIncomeRatio": 0.1577426015,
        "eps": 0.682,
        "epsdiluted": 0.675,
        "weightedAverageShsOut": 168000000,
        "weightedAverageShsOutDil": 169750000,
        "link": null,
        "finalLink": null
    }
]