[
    {
        "date": "2025-09-30",
        "symbol": "VRTS",
        "reportedCurrency": "USD",
        "cik": "0000883237",
        "fillingDate": "2025-10-01",
        "acceptedDate": "2025-10-01 16:16:04",
        "calendarYear": "2025",
        "period": "Q3",
        "revenue": 216385000,
        "costOfRevenue": 0,
        "grossProfit": 0,
        "grossProfitRatio": 0,
        "researchAndDevelopmentExpenses": 0,
        "generalAndAdministrativeExpenses": 18869000,
        "sellingAndMarketingExpenses": 22034000,
        "sellingGeneralAndAdministrativeExpenses": 40903000,
        "otherExpenses": 0,
        "operatingExpenses": 40903000,
        "costAndExpenses": 0,
        "interestIncome": 45918000,
        "interestExpense": 5299000,
        "depreciationAndAmortization": 0,
        "ebitda": 47060000,
        "ebitdaratio": 0.2174827275,
        "operatingIncome": 47060000,
        "operatingIncomeRatio": 0.2174827275,
        "totalOtherIncomeExpensesNet": -2611000,
        "incomeBeforeTax": 44449000,
        "incomeBeforeTaxRatio": 0.2054162719,
        "incomeTaxExpense": 13108000,
        "netIncome": 31926000,
        "netIncomeRatio": 0.1475425746,
        "eps": 4.73,
        "epsdiluted": 4.65,
        "weightedAverageShsOut": 6757000,
        "weightedAverageShsOutDil": 6867000,
        "link": "https://www.sec.gov/Archives/edgar/data/883237/000088323725000119/0000883237-25-000119-index.htm",
        "finalLink": "https://www.sec.gov/Archives/edgar/data/883237/000088323725000119/ex101virtus-creditagreem.htm"
    },
    {
        "date": "2025-06-30",
        "symbol": "VRTS",
        "reportedCurrency": "USD",
        "cik": "0000883237",
        "fillingDate": "2025-08-07",
        "acceptedDate": "2025-08-07 16:18:42",
        "calendarYear": "2025",
        "period": "Q2",
        "revenue": 210525000,
        "costOfRevenue": 98030000,
        "grossProfit": 111462000,
        "grossProfitRatio": 0.529447809,
        "researchAndDevelopmentExpenses": 0,
        "generalAndAdministrativeExpenses": 36055000,
        "sellingAndMarketingExpenses": 21975000,
        "sellingGeneralAndAdministrativeExpenses": 58030000,
        "otherExpenses": 8222000,
        "operatingExpenses": 66252000,
        "costAndExpenses": 164282000,
        "interestIncome": 48091000,
        "interestExpense": 38059000,
        "depreciationAndAmortization": 15775000,
        "ebitda": 108980000,
        "ebitdaratio": 0.5176582354,
        "operatingIncome": 45210000,
        "operatingIncomeRatio": 0.2147488422,
        "totalOtherIncomeExpensesNet": 9936000,
        "incomeBeforeTax": 55146000,
        "incomeBeforeTaxRatio": 0.2619451372,
        "incomeTaxExpense": 12403000,
        "netIncome": 42373000,
        "netIncomeRatio": 0.201273008,
        "eps": 6.17,
        "epsdiluted": 6.1,
        "weightedAverageShsOut": 6905000,
        "weightedAverageShsOutDil": 6997000,
        "link": "https://www.sec.gov/Archives/edgar/data/883237/000088323725000114/0000883237-25-000114-index.htm",
        "finalLink": "https://www.sec.gov/Archives/edgar/data/883237/000088323725000114/vrts-20250630.htm"
    },
    {
        "date": "2025-03-31",
        "symbol": "VRTS",
        "reportedCurrency": "USD",
        "cik": "0000883237",
        "fillingDate": "2025-05-09",
        "acceptedDate": "2025-05-09 17:10:06",
        "calendarYear": "2025",
        "period": "Q1",
        "revenue": 217932000,
        "costOfRevenue": 109093000,
        "grossProfit": 107758000,
        "grossProfitRatio": 0.4944569866,
        "researchAndDevelopmentExpenses": 0,
        "generalAndAdministrativeExpenses": 18007000,
        "sellingAndMarketingExpenses": 22896000,
        "sellingGeneralAndAdministrativeExpenses": 40903000,
        "otherExpenses": 30260000,
        "operatingExpenses": 71163000,
        "costAndExpenses": 180256000,
        "interestIncome": 50569000,
        "interestExpense": 39120000,
        "depreciationAndAmortization": 16121000,
        "ebitda": 95643000,
        "ebitdaratio": 0.4388662519,
        "operatingIncome": 36595000,
        "operatingIncomeRatio": 0.167919351,
        "totalOtherIncomeExpensesNet": 3807000,
        "incomeBeforeTax": 40402000,
        "incomeBeforeTaxRatio": 0.1853881027,
        "incomeTaxExpense": 12350000,
        "netIncome": 28647000,
        "netIncomeRatio": 0.1314492594,
        "eps": 4.12,
        "epsdiluted": 4.05,
        "weightedAverageShsOut": 6955000,
        "weightedAverageShsOutDil": 7073000,
        "link": "https://www.sec.gov/Archives/edgar/data/883237/000088323725000051/0000883237-25-000051-index.htm",
        "finalLink": "https://www.sec.gov/Archives/edgar/data/883237/000088323725000051/vrts-20250331.htm"
    },
    {
        "date": "2024-12-31",
        "symbol": "VRTS",
        "reportedCurrency": "USD",
        "cik": "0000883237",
        "fillingDate": "2025-02-28",
        "acceptedDate": "2025-02-28 09:05:53",
        "calendarYear": "2024",
        "period": "Q4",
        "revenue": 232408000,
        "costOfRevenue": 106202000,
        "grossProfit": 126206000,
        "grossProfitRatio": 0.5430363843,
        "researchAndDevelopmentExpenses": 0,
        "generalAndAdministrativeExpenses": 0,
        "sellingAndMarketingExpenses": 24005000,
        "sellingGeneralAndAdministrativeExpenses": 24005000,
        "otherExpenses": 51480000,
        "operatingExpenses": 75485000,
        "costAndExpenses": 181687000,
        "interestIncome": 54067000,
        "interestExpense": 46190000,
        "depreciationAndAmortization": 16151000,
        "ebitda": 120848000,
        "ebitdaratio": 0.5199821004,
        "operatingIncome": 50721000,
        "operatingIncomeRatio": 0.2182411965,
        "totalOtherIncomeExpensesNet": 7786000,
        "incomeBeforeTax": 58507000,
        "incomeBeforeTaxRatio": 0.251742625,
        "incomeTaxExpense": 19047000,
        "netIncome": 33294000,
        "netIncomeRatio": 0.1432566865,
        "eps": 4.75,
        "epsdiluted": 4.66,
        "weightedAverageShsOut": 7012000,
        "weightedAverageShsOutDil": 7139000,
        "link": "https://www.sec.gov/Archives/edgar/data/883237/000088323725000010/0000883237-25-000010-index.htm",
        "finalLink": "https://www.sec.gov/Archives/edgar/data/883237/000088323725000010/vrts-20241231.htm"
    },
    {
        "date": "2024-09-30",
        "symbol": "VRTS",
        "reportedCurrency": "USD",
        "cik": "0000883237",
        "fillingDate": "2024-11-08",
        "acceptedDate": "2024-11-08 08:37:51",
        "calendarYear": "2024",
        "period": "Q3",
        "revenue": 227029000,
        "costOfRevenue": 105555000,
        "grossProfit": 120415000,
        "grossProfitRatio": 0.5303947954,
        "researchAndDevelopmentExpenses": 0,
        "generalAndAdministrativeExpenses": 18560000,
        "sellingAndMarketingExpenses": 24175000,
        "sellingGeneralAndAdministrativeExpenses": 42735000,
        "otherExpenses": 22422000,
        "operatingExpenses": 65157000,
        "costAndExpenses": 170712000,
        "interestIncome": 53541000,
        "interestExpense": 43870000,
        "depreciationAndAmortization": 16318000,
        "ebitda": 125089000,
        "ebitdaratio": 0.5509824736,
        "operatingIncome": 55258000,
        "operatingIncomeRatio": 0.2433962181,
        "totalOtherIncomeExpensesNet": 9643000,
        "incomeBeforeTax": 64901000,
        "incomeBeforeTaxRatio": 0.285870968,
        "incomeTaxExpense": 15797000,
        "netIncome": 40980000,
        "netIncomeRatio": 0.1805055742,
        "eps": 5.8,
        "epsdiluted": 5.71,
        "weightedAverageShsOut": 7071000,
        "weightedAverageShsOutDil": 7176000,
        "link": "https://www.sec.gov/Archives/edgar/data/883237/000088323724000122/0000883237-24-000122-index.htm",
        "finalLink": "https://www.sec.gov/Archives/edgar/data/883237/000088323724000122/vrts-20240930.htm"
    },
    {
        "date": "2024-06-30",
        "symbol": "VRTS",
        "reportedCurrency": "USD",
        "cik": "0000883237",
        "fillingDate": "2024-08-08",
        "acceptedDate": "2024-08-08 16:50:13",
        "calendarYear": "2024",
        "period": "Q2",
        "revenue": 223370000,
        "costOfRevenue": 105667000,
        "grossProfit": 117703000,
        "grossProfitRatio": 0.5269418454,
        "researchAndDevelopmentExpenses": 0,
        "generalAndAdministrativeExpenses": 0,
        "sellingAndMarketingExpenses": 23695000,
        "sellingGeneralAndAdministrativeExpenses": 23695000,
        "otherExpenses": 49803000,
        "operatingExpenses": 73498000,
        "costAndExpenses": 179165000,
        "interestIncome": 55028000,
        "interestExpense": 47571000,
        "depreciationAndAmortization": 18369000,
        "ebitda": 103710000,
        "ebitdaratio": 0.4642969065,
        "operatingIncome": 44205000,
        "operatingIncomeRatio": 0.1979003447,
        "totalOtherIncomeExpensesNet": -6435000,
        "incomeBeforeTax": 37770000,
        "incomeBeforeTaxRatio": 0.1690916417,
        "incomeTaxExpense": 11748000,
        "netIncome": 17614000,
        "netIncomeRatio": 0.0788557103,
        "eps": 2.47,
        "epsdiluted": 2.43,
        "weightedAverageShsOut": 7127000,
        "weightedAverageShsOutDil": 7242000,
        "link": "https://www.sec.gov/Archives/edgar/data/883237/000088323724000103/0000883237-24-000103-index.htm",
        "finalLink": "https://www.sec.gov/Archives/edgar/data/883237/000088323724000103/vrts-20240630.htm"
    },
    {
        "date": "2024-03-31",
        "symbol": "VRTS",
        "reportedCurrency": "USD",
        "cik": "0000883237",
        "fillingDate": "2024-05-08",
        "acceptedDate": "2024-05-08 08:25:15",
        "calendarYear": "2024",
        "period": "Q1",
        "revenue": 221068000,
        "costOfRevenue": 115163000,
        "grossProfit": 105905000,
        "grossProfitRatio": 0.4790607415,
        "researchAndDevelopmentExpenses": 0,
        "generalAndAdministrativeExpenses": 0,
        "sellingAndMarketingExpenses": 24348000,
        "sellingGeneralAndAdministrativeExpenses": 24348000,
        "otherExpenses": 49251000,
        "operatingExpenses": 73599000,
        "costAndExpenses": 188762000,
        "interestIncome": 54584000,
        "interestExpense": 45693000,
        "depreciationAndAmortization": 18164000,
        "ebitda": 110555000,
        "ebitdaratio": 0.5000949934,
        "operatingIncome": 32306000,
        "operatingIncomeRatio": 0.1461360305,
        "totalOtherIncomeExpensesNet": 14392000,
        "incomeBeforeTax": 46698000,
        "incomeBeforeTaxRatio": 0.2112381711,
        "incomeTaxExpense": 8831000,
        "netIncome": 29858000,
        "netIncomeRatio": 0.1350625147,
        "eps": 4.19,
        "epsdiluted": 4.1,
        "weightedAverageShsOut": 7119000,
        "weightedAverageShsOutDil": 7287000,
        "link": "https://www.sec.gov/Archives/edgar/data/883237/000088323724000050/0000883237-24-000050-index.htm",
        "finalLink": "https://www.sec.gov/Archives/edgar/data/883237/000088323724000050/vrts-20240331.htm"
    },
    {
        "date": "2023-12-31",
        "symbol": "VRTS",
        "reportedCurrency": "USD",
        "cik": "0000883237",
        "fillingDate": "2024-02-02",
        "acceptedDate": "2024-02-02 07:01:59",
        "calendarYear": "2023",
        "period": "Q4",
        "revenue": 214587000,
        "costOfRevenue": 31164000,
        "grossProfit": 183423000,
        "grossProfitRatio": 0.8547721903,
        "researchAndDevelopmentExpenses": 0,
        "generalAndAdministrativeExpenses": 18189000,
        "sellingAndMarketingExpenses": 23470000,
        "sellingGeneralAndAdministrativeExpenses": 41659000,
        "otherExpenses": 33411000,
        "operatingExpenses": 75070000,
        "costAndExpenses": 174917000,
        "interestIncome": 56879000,
        "interestExpense": 49169000,
        "depreciationAndAmortization": 17420000,
        "ebitda": 118382000,
        "ebitdaratio": 0.5516736801,
        "operatingIncome": 38956000,
        "operatingIncomeRatio": 0.1815394222,
        "totalOtherIncomeExpensesNet": 12837000,
        "incomeBeforeTax": 51793000,
        "incomeBeforeTaxRatio": 0.2413613127,
        "incomeTaxExpense": 13294000,
        "netIncome": 30834000,
        "netIncomeRatio": 0.1436899719,
        "eps": 4.3,
        "epsdiluted": 4.21,
        "weightedAverageShsOut": 7178000,
        "weightedAverageShsOutDil": 7320000,
        "link": "https://www.sec.gov/Archives/edgar/data/883237/000088323724000025/0000883237-24-000025-index.htm",
        "finalLink": "https://www.sec.gov/Archives/edgar/data/883237/000088323724000025/vrts-20231231.htm"
    },
    {
        "date": "2023-09-30",
        "symbol": "VRTS",
        "reportedCurrency": "USD",
        "cik": "0000883237",
        "fillingDate": "2023-11-08",
        "acceptedDate": "2023-11-08 17:07:36",
        "calendarYear": "2023",
        "period": "Q3",
        "revenue": 218271000,
        "costOfRevenue": 101587000,
        "grossProfit": 116684000,
        "grossProfitRatio": 0.5345831558,
        "researchAndDevelopmentExpenses": 0,
        "generalAndAdministrativeExpenses": 19069000,
        "sellingAndMarketingExpenses": 5088000,
        "sellingGeneralAndAdministrativeExpenses": 24157000,
        "otherExpenses": 47624000,
        "operatingExpenses": 71781000,
        "costAndExpenses": 173368000,
        "interestIncome": 52675000,
        "interestExpense": 44440000,
        "depreciationAndAmortization": 17665999,
        "ebitda": 66272999,
        "ebitdaratio": 0.3036271378,
        "operatingIncome": 44903000,
        "operatingIncomeRatio": 0.2057213281,
        "totalOtherIncomeExpensesNet": 1728000,
        "incomeBeforeTax": 50335000,
        "incomeBeforeTaxRatio": 0.2306078224,
        "incomeTaxExpense": 12181000,
        "netIncome": 30906000,
        "netIncomeRatio": 0.1415946232,
        "eps": 4.26,
        "epsdiluted": 4.19,
        "weightedAverageShsOut": 7258000,
        "weightedAverageShsOutDil": 7379000,
        "link": "https://www.sec.gov/Archives/edgar/data/883237/000088323723000143/0000883237-23-000143-index.htm",
        "finalLink": "https://www.sec.gov/Archives/edgar/data/883237/000088323723000143/vrts-20230930.htm"
    },
    {
        "date": "2023-06-30",
        "symbol": "VRTS",
        "reportedCurrency": "USD",
        "cik": "0000883237",
        "fillingDate": "2023-08-09",
        "acceptedDate": "2023-08-09 08:12:36",
        "calendarYear": "2023",
        "period": "Q2",
        "revenue": 212351000,
        "costOfRevenue": 130154000,
        "grossProfit": 107657000,
        "grossProfitRatio": 0.5069766566,
        "researchAndDevelopmentExpenses": 0,
        "generalAndAdministrativeExpenses": 18240000,
        "sellingAndMarketingExpenses": 7220000,
        "sellingGeneralAndAdministrativeExpenses": 25460000,
        "otherExpenses": 43151000,
        "operatingExpenses": 68611000,
        "costAndExpenses": 173305000,
        "interestIncome": 50559000,
        "interestExpense": 44949000,
        "depreciationAndAmortization": 18066000,
        "ebitda": 39046000,
        "ebitdaratio": 0.183874811,
        "operatingIncome": 39046000,
        "operatingIncomeRatio": 0.183874811,
        "totalOtherIncomeExpensesNet": 2044000,
        "incomeBeforeTax": 41090000,
        "incomeBeforeTaxRatio": 0.1935003838,
        "incomeTaxExpense": 10910000,
        "netIncome": 30257000,
        "netIncomeRatio": 0.14248579,
        "eps": 4.14,
        "epsdiluted": 4.1,
        "weightedAverageShsOut": 7308000,
        "weightedAverageShsOutDil": 7385000,
        "link": "https://www.sec.gov/Archives/edgar/data/883237/000088323723000124/0000883237-23-000124-index.htm",
        "finalLink": "https://www.sec.gov/Archives/edgar/data/883237/000088323723000124/vrts-20230630.htm"
    },
    {
        "date": "2023-03-31",
        "symbol": "VRTS",
        "reportedCurrency": "USD",
        "cik": "0000883237",
        "fillingDate": "2023-05-09",
        "acceptedDate": "2023-05-09 08:33:04",
        "calendarYear": "2023",
        "period": "Q1",
        "revenue": 196990000,
        "costOfRevenue": 98614000,
        "grossProfit": 98376000,
        "grossProfitRatio": 0.4993959084,
        "researchAndDevelopmentExpenses": 0,
        "generalAndAdministrativeExpenses": 0,
        "sellingAndMarketingExpenses": 23715000,
        "sellingGeneralAndAdministrativeExpenses": 23715000,
        "otherExpenses": 46082000,
        "operatingExpenses": 69797000,
        "costAndExpenses": 168411000,
        "interestIncome": 50052000,
        "interestExpense": 40208000,
        "depreciationAndAmortization": 16410000,
        "ebitda": 99964000,
        "ebitdaratio": 0.5074572313,
        "operatingIncome": 78288000,
        "operatingIncomeRatio": 0.3974211889,
        "totalOtherIncomeExpensesNet": 14767000,
        "incomeBeforeTax": 43346000,
        "incomeBeforeTaxRatio": 0.2200416265,
        "incomeTaxExpense": 8703000,
        "netIncome": 38624000,
        "netIncomeRatio": 0.1960708665,
        "eps": 5.33,
        "epsdiluted": 5.21,
        "weightedAverageShsOut": 7245000,
        "weightedAverageShsOutDil": 7410000,
        "link": "https://www.sec.gov/Archives/edgar/data/883237/000088323723000054/0000883237-23-000054-index.htm",
        "finalLink": "https://www.sec.gov/Archives/edgar/data/883237/000088323723000054/vrts-20230331.htm"
    },
    {
        "date": "2022-12-31",
        "symbol": "VRTS",
        "reportedCurrency": "USD",
        "cik": "0000883237",
        "fillingDate": "2023-02-27",
        "acceptedDate": "2023-02-27 16:28:41",
        "calendarYear": "2022",
        "period": "Q4",
        "revenue": 197227000,
        "costOfRevenue": 87676000,
        "grossProfit": 109551000,
        "grossProfitRatio": 0.555456403,
        "researchAndDevelopmentExpenses": 0,
        "generalAndAdministrativeExpenses": 0,
        "sellingAndMarketingExpenses": 24365000,
        "sellingGeneralAndAdministrativeExpenses": 24365000,
        "otherExpenses": 48845000,
        "operatingExpenses": 73210000,
        "costAndExpenses": 160886000,
        "interestIncome": 38467000,
        "interestExpense": 37886000,
        "depreciationAndAmortization": 16072000,
        "ebitda": 93084000,
        "ebitdaratio": 0.4719637778,
        "operatingIncome": 74456000,
        "operatingIncomeRatio": 0.3775142349,
        "totalOtherIncomeExpensesNet": 7905000,
        "incomeBeforeTax": 39126000,
        "incomeBeforeTaxRatio": 0.1983805463,
        "incomeTaxExpense": 13291000,
        "netIncome": 25835000,
        "netIncomeRatio": 0.1309911929,
        "eps": 3.56,
        "epsdiluted": 3.48,
        "weightedAverageShsOut": 7262000,
        "weightedAverageShsOutDil": 7419000,
        "link": "https://www.sec.gov/Archives/edgar/data/883237/000088323723000018/0000883237-23-000018-index.htm",
        "finalLink": "https://www.sec.gov/Archives/edgar/data/883237/000088323723000018/vrts-20221231.htm"
    },
    {
        "date": "2022-09-30",
        "symbol": "VRTS",
        "reportedCurrency": "USD",
        "cik": "0000883237",
        "fillingDate": "2022-11-08",
        "acceptedDate": "2022-11-08 16:44:16",
        "calendarYear": "2022",
        "period": "Q3",
        "revenue": 209159000,
        "costOfRevenue": 88230000,
        "grossProfit": 120929000,
        "grossProfitRatio": 0.5781678054,
        "researchAndDevelopmentExpenses": 0,
        "generalAndAdministrativeExpenses": 0,
        "sellingAndMarketingExpenses": 26818000,
        "sellingGeneralAndAdministrativeExpenses": 26818000,
        "otherExpenses": 46079000,
        "operatingExpenses": 72897000,
        "costAndExpenses": 161127000,
        "interestIncome": 29657000,
        "interestExpense": 23913000,
        "depreciationAndAmortization": 15920000,
        "ebitda": 78002000,
        "ebitdaratio": 0.3729315975,
        "operatingIncome": 77030000,
        "operatingIncomeRatio": 0.3682844152,
        "totalOtherIncomeExpensesNet": -38861000,
        "incomeBeforeTax": 38169000,
        "incomeBeforeTaxRatio": 0.1824879637,
        "incomeTaxExpense": 10754000,
        "netIncome": 31680000,
        "netIncomeRatio": 0.151463719,
        "eps": 4.33,
        "epsdiluted": 4.24,
        "weightedAverageShsOut": 7308000,
        "weightedAverageShsOutDil": 7463000,
        "link": "https://www.sec.gov/Archives/edgar/data/883237/000088323722000246/0000883237-22-000246-index.htm",
        "finalLink": "https://www.sec.gov/Archives/edgar/data/883237/000088323722000246/vrts-20220930.htm"
    },
    {
        "date": "2022-06-30",
        "symbol": "VRTS",
        "reportedCurrency": "USD",
        "cik": "0000883237",
        "fillingDate": "2022-08-09",
        "acceptedDate": "2022-08-09 16:06:59",
        "calendarYear": "2022",
        "period": "Q2",
        "revenue": 224165000,
        "costOfRevenue": 89360000,
        "grossProfit": 134805000,
        "grossProfitRatio": 0.6013650659,
        "researchAndDevelopmentExpenses": 0,
        "generalAndAdministrativeExpenses": 0,
        "sellingAndMarketingExpenses": 28583000,
        "sellingGeneralAndAdministrativeExpenses": 28583000,
        "otherExpenses": 46652000,
        "operatingExpenses": 75235000,
        "costAndExpenses": 164595000,
        "interestIncome": 22941000,
        "interestExpense": 17241000,
        "depreciationAndAmortization": 16241000,
        "ebitda": 98668000,
        "ebitdaratio": 0.4401579194,
        "operatingIncome": 83082000,
        "operatingIncomeRatio": 0.3706287779,
        "totalOtherIncomeExpensesNet": -25931000,
        "incomeBeforeTax": 30739000,
        "incomeBeforeTaxRatio": 0.1371266701,
        "incomeTaxExpense": 16480000,
        "netIncome": 17402000,
        "netIncomeRatio": 0.077630317,
        "eps": 2.34,
        "epsdiluted": 2.29,
        "weightedAverageShsOut": 7449000,
        "weightedAverageShsOutDil": 7607000,
        "link": "https://www.sec.gov/Archives/edgar/data/883237/000088323722000219/0000883237-22-000219-index.htm",
        "finalLink": "https://www.sec.gov/Archives/edgar/data/883237/000088323722000219/vrts-20220630.htm"
    },
    {
        "date": "2022-03-31",
        "symbol": "VRTS",
        "reportedCurrency": "USD",
        "cik": "0000883237",
        "fillingDate": "2022-05-10",
        "acceptedDate": "2022-05-10 17:16:00",
        "calendarYear": "2022",
        "period": "Q1",
        "revenue": 251168000,
        "costOfRevenue": 105993000,
        "grossProfit": 145175000,
        "grossProfitRatio": 0.5779995859,
        "researchAndDevelopmentExpenses": 0,
        "generalAndAdministrativeExpenses": 0,
        "sellingAndMarketingExpenses": 32846000,
        "sellingGeneralAndAdministrativeExpenses": 32846000,
        "otherExpenses": 46777000,
        "operatingExpenses": 79623000,
        "costAndExpenses": 185616000,
        "interestIncome": 20708000,
        "interestExpense": 14367000,
        "depreciationAndAmortization": 15982000,
        "ebitda": 86203000,
        "ebitdaratio": 0.3432085297,
        "operatingIncome": 65552000,
        "operatingIncomeRatio": 0.260988661,
        "totalOtherIncomeExpensesNet": -9698000,
        "incomeBeforeTax": 55854000,
        "incomeBeforeTaxRatio": 0.2223770544,
        "incomeTaxExpense": 16735000,
        "netIncome": 33059000,
        "netIncomeRatio": 0.1316210664,
        "eps": 4.38,
        "epsdiluted": 4.22,
        "weightedAverageShsOut": 7546000,
        "weightedAverageShsOutDil": 7839000,
        "link": "https://www.sec.gov/Archives/edgar/data/883237/000088323722000183/0000883237-22-000183-index.htm",
        "finalLink": "https://www.sec.gov/Archives/edgar/data/883237/000088323722000183/vrts-20220331.htm"
    },
    {
        "date": "2021-12-31",
        "symbol": "VRTS",
        "reportedCurrency": "USD",
        "cik": "0000883237",
        "fillingDate": "2022-02-25",
        "acceptedDate": "2022-02-25 16:16:06",
        "calendarYear": "2021",
        "period": "Q4",
        "revenue": 264752000,
        "costOfRevenue": 91496000,
        "grossProfit": 173256000,
        "grossProfitRatio": 0.6544086541,
        "researchAndDevelopmentExpenses": 0,
        "generalAndAdministrativeExpenses": 0,
        "sellingAndMarketingExpenses": 36032000,
        "sellingGeneralAndAdministrativeExpenses": 36032000,
        "otherExpenses": 632000,
        "operatingExpenses": 77203000,
        "costAndExpenses": 168699000,
        "interestIncome": 21558000,
        "interestExpense": 20378000,
        "depreciationAndAmortization": 15552000,
        "ebitda": 125401000,
        "ebitdaratio": 0.47365459,
        "operatingIncome": 83653000,
        "operatingIncomeRatio": 0.3159673959,
        "totalOtherIncomeExpensesNet": 5818000,
        "incomeBeforeTax": 89471000,
        "incomeBeforeTaxRatio": 0.3379426784,
        "incomeTaxExpense": 27458000,
        "netIncome": 49840000,
        "netIncomeRatio": 0.1882516468,
        "eps": 6.54,
        "epsdiluted": 6.29,
        "weightedAverageShsOut": 7623000,
        "weightedAverageShsOutDil": 7929000,
        "link": "https://www.sec.gov/Archives/edgar/data/883237/000088323722000056/0000883237-22-000056-index.htm",
        "finalLink": "https://www.sec.gov/Archives/edgar/data/883237/000088323722000056/vrts-20211231.htm"
    },
    {
        "date": "2021-09-30",
        "symbol": "VRTS",
        "reportedCurrency": "USD",
        "cik": "0000883237",
        "fillingDate": "2021-11-09",
        "acceptedDate": "2021-11-09 16:03:41",
        "calendarYear": "2021",
        "period": "Q3",
        "revenue": 250905000,
        "costOfRevenue": 87345000,
        "grossProfit": 163560000,
        "grossProfitRatio": 0.6518801937,
        "researchAndDevelopmentExpenses": 0,
        "generalAndAdministrativeExpenses": 0,
        "sellingAndMarketingExpenses": 36692000,
        "sellingGeneralAndAdministrativeExpenses": 36692000,
        "otherExpenses": 1001000,
        "operatingExpenses": 70278000,
        "costAndExpenses": 157623000,
        "interestIncome": 23146000,
        "interestExpense": 15790000,
        "depreciationAndAmortization": 12021000,
        "ebitda": 126145000,
        "ebitdaratio": 0.5027600088,
        "operatingIncome": 93282000,
        "operatingIncomeRatio": 0.3717821486,
        "totalOtherIncomeExpensesNet": 5052000,
        "incomeBeforeTax": 98334000,
        "incomeBeforeTaxRatio": 0.3919172595,
        "incomeTaxExpense": 25823000,
        "netIncome": 58736000,
        "netIncomeRatio": 0.2340965704,
        "eps": 7.64,
        "epsdiluted": 7.36,
        "weightedAverageShsOut": 7691000,
        "weightedAverageShsOutDil": 7984000,
        "link": "https://www.sec.gov/Archives/edgar/data/883237/000088323721000255/0000883237-21-000255-index.htm",
        "finalLink": "https://www.sec.gov/Archives/edgar/data/883237/000088323721000255/vrts-20210930.htm"
    },
    {
        "date": "2021-06-30",
        "symbol": "VRTS",
        "reportedCurrency": "USD",
        "cik": "0000883237",
        "fillingDate": "2021-08-06",
        "acceptedDate": "2021-08-06 16:31:22",
        "calendarYear": "2021",
        "period": "Q2",
        "revenue": 242837000,
        "costOfRevenue": 87630000,
        "grossProfit": 155207000,
        "grossProfitRatio": 0.6391406581,
        "researchAndDevelopmentExpenses": 0,
        "generalAndAdministrativeExpenses": 0,
        "sellingAndMarketingExpenses": 36021000,
        "sellingGeneralAndAdministrativeExpenses": 36021000,
        "otherExpenses": 826000,
        "operatingExpenses": 68796000,
        "costAndExpenses": 156426000,
        "interestIncome": 22728000,
        "interestExpense": 16708000,
        "depreciationAndAmortization": 11982000,
        "ebitda": 127188000,
        "ebitdaratio": 0.5237587353,
        "operatingIncome": 86411000,
        "operatingIncomeRatio": 0.3558395137,
        "totalOtherIncomeExpensesNet": 12087000,
        "incomeBeforeTax": 98498000,
        "incomeBeforeTaxRatio": 0.4056136421,
        "incomeTaxExpense": 22401000,
        "netIncome": 62967000,
        "netIncomeRatio": 0.2592973888,
        "eps": 8.18,
        "epsdiluted": 7.86,
        "weightedAverageShsOut": 7698000,
        "weightedAverageShsOutDil": 8007000,
        "link": "https://www.sec.gov/Archives/edgar/data/883237/000088323721000221/0000883237-21-000221-index.htm",
        "finalLink": "https://www.sec.gov/Archives/edgar/data/883237/000088323721000221/vrts-20210630.htm"
    },
    {
        "date": "2021-03-31",
        "symbol": "VRTS",
        "reportedCurrency": "USD",
        "cik": "0000883237",
        "fillingDate": "2021-05-06",
        "acceptedDate": "2021-05-06 16:54:29",
        "calendarYear": "2021",
        "period": "Q1",
        "revenue": 216177000,
        "costOfRevenue": 91759000,
        "grossProfit": 124418000,
        "grossProfitRatio": 0.5755376381,
        "researchAndDevelopmentExpenses": 0,
        "generalAndAdministrativeExpenses": 0,
        "sellingAndMarketingExpenses": 32294000,
        "sellingGeneralAndAdministrativeExpenses": 32294000,
        "otherExpenses": 1771000,
        "operatingExpenses": 62276000,
        "costAndExpenses": 154035000,
        "interestIncome": 24012000,
        "interestExpense": 16762000,
        "depreciationAndAmortization": 11214000,
        "ebitda": 95343000,
        "ebitdaratio": 0.4410413689,
        "operatingIncome": 62142000,
        "operatingIncomeRatio": 0.2874588879,
        "totalOtherIncomeExpensesNet": 5225000,
        "incomeBeforeTax": 67367000,
        "incomeBeforeTaxRatio": 0.3116288967,
        "incomeTaxExpense": 15153000,
        "netIncome": 36588000,
        "netIncomeRatio": 0.1692501978,
        "eps": 4.79,
        "epsdiluted": 4.54,
        "weightedAverageShsOut": 7633000,
        "weightedAverageShsOutDil": 8052000,
        "link": "https://www.sec.gov/Archives/edgar/data/883237/000088323721000136/0000883237-21-000136-index.htm",
        "finalLink": "https://www.sec.gov/Archives/edgar/data/883237/000088323721000136/vrts-20210331.htm"
    },
    {
        "date": "2020-12-31",
        "symbol": "VRTS",
        "reportedCurrency": "USD",
        "cik": "0000883237",
        "fillingDate": "2021-02-26",
        "acceptedDate": "2021-02-26 08:51:57",
        "calendarYear": "2020",
        "period": "Q4",
        "revenue": 171401000,
        "costOfRevenue": 73527000,
        "grossProfit": 97874000,
        "grossProfitRatio": 0.5710235063,
        "researchAndDevelopmentExpenses": 0,
        "generalAndAdministrativeExpenses": 0,
        "sellingAndMarketingExpenses": 20686000,
        "sellingGeneralAndAdministrativeExpenses": 20686000,
        "otherExpenses": 1070000,
        "operatingExpenses": 46943000,
        "costAndExpenses": 120470000,
        "interestIncome": 25933000,
        "interestExpense": 17871000,
        "depreciationAndAmortization": 6700000,
        "ebitda": 57631000,
        "ebitdaratio": 0.3362349111,
        "operatingIncome": 50931000,
        "operatingIncomeRatio": 0.2971452909,
        "totalOtherIncomeExpensesNet": 24971000,
        "incomeBeforeTax": 75902000,
        "incomeBeforeTaxRatio": 0.442832889,
        "incomeTaxExpense": 14088000,
        "netIncome": 43315000,
        "netIncomeRatio": 0.2527114778,
        "eps": 5.67,
        "epsdiluted": 5.4,
        "weightedAverageShsOut": 7641000,
        "weightedAverageShsOutDil": 8026000,
        "link": "https://www.sec.gov/Archives/edgar/data/883237/000088323721000075/0000883237-21-000075-index.htm",
        "finalLink": "https://www.sec.gov/Archives/edgar/data/883237/000088323721000075/vrts-20201231.htm"
    },
    {
        "date": "2020-09-30",
        "symbol": "VRTS",
        "reportedCurrency": "USD",
        "cik": "0000883237",
        "fillingDate": "2020-11-05",
        "acceptedDate": "2020-11-05 16:45:44",
        "calendarYear": "2020",
        "period": "Q3",
        "revenue": 154696000,
        "costOfRevenue": 67479000,
        "grossProfit": 87217000,
        "grossProfitRatio": 0.5637960904,
        "researchAndDevelopmentExpenses": 0,
        "generalAndAdministrativeExpenses": 0,
        "sellingAndMarketingExpenses": 19570000,
        "sellingGeneralAndAdministrativeExpenses": 19570000,
        "otherExpenses": 999000,
        "operatingExpenses": 45473000,
        "costAndExpenses": 112952000,
        "interestIncome": 26225000,
        "interestExpense": 20499000,
        "depreciationAndAmortization": 10596000,
        "ebitda": 84007000,
        "ebitdaratio": 0.5430457155,
        "operatingIncome": 41009000,
        "operatingIncomeRatio": 0.2650941201,
        "totalOtherIncomeExpensesNet": 11903000,
        "incomeBeforeTax": 52912000,
        "incomeBeforeTaxRatio": 0.3420385789,
        "incomeTaxExpense": 11978000,
        "netIncome": 29648000,
        "netIncomeRatio": 0.1916533071,
        "eps": 3.86,
        "epsdiluted": 3.71,
        "weightedAverageShsOut": 7684000,
        "weightedAverageShsOutDil": 7997000,
        "link": "https://www.sec.gov/Archives/edgar/data/883237/000088323720000138/0000883237-20-000138-index.htm",
        "finalLink": "https://www.sec.gov/Archives/edgar/data/883237/000088323720000138/vrts-20200930.htm"
    },
    {
        "date": "2020-06-30",
        "symbol": "VRTS",
        "reportedCurrency": "USD",
        "cik": "0000883237",
        "fillingDate": "2020-08-06",
        "acceptedDate": "2020-08-06 09:28:01",
        "calendarYear": "2020",
        "period": "Q2",
        "revenue": 132728000,
        "costOfRevenue": 60163000,
        "grossProfit": 72565000,
        "grossProfitRatio": 0.546719607,
        "researchAndDevelopmentExpenses": 0,
        "generalAndAdministrativeExpenses": 0,
        "sellingAndMarketingExpenses": 17345000,
        "sellingGeneralAndAdministrativeExpenses": 17345000,
        "otherExpenses": -805000,
        "operatingExpenses": 45523000,
        "costAndExpenses": 105686000,
        "interestIncome": 28876000,
        "interestExpense": 31276000,
        "depreciationAndAmortization": 10679000,
        "ebitda": 65742000,
        "ebitdaratio": 0.4953137243,
        "operatingIncome": 26622000,
        "operatingIncomeRatio": 0.2005756133,
        "totalOtherIncomeExpensesNet": -2835000,
        "incomeBeforeTax": 23787000,
        "incomeBeforeTaxRatio": 0.1792161413,
        "incomeTaxExpense": 7578000,
        "netIncome": 11279000,
        "netIncomeRatio": 0.0849783015,
        "eps": 1.46,
        "epsdiluted": 1.43,
        "weightedAverageShsOut": 7720000,
        "weightedAverageShsOutDil": 7895000,
        "link": "https://www.sec.gov/Archives/edgar/data/883237/000088323720000118/0000883237-20-000118-index.htm",
        "finalLink": "https://www.sec.gov/Archives/edgar/data/883237/000088323720000118/vrts0630202010-q.htm"
    },
    {
        "date": "2020-03-31",
        "symbol": "VRTS",
        "reportedCurrency": "USD",
        "cik": "0000883237",
        "fillingDate": "2020-05-06",
        "acceptedDate": "2020-05-06 08:42:04",
        "calendarYear": "2020",
        "period": "Q1",
        "revenue": 144401000,
        "costOfRevenue": 66130000,
        "grossProfit": 78271000,
        "grossProfitRatio": 0.5420391826,
        "researchAndDevelopmentExpenses": 0,
        "generalAndAdministrativeExpenses": 0,
        "sellingAndMarketingExpenses": 19409000,
        "sellingGeneralAndAdministrativeExpenses": 19409000,
        "otherExpenses": 612000,
        "operatingExpenses": 53669000,
        "costAndExpenses": 119799000,
        "interestIncome": 29981000,
        "interestExpense": 27685000,
        "depreciationAndAmortization": 10878000,
        "ebitda": 49860000,
        "ebitdaratio": 0.3452884675,
        "operatingIncome": 24602000,
        "operatingIncomeRatio": 0.1703727814,
        "totalOtherIncomeExpensesNet": -13305000,
        "incomeBeforeTax": 11297000,
        "incomeBeforeTaxRatio": 0.0782335302,
        "incomeTaxExpense": 10291000,
        "netIncome": -4285000,
        "netIncomeRatio": -0.0296743097,
        "eps": -0.58,
        "epsdiluted": -0.58,
        "weightedAverageShsOut": 7387931,
        "weightedAverageShsOutDil": 7422000,
        "link": "https://www.sec.gov/Archives/edgar/data/883237/000088323720000090/0000883237-20-000090-index.htm",
        "finalLink": "https://www.sec.gov/Archives/edgar/data/883237/000088323720000090/vrts0331202010-q.htm"
    },
    {
        "date": "2019-12-31",
        "symbol": "VRTS",
        "reportedCurrency": "USD",
        "cik": "0000883237",
        "fillingDate": "2020-02-27",
        "acceptedDate": "2020-02-27 16:55:56",
        "calendarYear": "2019",
        "period": "Q4",
        "revenue": 145858000,
        "costOfRevenue": 60265000,
        "grossProfit": 85593000,
        "grossProfitRatio": 0.5868241715,
        "researchAndDevelopmentExpenses": 0,
        "generalAndAdministrativeExpenses": 0,
        "sellingAndMarketingExpenses": 20086000,
        "sellingGeneralAndAdministrativeExpenses": 20086000,
        "otherExpenses": 519000,
        "operatingExpenses": 47514000,
        "costAndExpenses": 107779000,
        "interestIncome": 29123000,
        "interestExpense": 24243000,
        "depreciationAndAmortization": 9877000,
        "ebitda": 75228000,
        "ebitdaratio": 0.5157619054,
        "operatingIncome": 37796000,
        "operatingIncomeRatio": 0.2591287417,
        "totalOtherIncomeExpensesNet": 3029000,
        "incomeBeforeTax": 41108000,
        "incomeBeforeTaxRatio": 0.2818357581,
        "incomeTaxExpense": 11326000,
        "netIncome": 20808000,
        "netIncomeRatio": 0.1426592988,
        "eps": 3.02,
        "epsdiluted": 2.83,
        "weightedAverageShsOut": 6881000,
        "weightedAverageShsOutDil": 8084000,
        "link": "https://www.sec.gov/Archives/edgar/data/883237/000088323720000059/0000883237-20-000059-index.htm",
        "finalLink": "https://www.sec.gov/Archives/edgar/data/883237/000088323720000059/vrts1231201910-k.htm"
    },
    {
        "date": "2019-09-30",
        "symbol": "VRTS",
        "reportedCurrency": "USD",
        "cik": "0000883237",
        "fillingDate": "2019-11-06",
        "acceptedDate": "2019-11-06 16:29:47",
        "calendarYear": "2019",
        "period": "Q3",
        "revenue": 145745000,
        "costOfRevenue": 61282000,
        "grossProfit": 84463000,
        "grossProfitRatio": 0.5795258842,
        "researchAndDevelopmentExpenses": 0,
        "generalAndAdministrativeExpenses": 0,
        "sellingAndMarketingExpenses": 20927000,
        "sellingGeneralAndAdministrativeExpenses": 20927000,
        "otherExpenses": 746000,
        "operatingExpenses": 48153000,
        "costAndExpenses": 109435000,
        "interestIncome": 31153000,
        "interestExpense": 26141000,
        "depreciationAndAmortization": 9956000,
        "ebitda": 72300000,
        "ebitdaratio": 0.4960719064,
        "operatingIncome": 35787000,
        "operatingIncomeRatio": 0.2455453017,
        "totalOtherIncomeExpensesNet": 416000,
        "incomeBeforeTax": 36203000,
        "incomeBeforeTaxRatio": 0.248399602,
        "incomeTaxExpense": 10844000,
        "netIncome": 22000000,
        "netIncomeRatio": 0.1509485746,
        "eps": 3.17,
        "epsdiluted": 2.95,
        "weightedAverageShsOut": 6947000,
        "weightedAverageShsOutDil": 8157000,
        "link": "https://www.sec.gov/Archives/edgar/data/883237/000088323719000116/0000883237-19-000116-index.htm",
        "finalLink": "https://www.sec.gov/Archives/edgar/data/883237/000088323719000116/vrts0930201910-q.htm"
    },
    {
        "date": "2019-06-30",
        "symbol": "VRTS",
        "reportedCurrency": "USD",
        "cik": "0000883237",
        "fillingDate": "2019-08-06",
        "acceptedDate": "2019-08-06 08:14:24",
        "calendarYear": "2019",
        "period": "Q2",
        "revenue": 140262000,
        "costOfRevenue": 58123000,
        "grossProfit": 82139000,
        "grossProfitRatio": 0.5856112133,
        "researchAndDevelopmentExpenses": 0,
        "generalAndAdministrativeExpenses": 0,
        "sellingAndMarketingExpenses": 21322000,
        "sellingGeneralAndAdministrativeExpenses": 21322000,
        "otherExpenses": 696000,
        "operatingExpenses": 51691000,
        "costAndExpenses": 109814000,
        "interestIncome": 30332000,
        "interestExpense": 36228000,
        "depreciationAndAmortization": 9936000,
        "ebitda": 82851000,
        "ebitdaratio": 0.5906874278,
        "operatingIncome": 30128000,
        "operatingIncomeRatio": 0.2147980208,
        "totalOtherIncomeExpensesNet": 6559000,
        "incomeBeforeTax": 36687000,
        "incomeBeforeTaxRatio": 0.2615605082,
        "incomeTaxExpense": 8788000,
        "netIncome": 24842000,
        "netIncomeRatio": 0.1771114058,
        "eps": 3.55,
        "epsdiluted": 3.26,
        "weightedAverageShsOut": 6999000,
        "weightedAverageShsOutDil": 8252000,
        "link": "https://www.sec.gov/Archives/edgar/data/883237/000088323719000082/0000883237-19-000082-index.htm",
        "finalLink": "https://www.sec.gov/Archives/edgar/data/883237/000088323719000082/vrts0630201910-q.htm"
    },
    {
        "date": "2019-03-31",
        "symbol": "VRTS",
        "reportedCurrency": "USD",
        "cik": "0000883237",
        "fillingDate": "2019-05-06",
        "acceptedDate": "2019-05-06 17:29:53",
        "calendarYear": "2019",
        "period": "Q1",
        "revenue": 130394000,
        "costOfRevenue": 60851000,
        "grossProfit": 69543000,
        "grossProfitRatio": 0.5333297544,
        "researchAndDevelopmentExpenses": 0,
        "generalAndAdministrativeExpenses": 0,
        "sellingAndMarketingExpenses": 19764000,
        "sellingGeneralAndAdministrativeExpenses": 19764000,
        "otherExpenses": 450000,
        "operatingExpenses": 47368000,
        "costAndExpenses": 108219000,
        "interestIncome": 28592000,
        "interestExpense": 24866000,
        "depreciationAndAmortization": 9874000,
        "ebitda": 61427000,
        "ebitdaratio": 0.4710876267,
        "operatingIncome": 20999000,
        "operatingIncomeRatio": 0.161042686,
        "totalOtherIncomeExpensesNet": 5688000,
        "incomeBeforeTax": 26687000,
        "incomeBeforeTaxRatio": 0.204664325,
        "incomeTaxExpense": 4219000,
        "netIncome": 19662000,
        "netIncomeRatio": 0.1507891467,
        "eps": 2.8,
        "epsdiluted": 2.61,
        "weightedAverageShsOut": 7015000,
        "weightedAverageShsOutDil": 8322000,
        "link": "https://www.sec.gov/Archives/edgar/data/883237/000088323719000053/0000883237-19-000053-index.htm",
        "finalLink": "https://www.sec.gov/Archives/edgar/data/883237/000088323719000053/vrts0331201910-q.htm"
    },
    {
        "date": "2018-12-31",
        "symbol": "VRTS",
        "reportedCurrency": "USD",
        "cik": "0000883237",
        "fillingDate": "2019-02-27",
        "acceptedDate": "2019-02-27 16:13:37",
        "calendarYear": "2018",
        "period": "Q4",
        "revenue": 137835000,
        "costOfRevenue": 59668000,
        "grossProfit": 78167000,
        "grossProfitRatio": 0.5671055973,
        "researchAndDevelopmentExpenses": 0,
        "generalAndAdministrativeExpenses": 0,
        "sellingAndMarketingExpenses": 21043000,
        "sellingGeneralAndAdministrativeExpenses": 21043000,
        "otherExpenses": 966000,
        "operatingExpenses": 48852000,
        "costAndExpenses": 108520000,
        "interestIncome": 28422000,
        "interestExpense": 23965000,
        "depreciationAndAmortization": 8834000,
        "ebitda": 45657000,
        "ebitdaratio": 0.3312438786,
        "operatingIncome": 29228000,
        "operatingIncomeRatio": 0.2120506403,
        "totalOtherIncomeExpensesNet": -17902000,
        "incomeBeforeTax": 11413000,
        "incomeBeforeTaxRatio": 0.0828019008,
        "incomeTaxExpense": 10320000,
        "netIncome": 2161000,
        "netIncomeRatio": 0.0156781659,
        "eps": 0.3,
        "epsdiluted": 0.29,
        "weightedAverageShsOut": 7111000,
        "weightedAverageShsOutDil": 7382000,
        "link": "https://www.sec.gov/Archives/edgar/data/883237/000088323719000026/0000883237-19-000026-index.htm",
        "finalLink": "https://www.sec.gov/Archives/edgar/data/883237/000088323719000026/vrts1231201810-k.htm"
    },
    {
        "date": "2018-09-30",
        "symbol": "VRTS",
        "reportedCurrency": "USD",
        "cik": "0000883237",
        "fillingDate": "2018-11-08",
        "acceptedDate": "2018-11-08 16:17:13",
        "calendarYear": "2018",
        "period": "Q3",
        "revenue": 152010000,
        "costOfRevenue": 63269000,
        "grossProfit": 88741000,
        "grossProfitRatio": 0.5837839616,
        "researchAndDevelopmentExpenses": 0,
        "generalAndAdministrativeExpenses": 0,
        "sellingAndMarketingExpenses": 25386000,
        "sellingGeneralAndAdministrativeExpenses": 25386000,
        "otherExpenses": 549000,
        "operatingExpenses": 54795000,
        "costAndExpenses": 118064000,
        "interestIncome": 27312000,
        "interestExpense": 22114000,
        "depreciationAndAmortization": 8730000,
        "ebitda": 66204000,
        "ebitdaratio": 0.4355239787,
        "operatingIncome": 33946000,
        "operatingIncomeRatio": 0.2233142556,
        "totalOtherIncomeExpensesNet": 638000,
        "incomeBeforeTax": 34584000,
        "incomeBeforeTaxRatio": 0.2275113479,
        "incomeTaxExpense": 6653000,
        "netIncome": 24913000,
        "netIncomeRatio": 0.1638905335,
        "eps": 3.47,
        "epsdiluted": 3.19,
        "weightedAverageShsOut": 7175000,
        "weightedAverageShsOutDil": 8456000,
        "link": "https://www.sec.gov/Archives/edgar/data/883237/000088323718000099/0000883237-18-000099-index.htm",
        "finalLink": "https://www.sec.gov/Archives/edgar/data/883237/000088323718000099/vrts0930201810-q.htm"
    },
    {
        "date": "2018-06-30",
        "symbol": "VRTS",
        "reportedCurrency": "USD",
        "cik": "0000883237",
        "fillingDate": "2018-08-08",
        "acceptedDate": "2018-08-08 16:50:59",
        "calendarYear": "2018",
        "period": "Q2",
        "revenue": 132684000,
        "costOfRevenue": 54868000,
        "grossProfit": 77816000,
        "grossProfitRatio": 0.5864761388,
        "researchAndDevelopmentExpenses": 0,
        "generalAndAdministrativeExpenses": 0,
        "sellingAndMarketingExpenses": 23721000,
        "sellingGeneralAndAdministrativeExpenses": 23721000,
        "otherExpenses": 455000,
        "operatingExpenses": 50508000,
        "costAndExpenses": 105376000,
        "interestIncome": 25497000,
        "interestExpense": 19747000,
        "depreciationAndAmortization": 6124000,
        "ebitda": 59263000,
        "ebitdaratio": 0.4466476742,
        "operatingIncome": 27308000,
        "operatingIncomeRatio": 0.2058123059,
        "totalOtherIncomeExpensesNet": 5386000,
        "incomeBeforeTax": 32694000,
        "incomeBeforeTaxRatio": 0.2464049923,
        "incomeTaxExpense": 9465000,
        "netIncome": 20986000,
        "netIncomeRatio": 0.1581652648,
        "eps": 2.91,
        "epsdiluted": 2.75,
        "weightedAverageShsOut": 7211000,
        "weightedAverageShsOutDil": 8401000,
        "link": "https://www.sec.gov/Archives/edgar/data/883237/000088323718000085/0000883237-18-000085-index.htm",
        "finalLink": "https://www.sec.gov/Archives/edgar/data/883237/000088323718000085/vrts0630201810-q.htm"
    },
    {
        "date": "2018-03-31",
        "symbol": "VRTS",
        "reportedCurrency": "USD",
        "cik": "0000883237",
        "fillingDate": "2018-05-08",
        "acceptedDate": "2018-05-08 16:13:15",
        "calendarYear": "2018",
        "period": "Q1",
        "revenue": 128821000,
        "costOfRevenue": 60696000,
        "grossProfit": 68125000,
        "grossProfitRatio": 0.5288345844,
        "researchAndDevelopmentExpenses": 0,
        "generalAndAdministrativeExpenses": 0,
        "sellingAndMarketingExpenses": 22291000,
        "sellingGeneralAndAdministrativeExpenses": 22291000,
        "otherExpenses": 1319000,
        "operatingExpenses": 45508000,
        "costAndExpenses": 106204000,
        "interestIncome": 22124000,
        "interestExpense": 18407000,
        "depreciationAndAmortization": 6051000,
        "ebitda": 55576000,
        "ebitdaratio": 0.431420343,
        "operatingIncome": 22617000,
        "operatingIncomeRatio": 0.1755692007,
        "totalOtherIncomeExpensesNet": 7733000,
        "incomeBeforeTax": 30350000,
        "incomeBeforeTaxRatio": 0.2355982332,
        "incomeTaxExpense": 6523000,
        "netIncome": 21216000,
        "netIncomeRatio": 0.1646936447,
        "eps": 2.95,
        "epsdiluted": 2.77,
        "weightedAverageShsOut": 7197000,
        "weightedAverageShsOutDil": 8411000,
        "link": "https://www.sec.gov/Archives/edgar/data/883237/000088323718000054/0000883237-18-000054-index.htm",
        "finalLink": "https://www.sec.gov/Archives/edgar/data/883237/000088323718000054/vrts0331201810-q.htm"
    },
    {
        "date": "2017-12-31",
        "symbol": "VRTS",
        "reportedCurrency": "USD",
        "cik": "0000883237",
        "fillingDate": "2018-02-27",
        "acceptedDate": "2018-02-26 21:00:52",
        "calendarYear": "2017",
        "period": "Q4",
        "revenue": 127905000,
        "costOfRevenue": 54602000,
        "grossProfit": 73303000,
        "grossProfitRatio": 0.5731050389,
        "researchAndDevelopmentExpenses": 0,
        "generalAndAdministrativeExpenses": 0,
        "sellingAndMarketingExpenses": 20348000,
        "sellingGeneralAndAdministrativeExpenses": 20348000,
        "otherExpenses": 506000,
        "operatingExpenses": 45186000,
        "costAndExpenses": 99788000,
        "interestIncome": 21634000,
        "interestExpense": 17051000,
        "depreciationAndAmortization": 6083000,
        "ebitda": 53953000,
        "ebitdaratio": 0.4218208827,
        "operatingIncome": 28015000,
        "operatingIncomeRatio": 0.2190297486,
        "totalOtherIncomeExpensesNet": 2179000,
        "incomeBeforeTax": 30194000,
        "incomeBeforeTaxRatio": 0.2360658301,
        "incomeTaxExpense": 24551000,
        "netIncome": 5498000,
        "netIncomeRatio": 0.042985028,
        "eps": 0.77,
        "epsdiluted": 0.74,
        "weightedAverageShsOut": 7176000,
        "weightedAverageShsOutDil": 7433000,
        "link": "https://www.sec.gov/Archives/edgar/data/883237/000088323718000026/0000883237-18-000026-index.htm",
        "finalLink": "https://www.sec.gov/Archives/edgar/data/883237/000088323718000026/vrts1231201710-k.htm"
    },
    {
        "date": "2017-09-30",
        "symbol": "VRTS",
        "reportedCurrency": "USD",
        "cik": "0000883237",
        "fillingDate": "2017-11-06",
        "acceptedDate": "2017-11-06 09:05:34",
        "calendarYear": "2017",
        "period": "Q3",
        "revenue": 123476000,
        "costOfRevenue": 54159000,
        "grossProfit": 69317000,
        "grossProfitRatio": 0.5613803492,
        "researchAndDevelopmentExpenses": 0,
        "generalAndAdministrativeExpenses": 0,
        "sellingAndMarketingExpenses": 20552000,
        "sellingGeneralAndAdministrativeExpenses": 20552000,
        "otherExpenses": 436000,
        "operatingExpenses": 50944000,
        "costAndExpenses": 105103000,
        "interestIncome": 18457000,
        "interestExpense": 20365000,
        "depreciationAndAmortization": 6101000,
        "ebitda": 57241000,
        "ebitdaratio": 0.463579967,
        "operatingIncome": 16789000,
        "operatingIncomeRatio": 0.1359697431,
        "totalOtherIncomeExpensesNet": 13360000,
        "incomeBeforeTax": 30149000,
        "incomeBeforeTaxRatio": 0.2441689073,
        "incomeTaxExpense": 9626000,
        "netIncome": 16708000,
        "netIncomeRatio": 0.1353137452,
        "eps": 2.32,
        "epsdiluted": 2.21,
        "weightedAverageShsOut": 7212000,
        "weightedAverageShsOutDil": 8492000,
        "link": "https://www.sec.gov/Archives/edgar/data/883237/000088323717000093/0000883237-17-000093-index.htm",
        "finalLink": "https://www.sec.gov/Archives/edgar/data/883237/000088323717000093/vrts0930201710-q.htm"
    },
    {
        "date": "2017-06-30",
        "symbol": "VRTS",
        "reportedCurrency": "USD",
        "cik": "0000883237",
        "fillingDate": "2017-08-08",
        "acceptedDate": "2017-08-08 17:23:49",
        "calendarYear": "2017",
        "period": "Q2",
        "revenue": 93977000,
        "costOfRevenue": 42992000,
        "grossProfit": 50985000,
        "grossProfitRatio": 0.5425263628,
        "researchAndDevelopmentExpenses": 0,
        "generalAndAdministrativeExpenses": 0,
        "sellingAndMarketingExpenses": 15764000,
        "sellingGeneralAndAdministrativeExpenses": 15764000,
        "otherExpenses": 47000,
        "operatingExpenses": 38907000,
        "costAndExpenses": 81899000,
        "interestIncome": 5548000,
        "interestExpense": 6734000,
        "depreciationAndAmortization": 2589000,
        "ebitda": 12576000,
        "ebitdaratio": 0.1338199772,
        "operatingIncome": 3184000,
        "operatingIncomeRatio": 0.0338806304,
        "totalOtherIncomeExpensesNet": -1276000,
        "incomeBeforeTax": 1908000,
        "incomeBeforeTaxRatio": 0.0203028401,
        "incomeTaxExpense": 1880000,
        "netIncome": -305000,
        "netIncomeRatio": -0.003245475,
        "eps": -0.0434,
        "epsdiluted": -0.0432,
        "weightedAverageShsOut": 7026470,
        "weightedAverageShsOutDil": 7064000,
        "link": "https://www.sec.gov/Archives/edgar/data/883237/000088323717000083/0000883237-17-000083-index.htm",
        "finalLink": "https://www.sec.gov/Archives/edgar/data/883237/000088323717000083/vrts0630201710-q.htm"
    },
    {
        "date": "2017-03-31",
        "symbol": "VRTS",
        "reportedCurrency": "USD",
        "cik": "0000883237",
        "fillingDate": "2017-05-08",
        "acceptedDate": "2017-05-08 17:02:48",
        "calendarYear": "2017",
        "period": "Q1",
        "revenue": 79035000,
        "costOfRevenue": 39641000,
        "grossProfit": 39394000,
        "grossProfitRatio": 0.4984374012,
        "researchAndDevelopmentExpenses": 0,
        "generalAndAdministrativeExpenses": 0,
        "sellingAndMarketingExpenses": 15323000,
        "sellingGeneralAndAdministrativeExpenses": 15323000,
        "otherExpenses": 646000,
        "operatingExpenses": 29347000,
        "costAndExpenses": 68988000,
        "interestIncome": 5844000,
        "interestExpense": 3100000,
        "depreciationAndAmortization": 897000,
        "ebitda": 22238000,
        "ebitdaratio": 0.2813690137,
        "operatingIncome": 10047000,
        "operatingIncomeRatio": 0.1271208958,
        "totalOtherIncomeExpensesNet": 8131000,
        "incomeBeforeTax": 18178000,
        "incomeBeforeTaxRatio": 0.2299993674,
        "incomeTaxExpense": 4433000,
        "netIncome": 10943000,
        "netIncomeRatio": 0.1384576453,
        "eps": 1.67,
        "epsdiluted": 1.62,
        "weightedAverageShsOut": 6542000,
        "weightedAverageShsOutDil": 6773000,
        "link": "https://www.sec.gov/Archives/edgar/data/883237/000088323717000051/0000883237-17-000051-index.htm",
        "finalLink": "https://www.sec.gov/Archives/edgar/data/883237/000088323717000051/vrts0331201710-q.htm"
    },
    {
        "date": "2016-12-31",
        "symbol": "VRTS",
        "reportedCurrency": "USD",
        "cik": "0000883237",
        "fillingDate": "2017-02-27",
        "acceptedDate": "2017-02-27 17:05:32",
        "calendarYear": "2016",
        "period": "Q4",
        "revenue": 79661000,
        "costOfRevenue": 33457000,
        "grossProfit": 46204000,
        "grossProfitRatio": 0.580007783,
        "researchAndDevelopmentExpenses": 0,
        "generalAndAdministrativeExpenses": 0,
        "sellingAndMarketingExpenses": 16136000,
        "sellingGeneralAndAdministrativeExpenses": 16136000,
        "otherExpenses": 626000,
        "operatingExpenses": 33421000,
        "costAndExpenses": 66878000,
        "interestIncome": 6176000,
        "interestExpense": 1394000,
        "depreciationAndAmortization": 1303000,
        "ebitda": 15209000,
        "ebitdaratio": 0.19092153,
        "operatingIncome": 12783000,
        "operatingIncomeRatio": 0.160467481,
        "totalOtherIncomeExpensesNet": -334000,
        "incomeBeforeTax": 12449000,
        "incomeBeforeTaxRatio": 0.1562747141,
        "incomeTaxExpense": 532000,
        "netIncome": 12426000,
        "netIncomeRatio": 0.1559859906,
        "eps": 1.94,
        "epsdiluted": 1.87,
        "weightedAverageShsOut": 6413000,
        "weightedAverageShsOutDil": 6627000,
        "link": "https://www.sec.gov/Archives/edgar/data/883237/000088323717000020/0000883237-17-000020-index.htm",
        "finalLink": "https://www.sec.gov/Archives/edgar/data/883237/000088323717000020/vrts1231201610-k.htm"
    },
    {
        "date": "2016-09-30",
        "symbol": "VRTS",
        "reportedCurrency": "USD",
        "cik": "0000883237",
        "fillingDate": "2016-11-07",
        "acceptedDate": "2016-11-07 08:31:10",
        "calendarYear": "2016",
        "period": "Q3",
        "revenue": 82102000,
        "costOfRevenue": 33142000,
        "grossProfit": 48960000,
        "grossProfitRatio": 0.5963313927,
        "researchAndDevelopmentExpenses": 0,
        "generalAndAdministrativeExpenses": 0,
        "sellingAndMarketingExpenses": 17380000,
        "sellingGeneralAndAdministrativeExpenses": 17380000,
        "otherExpenses": 250000,
        "operatingExpenses": 30543000,
        "costAndExpenses": 63685000,
        "interestIncome": 5632000,
        "interestExpense": 3916000,
        "depreciationAndAmortization": 1358000,
        "ebitda": 28482000,
        "ebitdaratio": 0.3469099413,
        "operatingIncome": 16538000,
        "operatingIncomeRatio": 0.2014323646,
        "totalOtherIncomeExpensesNet": 6607000,
        "incomeBeforeTax": 23145000,
        "incomeBeforeTaxRatio": 0.2819054347,
        "incomeTaxExpense": 6869000,
        "netIncome": 15625000,
        "netIncomeRatio": 0.1903120509,
        "eps": 2.04,
        "epsdiluted": 1.99,
        "weightedAverageShsOut": 7676000,
        "weightedAverageShsOutDil": 7854000,
        "link": "https://www.sec.gov/Archives/edgar/data/883237/000088323716000027/0000883237-16-000027-index.htm",
        "finalLink": "https://www.sec.gov/Archives/edgar/data/883237/000088323716000027/vrts0930201610-q.htm"
    },
    {
        "date": "2016-06-30",
        "symbol": "VRTS",
        "reportedCurrency": "USD",
        "cik": "0000883237",
        "fillingDate": "2016-08-09",
        "acceptedDate": "2016-08-08 18:29:16",
        "calendarYear": "2016",
        "period": "Q2",
        "revenue": 79858000,
        "costOfRevenue": 33065000,
        "grossProfit": 46793000,
        "grossProfitRatio": 0.5859525658,
        "researchAndDevelopmentExpenses": 0,
        "generalAndAdministrativeExpenses": 0,
        "sellingAndMarketingExpenses": 17432000,
        "sellingGeneralAndAdministrativeExpenses": 17432000,
        "otherExpenses": -15000,
        "operatingExpenses": 35659000,
        "costAndExpenses": 68724000,
        "interestIncome": 2315000,
        "interestExpense": 3215000,
        "depreciationAndAmortization": 1379000,
        "ebitda": 22020000,
        "ebitdaratio": 0.2757394375,
        "operatingIncome": 8743000,
        "operatingIncomeRatio": 0.1094818302,
        "totalOtherIncomeExpensesNet": 6044000,
        "incomeBeforeTax": 14787000,
        "incomeBeforeTaxRatio": 0.18516617,
        "incomeTaxExpense": 6087000,
        "netIncome": 8088000,
        "netIncomeRatio": 0.1012797716,
        "eps": 0.99,
        "epsdiluted": 0.97,
        "weightedAverageShsOut": 8170000,
        "weightedAverageShsOutDil": 8314000,
        "link": "https://www.sec.gov/Archives/edgar/data/883237/000088323716000006/0000883237-16-000006-index.htm",
        "finalLink": "https://www.sec.gov/Archives/edgar/data/883237/000088323716000006/vrts0630201610-q.htm"
    },
    {
        "date": "2016-03-31",
        "symbol": "VRTS",
        "reportedCurrency": "USD",
        "cik": "0000883237",
        "fillingDate": "2016-05-03",
        "acceptedDate": "2016-05-03 16:14:29",
        "calendarYear": "2016",
        "period": "Q1",
        "revenue": 80120000,
        "costOfRevenue": 35977000,
        "grossProfit": 44143000,
        "grossProfitRatio": 0.5509610584,
        "researchAndDevelopmentExpenses": 0,
        "generalAndAdministrativeExpenses": 0,
        "sellingAndMarketingExpenses": 18101000,
        "sellingGeneralAndAdministrativeExpenses": 18101000,
        "otherExpenses": 228000,
        "operatingExpenses": 31393000,
        "costAndExpenses": 67370000,
        "interestIncome": 4708000,
        "interestExpense": 132000,
        "depreciationAndAmortization": 1573000,
        "ebitda": 21863000,
        "ebitdaratio": 0.2728781827,
        "operatingIncome": 12750000,
        "operatingIncomeRatio": 0.1591362956,
        "totalOtherIncomeExpensesNet": 6676000,
        "incomeBeforeTax": 19426000,
        "incomeBeforeTaxRatio": 0.242461308,
        "incomeTaxExpense": 7556000,
        "netIncome": 12363000,
        "netIncomeRatio": 0.1543060409,
        "eps": 1.48,
        "epsdiluted": 1.45,
        "weightedAverageShsOut": 8344000,
        "weightedAverageShsOutDil": 8506000,
        "link": "https://www.sec.gov/Archives/edgar/data/883237/000162828016015375/0001628280-16-015375-index.htm",
        "finalLink": "https://www.sec.gov/Archives/edgar/data/883237/000162828016015375/vrts0331201610-q.htm"
    },
    {
        "date": "2015-12-31",
        "symbol": "VRTS",
        "reportedCurrency": "USD",
        "cik": "0000883237",
        "fillingDate": "2016-02-24",
        "acceptedDate": "2016-02-24 17:08:53",
        "calendarYear": "2015",
        "period": "Q4",
        "revenue": 85871000,
        "costOfRevenue": 34376000,
        "grossProfit": 51495000,
        "grossProfitRatio": 0.5996785876,
        "researchAndDevelopmentExpenses": 0,
        "generalAndAdministrativeExpenses": 0,
        "sellingAndMarketingExpenses": 19831000,
        "sellingGeneralAndAdministrativeExpenses": 19831000,
        "otherExpenses": 75000,
        "operatingExpenses": 34989000,
        "costAndExpenses": 69365000,
        "interestIncome": 5171000,
        "interestExpense": 141000,
        "depreciationAndAmortization": 1665000,
        "ebitda": 23417000,
        "ebitdaratio": 0.2726997473,
        "operatingIncome": 16506000,
        "operatingIncomeRatio": 0.1922185604,
        "totalOtherIncomeExpensesNet": -2257000,
        "incomeBeforeTax": 14249000,
        "incomeBeforeTaxRatio": 0.1659349489,
        "incomeTaxExpense": 8612000,
        "netIncome": 6636000,
        "netIncomeRatio": 0.0772787088,
        "eps": 0.78,
        "epsdiluted": 0.76,
        "weightedAverageShsOut": 8562000,
        "weightedAverageShsOutDil": 8726000,
        "link": "https://www.sec.gov/Archives/edgar/data/883237/000162828016011648/0001628280-16-011648-index.htm",
        "finalLink": "https://www.sec.gov/Archives/edgar/data/883237/000162828016011648/vrts1231201510-k.htm"
    },
    {
        "date": "2015-09-30",
        "symbol": "VRTS",
        "reportedCurrency": "USD",
        "cik": "0000883237",
        "fillingDate": "2015-10-30",
        "acceptedDate": "2015-10-30 08:04:53",
        "calendarYear": "2015",
        "period": "Q3",
        "revenue": 92092000,
        "costOfRevenue": 33504000,
        "grossProfit": 58588000,
        "grossProfitRatio": 0.6361898971,
        "researchAndDevelopmentExpenses": 0,
        "generalAndAdministrativeExpenses": 0,
        "sellingAndMarketingExpenses": 21717000,
        "sellingGeneralAndAdministrativeExpenses": 21717000,
        "otherExpenses": 141000,
        "operatingExpenses": 35466000,
        "costAndExpenses": 68970000,
        "interestIncome": 3263000,
        "interestExpense": 138000,
        "depreciationAndAmortization": 1805000,
        "ebitda": 28331000,
        "ebitdaratio": 0.3076380142,
        "operatingIncome": 23122000,
        "operatingIncomeRatio": 0.2510750119,
        "totalOtherIncomeExpensesNet": -17156000,
        "incomeBeforeTax": 5966000,
        "incomeBeforeTaxRatio": 0.064783043,
        "incomeTaxExpense": 9669000,
        "netIncome": -649000,
        "netIncomeRatio": -0.0070473005,
        "eps": -0.074,
        "epsdiluted": -0.074,
        "weightedAverageShsOut": 8775000,
        "weightedAverageShsOutDil": 8775000,
        "link": "https://www.sec.gov/Archives/edgar/data/883237/000162828015008061/0001628280-15-008061-index.htm",
        "finalLink": "https://www.sec.gov/Archives/edgar/data/883237/000162828015008061/vrts0930201510-q.htm"
    },
    {
        "date": "2015-06-30",
        "symbol": "VRTS",
        "reportedCurrency": "USD",
        "cik": "0000883237",
        "fillingDate": "2015-07-31",
        "acceptedDate": "2015-07-31 16:56:17",
        "calendarYear": "2015",
        "period": "Q2",
        "revenue": 99079000,
        "costOfRevenue": 33593000,
        "grossProfit": 65486000,
        "grossProfitRatio": 0.6609473249,
        "researchAndDevelopmentExpenses": 0,
        "generalAndAdministrativeExpenses": 0,
        "sellingAndMarketingExpenses": 23676000,
        "sellingGeneralAndAdministrativeExpenses": 23676000,
        "otherExpenses": 247000,
        "operatingExpenses": 49278000,
        "costAndExpenses": 82871000,
        "interestIncome": 3400000,
        "interestExpense": 121000,
        "depreciationAndAmortization": 1765000,
        "ebitda": 18721000,
        "ebitdaratio": 0.1889502316,
        "operatingIncome": 16208000,
        "operatingIncomeRatio": 0.1635866329,
        "totalOtherIncomeExpensesNet": 627000,
        "incomeBeforeTax": 16835000,
        "incomeBeforeTaxRatio": 0.1699149164,
        "incomeTaxExpense": 7823000,
        "netIncome": 9777000,
        "netIncomeRatio": 0.098678832,
        "eps": 1.1,
        "epsdiluted": 1.08,
        "weightedAverageShsOut": 8889000,
        "weightedAverageShsOutDil": 9037000,
        "link": "https://www.sec.gov/Archives/edgar/data/883237/000119312515273068/0001193125-15-273068-index.htm",
        "finalLink": "https://www.sec.gov/Archives/edgar/data/883237/000119312515273068/d67159d10q.htm"
    },
    {
        "date": "2015-03-31",
        "symbol": "VRTS",
        "reportedCurrency": "USD",
        "cik": "0000883237",
        "fillingDate": "2015-05-11",
        "acceptedDate": "2015-05-11 08:04:53",
        "calendarYear": "2015",
        "period": "Q1",
        "revenue": 103136000,
        "costOfRevenue": 35622000,
        "grossProfit": 67514000,
        "grossProfitRatio": 0.6546113869,
        "researchAndDevelopmentExpenses": 0,
        "generalAndAdministrativeExpenses": 0,
        "sellingAndMarketingExpenses": 24507000,
        "sellingGeneralAndAdministrativeExpenses": 24507000,
        "otherExpenses": 435000,
        "operatingExpenses": 42972000,
        "costAndExpenses": 78594000,
        "interestIncome": 2604000,
        "interestExpense": 123000,
        "depreciationAndAmortization": 1671000,
        "ebitda": 32387000,
        "ebitdaratio": 0.3140222619,
        "operatingIncome": 24542000,
        "operatingIncomeRatio": 0.2379576482,
        "totalOtherIncomeExpensesNet": 6051000,
        "incomeBeforeTax": 30593000,
        "incomeBeforeTaxRatio": 0.2966277536,
        "incomeTaxExpense": 10868000,
        "netIncome": 19342000,
        "netIncomeRatio": 0.1875387837,
        "eps": 2.16,
        "epsdiluted": 2.11,
        "weightedAverageShsOut": 8964000,
        "weightedAverageShsOutDil": 9151000,
        "link": "https://www.sec.gov/Archives/edgar/data/883237/000119312515180728/0001193125-15-180728-index.htm",
        "finalLink": "https://www.sec.gov/Archives/edgar/data/883237/000119312515180728/d900989d10q.htm"
    },
    {
        "date": "2014-12-31",
        "symbol": "VRTS",
        "reportedCurrency": "USD",
        "cik": "0000883237",
        "fillingDate": "2015-03-02",
        "acceptedDate": "2015-03-02 09:28:37",
        "calendarYear": "2014",
        "period": "Q4",
        "revenue": 111472000,
        "costOfRevenue": 34053000,
        "grossProfit": 77419000,
        "grossProfitRatio": 0.6945152146,
        "researchAndDevelopmentExpenses": 0,
        "generalAndAdministrativeExpenses": 0,
        "sellingAndMarketingExpenses": 27526000,
        "sellingGeneralAndAdministrativeExpenses": 27526000,
        "otherExpenses": 318000,
        "operatingExpenses": 40754000,
        "costAndExpenses": 74807000,
        "interestIncome": 3187000,
        "interestExpense": 125000,
        "depreciationAndAmortization": 1650000,
        "ebitda": 35278000,
        "ebitdaratio": 0.3164740921,
        "operatingIncome": 36665000,
        "operatingIncomeRatio": 0.3289166786,
        "totalOtherIncomeExpensesNet": -3216000,
        "incomeBeforeTax": 33449000,
        "incomeBeforeTaxRatio": 0.3000663844,
        "incomeTaxExpense": 15038000,
        "netIncome": 18879000,
        "netIncomeRatio": 0.1693609157,
        "eps": 2.09,
        "epsdiluted": 2.05,
        "weightedAverageShsOut": 9021000,
        "weightedAverageShsOutDil": 9203000,
        "link": "https://www.sec.gov/Archives/edgar/data/883237/000119312515072018/0001193125-15-072018-index.htm",
        "finalLink": "https://www.sec.gov/Archives/edgar/data/883237/000119312515072018/d842922d10k.htm"
    },
    {
        "date": "2014-09-30",
        "symbol": "VRTS",
        "reportedCurrency": "USD",
        "cik": "0000883237",
        "fillingDate": "2014-11-07",
        "acceptedDate": "2014-11-06 17:57:53",
        "calendarYear": "2014",
        "period": "Q3",
        "revenue": 117435000,
        "costOfRevenue": 35246000,
        "grossProfit": 82189000,
        "grossProfitRatio": 0.6998680121,
        "researchAndDevelopmentExpenses": 0,
        "generalAndAdministrativeExpenses": 0,
        "sellingAndMarketingExpenses": 29180000,
        "sellingGeneralAndAdministrativeExpenses": 29180000,
        "otherExpenses": 233000,
        "operatingExpenses": 42968000,
        "costAndExpenses": 78214000,
        "interestIncome": 2548000,
        "interestExpense": 149000,
        "depreciationAndAmortization": 1660000,
        "ebitda": 43662000,
        "ebitdaratio": 0.3717971644,
        "operatingIncome": 38927000,
        "operatingIncomeRatio": 0.3314769873,
        "totalOtherIncomeExpensesNet": -3737000,
        "incomeBeforeTax": 35190000,
        "incomeBeforeTaxRatio": 0.2996551284,
        "incomeTaxExpense": -1805000,
        "netIncome": 37340000,
        "netIncomeRatio": 0.3179631285,
        "eps": 4.1,
        "epsdiluted": 4.02,
        "weightedAverageShsOut": 9096000,
        "weightedAverageShsOutDil": 9279000,
        "link": "https://www.sec.gov/Archives/edgar/data/883237/000119312514401383/0001193125-14-401383-index.htm",
        "finalLink": "https://www.sec.gov/Archives/edgar/data/883237/000119312514401383/d799045d10q.htm"
    },
    {
        "date": "2014-06-30",
        "symbol": "VRTS",
        "reportedCurrency": "USD",
        "cik": "0000883237",
        "fillingDate": "2014-07-29",
        "acceptedDate": "2014-07-29 17:08:22",
        "calendarYear": "2014",
        "period": "Q2",
        "revenue": 112419000,
        "costOfRevenue": 35481000,
        "grossProfit": 76938000,
        "grossProfitRatio": 0.6843860913,
        "researchAndDevelopmentExpenses": 0,
        "generalAndAdministrativeExpenses": 0,
        "sellingAndMarketingExpenses": 39222000,
        "sellingGeneralAndAdministrativeExpenses": 39222000,
        "otherExpenses": 189000,
        "operatingExpenses": 54436000,
        "costAndExpenses": 89917000,
        "interestIncome": 1983000,
        "interestExpense": 125000,
        "depreciationAndAmortization": 1617000,
        "ebitda": 26291000,
        "ebitdaratio": 0.2338661614,
        "operatingIncome": 22502000,
        "operatingIncomeRatio": 0.2001618943,
        "totalOtherIncomeExpensesNet": 9396000,
        "incomeBeforeTax": 31898000,
        "incomeBeforeTaxRatio": 0.2837420721,
        "incomeTaxExpense": 12106000,
        "netIncome": 19543000,
        "netIncomeRatio": 0.1738407209,
        "eps": 2.14,
        "epsdiluted": 2.1,
        "weightedAverageShsOut": 9133000,
        "weightedAverageShsOutDil": 9325000,
        "link": "https://www.sec.gov/Archives/edgar/data/883237/000119312514382512/0001193125-14-382512-index.htm",
        "finalLink": "https://www.sec.gov/Archives/edgar/data/883237/000119312514382512/d808542d10qa.htm"
    },
    {
        "date": "2014-03-31",
        "symbol": "VRTS",
        "reportedCurrency": "USD",
        "cik": "0000883237",
        "fillingDate": "2014-05-07",
        "acceptedDate": "2014-05-07 16:47:47",
        "calendarYear": "2014",
        "period": "Q1",
        "revenue": 107303000,
        "costOfRevenue": 35029000,
        "grossProfit": 72274000,
        "grossProfitRatio": 0.6735505997,
        "researchAndDevelopmentExpenses": 0,
        "generalAndAdministrativeExpenses": 0,
        "sellingAndMarketingExpenses": 27737000,
        "sellingGeneralAndAdministrativeExpenses": 27737000,
        "otherExpenses": 151000,
        "operatingExpenses": 39648000,
        "costAndExpenses": 74677000,
        "interestIncome": 1256000,
        "interestExpense": 138000,
        "depreciationAndAmortization": 1614000,
        "ebitda": 37590000,
        "ebitdaratio": 0.3503163938,
        "operatingIncome": 32626000,
        "operatingIncomeRatio": 0.3040548727,
        "totalOtherIncomeExpensesNet": 3151000,
        "incomeBeforeTax": 35777000,
        "incomeBeforeTaxRatio": 0.3334203144,
        "incomeTaxExpense": 14010000,
        "netIncome": 21938000,
        "netIncomeRatio": 0.2044490834,
        "eps": 2.41,
        "epsdiluted": 2.34,
        "weightedAverageShsOut": 9116000,
        "weightedAverageShsOutDil": 9361000,
        "link": "https://www.sec.gov/Archives/edgar/data/883237/000119312514187630/0001193125-14-187630-index.htm",
        "finalLink": "https://www.sec.gov/Archives/edgar/data/883237/000119312514187630/d713188d10q.htm"
    },
    {
        "date": "2013-12-31",
        "symbol": "VRTS",
        "reportedCurrency": "USD",
        "cik": "0000883237",
        "fillingDate": "2014-02-24",
        "acceptedDate": "2014-02-24 16:54:53",
        "calendarYear": "2013",
        "period": "Q4",
        "revenue": 106081000,
        "costOfRevenue": 33457000,
        "grossProfit": 72624000,
        "grossProfitRatio": 0.6846089309,
        "researchAndDevelopmentExpenses": 0,
        "generalAndAdministrativeExpenses": 0,
        "sellingAndMarketingExpenses": 26653000,
        "sellingGeneralAndAdministrativeExpenses": 26653000,
        "otherExpenses": -8000,
        "operatingExpenses": 38732000,
        "costAndExpenses": 72189000,
        "interestIncome": 1129000,
        "interestExpense": 148000,
        "depreciationAndAmortization": 1702000,
        "ebitda": 43206000,
        "ebitdaratio": 0.4072925406,
        "operatingIncome": 33892000,
        "operatingIncomeRatio": 0.3194917092,
        "totalOtherIncomeExpensesNet": 7411000,
        "incomeBeforeTax": 41303000,
        "incomeBeforeTaxRatio": 0.3893534186,
        "incomeTaxExpense": 14443000,
        "netIncome": 24756000,
        "netIncomeRatio": 0.2333688408,
        "eps": 2.72,
        "epsdiluted": 2.65,
        "weightedAverageShsOut": 9103000,
        "weightedAverageShsOutDil": 9347000,
        "link": "https://www.sec.gov/Archives/edgar/data/883237/000119312514065148/0001193125-14-065148-index.htm",
        "finalLink": "https://www.sec.gov/Archives/edgar/data/883237/000119312514065148/d640483d10k.htm"
    },
    {
        "date": "2013-09-30",
        "symbol": "VRTS",
        "reportedCurrency": "USD",
        "cik": "0000883237",
        "fillingDate": "2013-11-04",
        "acceptedDate": "2013-11-04 15:57:13",
        "calendarYear": "2013",
        "period": "Q3",
        "revenue": 99933000,
        "costOfRevenue": 33022000,
        "grossProfit": 66911000,
        "grossProfitRatio": 0.6695586043,
        "researchAndDevelopmentExpenses": 0,
        "generalAndAdministrativeExpenses": 0,
        "sellingAndMarketingExpenses": 25253000,
        "sellingGeneralAndAdministrativeExpenses": 25253000,
        "otherExpenses": 111000,
        "operatingExpenses": 35281000,
        "costAndExpenses": 68303000,
        "interestIncome": 726000,
        "interestExpense": 207000,
        "depreciationAndAmortization": 1735000,
        "ebitda": 35864000,
        "ebitdaratio": 0.3588804499,
        "operatingIncome": 31630000,
        "operatingIncomeRatio": 0.3165120631,
        "totalOtherIncomeExpensesNet": 2239000,
        "incomeBeforeTax": 33869000,
        "incomeBeforeTaxRatio": 0.3389170744,
        "incomeTaxExpense": 12567000,
        "netIncome": 21089000,
        "netIncomeRatio": 0.211031391,
        "eps": 2.64,
        "epsdiluted": 2.56,
        "weightedAverageShsOut": 7995000,
        "weightedAverageShsOutDil": 8227000,
        "link": "https://www.sec.gov/Archives/edgar/data/883237/000119312513425162/0001193125-13-425162-index.htm",
        "finalLink": "https://www.sec.gov/Archives/edgar/data/883237/000119312513425162/d597007d10q.htm"
    },
    {
        "date": "2013-06-30",
        "symbol": "VRTS",
        "reportedCurrency": "USD",
        "cik": "0000883237",
        "fillingDate": "2013-08-02",
        "acceptedDate": "2013-08-02 17:04:55",
        "calendarYear": "2013",
        "period": "Q2",
        "revenue": 95860000,
        "costOfRevenue": 32878000,
        "grossProfit": 62982000,
        "grossProfitRatio": 0.6570206551,
        "researchAndDevelopmentExpenses": 0,
        "generalAndAdministrativeExpenses": 0,
        "sellingAndMarketingExpenses": 24252000,
        "sellingGeneralAndAdministrativeExpenses": 24252000,
        "otherExpenses": -11000,
        "operatingExpenses": 36100000,
        "costAndExpenses": 68978000,
        "interestIncome": 815000,
        "interestExpense": 206000,
        "depreciationAndAmortization": 1713000,
        "ebitda": 29399000,
        "ebitdaratio": 0.306686835,
        "operatingIncome": 26882000,
        "operatingIncomeRatio": 0.2804297934,
        "totalOtherIncomeExpensesNet": -2781000,
        "incomeBeforeTax": 24101000,
        "incomeBeforeTaxRatio": 0.2514187357,
        "incomeTaxExpense": 9318000,
        "netIncome": 15385000,
        "netIncomeRatio": 0.1604944711,
        "eps": 1.97,
        "epsdiluted": 1.91,
        "weightedAverageShsOut": 7821000,
        "weightedAverageShsOutDil": 8058000,
        "link": "https://www.sec.gov/Archives/edgar/data/883237/000119312513317403/0001193125-13-317403-index.htm",
        "finalLink": "https://www.sec.gov/Archives/edgar/data/883237/000119312513317403/d557672d10q.htm"
    },
    {
        "date": "2013-03-31",
        "symbol": "VRTS",
        "reportedCurrency": "USD",
        "cik": "0000883237",
        "fillingDate": "2013-05-07",
        "acceptedDate": "2013-05-07 16:43:46",
        "calendarYear": "2013",
        "period": "Q1",
        "revenue": 85833000,
        "costOfRevenue": 32411000,
        "grossProfit": 53422000,
        "grossProfitRatio": 0.6223946501,
        "researchAndDevelopmentExpenses": 0,
        "generalAndAdministrativeExpenses": 0,
        "sellingAndMarketingExpenses": 21628000,
        "sellingGeneralAndAdministrativeExpenses": 21628000,
        "otherExpenses": -18000,
        "operatingExpenses": 32119000,
        "costAndExpenses": 64530000,
        "interestIncome": 577000,
        "interestExpense": 221000,
        "depreciationAndAmortization": 1685000,
        "ebitda": 24595000,
        "ebitdaratio": 0.2865448021,
        "operatingIncome": 21100000,
        "operatingIncomeRatio": 0.2458261974,
        "totalOtherIncomeExpensesNet": 1535000,
        "incomeBeforeTax": 22635000,
        "incomeBeforeTaxRatio": 0.263709762,
        "incomeTaxExpense": 8450000,
        "netIncome": 13960000,
        "netIncomeRatio": 0.1626414083,
        "eps": 1.79,
        "epsdiluted": 1.73,
        "weightedAverageShsOut": 7820000,
        "weightedAverageShsOutDil": 8088000,
        "link": "https://www.sec.gov/Archives/edgar/data/883237/000119312513204606/0001193125-13-204606-index.htm",
        "finalLink": "https://www.sec.gov/Archives/edgar/data/883237/000119312513204606/d508819d10q.htm"
    },
    {
        "date": "2012-12-31",
        "symbol": "VRTS",
        "reportedCurrency": "USD",
        "cik": "0000883237",
        "fillingDate": "2013-03-01",
        "acceptedDate": "2013-03-01 17:05:56",
        "calendarYear": "2012",
        "period": "Q4",
        "revenue": 78642000,
        "costOfRevenue": 27847000,
        "grossProfit": 50795000,
        "grossProfitRatio": 0.645901681,
        "researchAndDevelopmentExpenses": 0,
        "generalAndAdministrativeExpenses": 0,
        "sellingAndMarketingExpenses": 19727000,
        "sellingGeneralAndAdministrativeExpenses": 19727000,
        "otherExpenses": -22000,
        "operatingExpenses": 30075000,
        "costAndExpenses": 57922000,
        "interestIncome": 814000,
        "interestExpense": 183000,
        "depreciationAndAmortization": 1721000,
        "ebitda": 25035000,
        "ebitdaratio": 0.3183413443,
        "operatingIncome": 20472000,
        "operatingIncomeRatio": 0.2603189136,
        "totalOtherIncomeExpensesNet": 2392000,
        "incomeBeforeTax": 22864000,
        "incomeBeforeTaxRatio": 0.2907352305,
        "incomeTaxExpense": 10550000,
        "netIncome": 12213000,
        "netIncomeRatio": 0.1552986954,
        "eps": 1.56,
        "epsdiluted": 1.5,
        "weightedAverageShsOut": 7832000,
        "weightedAverageShsOutDil": 8126000,
        "link": "https://www.sec.gov/Archives/edgar/data/883237/000119312513087932/0001193125-13-087932-index.htm",
        "finalLink": "https://www.sec.gov/Archives/edgar/data/883237/000119312513087932/d442269d10k.htm"
    },
    {
        "date": "2012-09-30",
        "symbol": "VRTS",
        "reportedCurrency": "USD",
        "cik": "0000883237",
        "fillingDate": "2012-11-07",
        "acceptedDate": "2012-11-07 17:28:11",
        "calendarYear": "2012",
        "period": "Q3",
        "revenue": 71951000,
        "costOfRevenue": 43663000,
        "grossProfit": 28288000,
        "grossProfitRatio": 0.3931564537,
        "researchAndDevelopmentExpenses": 0,
        "generalAndAdministrativeExpenses": 43663000,
        "sellingAndMarketingExpenses": 0,
        "sellingGeneralAndAdministrativeExpenses": 43663000,
        "otherExpenses": 1466000,
        "operatingExpenses": 53629000,
        "costAndExpenses": 53629000,
        "interestIncome": 196000,
        "interestExpense": 196000,
        "depreciationAndAmortization": 1466000,
        "ebitda": 20583000,
        "ebitdaratio": 0.2860696863,
        "operatingIncome": 17767000,
        "operatingIncomeRatio": 0.2469319398,
        "totalOtherIncomeExpensesNet": 1154000,
        "incomeBeforeTax": 18921000,
        "incomeBeforeTaxRatio": 0.2629706328,
        "incomeTaxExpense": 7279000,
        "netIncome": 11642000,
        "netIncomeRatio": 0.1618045614,
        "eps": 1.48,
        "epsdiluted": 1.43,
        "weightedAverageShsOut": 7843000,
        "weightedAverageShsOutDil": 8117000,
        "link": "https://www.sec.gov/Archives/edgar/data/883237/000119312512457831/0001193125-12-457831-index.htm",
        "finalLink": "https://www.sec.gov/Archives/edgar/data/883237/000119312512457831/d406632d10q.htm"
    },
    {
        "date": "2012-06-30",
        "symbol": "VRTS",
        "reportedCurrency": "USD",
        "cik": "0000883237",
        "fillingDate": "2012-08-07",
        "acceptedDate": "2012-08-07 11:45:04",
        "calendarYear": "2012",
        "period": "Q2",
        "revenue": 66818000,
        "costOfRevenue": 41303000,
        "grossProfit": 25515000,
        "grossProfitRatio": 0.3818581819,
        "researchAndDevelopmentExpenses": 0,
        "generalAndAdministrativeExpenses": 41303000,
        "sellingAndMarketingExpenses": 0,
        "sellingGeneralAndAdministrativeExpenses": 41303000,
        "otherExpenses": 1433000,
        "operatingExpenses": 51771000,
        "costAndExpenses": 51771000,
        "interestIncome": 171000,
        "interestExpense": 274000,
        "depreciationAndAmortization": 1433000,
        "ebitda": 15643000,
        "ebitdaratio": 0.2341135622,
        "operatingIncome": 14253000,
        "operatingIncomeRatio": 0.2133107845,
        "totalOtherIncomeExpensesNet": -317000,
        "incomeBeforeTax": 13936000,
        "incomeBeforeTaxRatio": 0.2085665539,
        "incomeTaxExpense": 5569000,
        "netIncome": 8367000,
        "netIncomeRatio": 0.1252207489,
        "eps": 1.08,
        "epsdiluted": 1.04,
        "weightedAverageShsOut": 7763000,
        "weightedAverageShsOutDil": 8081000,
        "link": "https://www.sec.gov/Archives/edgar/data/883237/000119312512339951/0001193125-12-339951-index.htm",
        "finalLink": "https://www.sec.gov/Archives/edgar/data/883237/000119312512339951/d351689d10q.htm"
    },
    {
        "date": "2012-03-31",
        "symbol": "VRTS",
        "reportedCurrency": "USD",
        "cik": "0000883237",
        "fillingDate": "2012-05-08",
        "acceptedDate": "2012-05-08 15:59:31",
        "calendarYear": "2012",
        "period": "Q1",
        "revenue": 62398000,
        "costOfRevenue": 45241000,
        "grossProfit": 17157000,
        "grossProfitRatio": 0.2749607359,
        "researchAndDevelopmentExpenses": 0,
        "generalAndAdministrativeExpenses": 45241000,
        "sellingAndMarketingExpenses": 0,
        "sellingGeneralAndAdministrativeExpenses": 45241000,
        "otherExpenses": 1311000,
        "operatingExpenses": 54445000,
        "costAndExpenses": 54445000,
        "interestIncome": 106000,
        "interestExpense": 201000,
        "depreciationAndAmortization": 1311000,
        "ebitda": 10594000,
        "ebitdaratio": 0.1697810827,
        "operatingIncome": 7953000,
        "operatingIncomeRatio": 0.1274560082,
        "totalOtherIncomeExpensesNet": 1129000,
        "incomeBeforeTax": 9082000,
        "incomeBeforeTaxRatio": 0.1455495368,
        "incomeTaxExpense": 3632000,
        "netIncome": 5386000,
        "netIncomeRatio": 0.0863168691,
        "eps": 0.72,
        "epsdiluted": 0.68,
        "weightedAverageShsOut": 7468000,
        "weightedAverageShsOutDil": 7966000,
        "link": "https://www.sec.gov/Archives/edgar/data/883237/000119312512218352/0001193125-12-218352-index.htm",
        "finalLink": "https://www.sec.gov/Archives/edgar/data/883237/000119312512218352/d317293d10q.htm"
    },
    {
        "date": "2011-12-31",
        "symbol": "VRTS",
        "reportedCurrency": "USD",
        "cik": "0000883237",
        "fillingDate": "2012-03-01",
        "acceptedDate": "2012-03-01 16:08:42",
        "calendarYear": "2011",
        "period": "Q4",
        "revenue": 56172000,
        "costOfRevenue": 37880000,
        "grossProfit": 18292000,
        "grossProfitRatio": 0.3256426689,
        "researchAndDevelopmentExpenses": 0,
        "generalAndAdministrativeExpenses": 60315000,
        "sellingAndMarketingExpenses": 128997000,
        "sellingGeneralAndAdministrativeExpenses": 7435000,
        "otherExpenses": 1403000,
        "operatingExpenses": 8838000,
        "costAndExpenses": 46718000,
        "interestIncome": 129000,
        "interestExpense": 190000,
        "depreciationAndAmortization": 1403000,
        "ebitda": 10221000,
        "ebitdaratio": 0.1819589831,
        "operatingIncome": 8194000,
        "operatingIncomeRatio": 0.1458733889,
        "totalOtherIncomeExpensesNet": 434000,
        "incomeBeforeTax": 8628000,
        "incomeBeforeTaxRatio": 0.1535996582,
        "incomeTaxExpense": -132037000,
        "netIncome": 109512000,
        "netIncomeRatio": 1.9495834223,
        "eps": 18.84,
        "epsdiluted": 17.66,
        "weightedAverageShsOut": 7468000,
        "weightedAverageShsOutDil": 7966000,
        "link": "https://www.sec.gov/Archives/edgar/data/883237/000119312512092136/0001193125-12-092136-index.htm",
        "finalLink": "https://www.sec.gov/Archives/edgar/data/883237/000119312512092136/d251821d10k.htm"
    },
    {
        "date": "2011-09-30",
        "symbol": "VRTS",
        "reportedCurrency": "USD",
        "cik": "0000883237",
        "fillingDate": "2011-11-04",
        "acceptedDate": "2011-11-04 15:27:31",
        "calendarYear": "2011",
        "period": "Q3",
        "revenue": 55457000,
        "costOfRevenue": 48776000,
        "grossProfit": 6681000,
        "grossProfitRatio": 0.1204717168,
        "researchAndDevelopmentExpenses": 0,
        "generalAndAdministrativeExpenses": 48776000,
        "sellingAndMarketingExpenses": 0,
        "sellingGeneralAndAdministrativeExpenses": 48776000,
        "otherExpenses": 1431000,
        "operatingExpenses": 57643000,
        "costAndExpenses": 57643000,
        "interestIncome": 81000,
        "interestExpense": 189000,
        "depreciationAndAmortization": 1431000,
        "ebitda": -2253000,
        "ebitdaratio": -0.0406260706,
        "operatingIncome": -2193000,
        "operatingIncomeRatio": -0.0395441513,
        "totalOtherIncomeExpensesNet": -1680000,
        "incomeBeforeTax": -3873000,
        "incomeBeforeTaxRatio": -0.0698378924,
        "incomeTaxExpense": -1095000,
        "netIncome": -2778000,
        "netIncomeRatio": -0.0500928647,
        "eps": -0.45,
        "epsdiluted": -0.45,
        "weightedAverageShsOut": 6219000,
        "weightedAverageShsOutDil": 6219000,
        "link": "https://www.sec.gov/Archives/edgar/data/883237/000119312511297250/0001193125-11-297250-index.htm",
        "finalLink": "https://www.sec.gov/Archives/edgar/data/883237/000119312511297250/d234467d10q.htm"
    },
    {
        "date": "2011-06-30",
        "symbol": "VRTS",
        "reportedCurrency": "USD",
        "cik": "0000883237",
        "fillingDate": "2011-08-05",
        "acceptedDate": "2011-08-05 16:06:48",
        "calendarYear": "2011",
        "period": "Q2",
        "revenue": 48902000,
        "costOfRevenue": 35417000,
        "grossProfit": 13485000,
        "grossProfitRatio": 0.2757555928,
        "researchAndDevelopmentExpenses": 0,
        "generalAndAdministrativeExpenses": 35417000,
        "sellingAndMarketingExpenses": 0,
        "sellingGeneralAndAdministrativeExpenses": 35417000,
        "otherExpenses": 1496000,
        "operatingExpenses": 44849000,
        "costAndExpenses": 44849000,
        "interestIncome": 65000,
        "interestExpense": 192000,
        "depreciationAndAmortization": 1496000,
        "ebitda": 5301000,
        "ebitdaratio": 0.1084004744,
        "operatingIncome": 3459000,
        "operatingIncomeRatio": 0.0707333033,
        "totalOtherIncomeExpensesNet": 154000,
        "incomeBeforeTax": 3613000,
        "incomeBeforeTaxRatio": 0.0738824588,
        "incomeTaxExpense": 417000,
        "netIncome": 3196000,
        "netIncomeRatio": 0.0653552002,
        "eps": 0.51,
        "epsdiluted": 0.46,
        "weightedAverageShsOut": 6238000,
        "weightedAverageShsOutDil": 6887000,
        "link": "https://www.sec.gov/Archives/edgar/data/883237/000119312511212318/0001193125-11-212318-index.htm",
        "finalLink": "https://www.sec.gov/Archives/edgar/data/883237/000119312511212318/d10q.htm"
    },
    {
        "date": "2011-03-31",
        "symbol": "VRTS",
        "reportedCurrency": "USD",
        "cik": "0000883237",
        "fillingDate": "2011-05-05",
        "acceptedDate": "2011-05-05 17:01:48",
        "calendarYear": "2011",
        "period": "Q1",
        "revenue": 44121000,
        "costOfRevenue": 30646000,
        "grossProfit": 13475000,
        "grossProfitRatio": 0.3054101222,
        "researchAndDevelopmentExpenses": 0,
        "generalAndAdministrativeExpenses": 5173000,
        "sellingAndMarketingExpenses": 11077000,
        "sellingGeneralAndAdministrativeExpenses": 7350000,
        "otherExpenses": 1535000,
        "operatingExpenses": 8885000,
        "costAndExpenses": 39531000,
        "interestIncome": 46000,
        "interestExpense": 211000,
        "depreciationAndAmortization": 1535000,
        "ebitda": 6370000,
        "ebitdaratio": 0.1443756941,
        "operatingIncome": 4443000,
        "operatingIncomeRatio": 0.1007003468,
        "totalOtherIncomeExpensesNet": 181000,
        "incomeBeforeTax": 4624000,
        "incomeBeforeTaxRatio": 0.1048027017,
        "incomeTaxExpense": 287000,
        "netIncome": 4337000,
        "netIncomeRatio": 0.0982978627,
        "eps": 0.69,
        "epsdiluted": 0.63,
        "weightedAverageShsOut": 6242000,
        "weightedAverageShsOutDil": 6913000,
        "link": "https://www.sec.gov/Archives/edgar/data/883237/000119312511128706/0001193125-11-128706-index.htm",
        "finalLink": "https://www.sec.gov/Archives/edgar/data/883237/000119312511128706/d10q.htm"
    },
    {
        "date": "2010-12-31",
        "symbol": "VRTS",
        "reportedCurrency": "USD",
        "cik": "0000883237",
        "fillingDate": "2011-03-01",
        "acceptedDate": "2011-02-28 17:35:06",
        "calendarYear": "2010",
        "period": "Q4",
        "revenue": 40739000,
        "costOfRevenue": 98439000,
        "grossProfit": -57700000,
        "grossProfitRatio": -1.4163332433,
        "researchAndDevelopmentExpenses": 0,
        "generalAndAdministrativeExpenses": 55750000,
        "sellingAndMarketingExpenses": 50590000,
        "sellingGeneralAndAdministrativeExpenses": -42792000,
        "otherExpenses": -19635000,
        "operatingExpenses": -62427000,
        "costAndExpenses": 36012000,
        "interestIncome": 360000,
        "interestExpense": 213000,
        "depreciationAndAmortization": 1524000,
        "ebitda": 6620000,
        "ebitdaratio": 0.1624978522,
        "operatingIncome": 4450000,
        "operatingIncomeRatio": 0.1092319399,
        "totalOtherIncomeExpensesNet": 433000,
        "incomeBeforeTax": 4883000,
        "incomeBeforeTaxRatio": 0.1198605759,
        "incomeTaxExpense": 433000,
        "netIncome": 4450000,
        "netIncomeRatio": 0.1092319399,
        "eps": 0.71,
        "epsdiluted": 0.64,
        "weightedAverageShsOut": 6242000,
        "weightedAverageShsOutDil": 6913000,
        "link": "https://www.sec.gov/Archives/edgar/data/883237/000119312511050262/0001193125-11-050262-index.htm",
        "finalLink": "https://www.sec.gov/Archives/edgar/data/883237/000119312511050262/d10k.htm"
    },
    {
        "date": "2010-09-30",
        "symbol": "VRTS",
        "reportedCurrency": "USD",
        "cik": "0000883237",
        "fillingDate": "2010-11-04",
        "acceptedDate": "2010-11-03 18:28:21",
        "calendarYear": "2010",
        "period": "Q3",
        "revenue": 35582000,
        "costOfRevenue": 24127000,
        "grossProfit": 11455000,
        "grossProfitRatio": 0.3219324377,
        "researchAndDevelopmentExpenses": 0,
        "generalAndAdministrativeExpenses": 24127000,
        "sellingAndMarketingExpenses": 0,
        "sellingGeneralAndAdministrativeExpenses": 24127000,
        "otherExpenses": 1588000,
        "operatingExpenses": 32457000,
        "costAndExpenses": 32457000,
        "interestIncome": 52000,
        "interestExpense": 228000,
        "depreciationAndAmortization": 1588000,
        "ebitda": 5565000,
        "ebitdaratio": 0.156399303,
        "operatingIncome": 2897000,
        "operatingIncomeRatio": 0.0814175707,
        "totalOtherIncomeExpensesNet": 852000,
        "incomeBeforeTax": 3749000,
        "incomeBeforeTaxRatio": 0.1053622618,
        "incomeTaxExpense": 30000,
        "netIncome": 3719000,
        "netIncomeRatio": 0.1045191389,
        "eps": 0.61,
        "epsdiluted": 0.57,
        "weightedAverageShsOut": 6103000,
        "weightedAverageShsOutDil": 6538000,
        "link": "https://www.sec.gov/Archives/edgar/data/883237/000119312510246444/0001193125-10-246444-index.htm",
        "finalLink": "https://www.sec.gov/Archives/edgar/data/883237/000119312510246444/d10q.htm"
    },
    {
        "date": "2010-06-30",
        "symbol": "VRTS",
        "reportedCurrency": "USD",
        "cik": "0000883237",
        "fillingDate": "2010-08-06",
        "acceptedDate": "2010-08-06 17:19:40",
        "calendarYear": "2010",
        "period": "Q2",
        "revenue": 34788000,
        "costOfRevenue": 8727000,
        "grossProfit": 26061000,
        "grossProfitRatio": 0.7491376337,
        "researchAndDevelopmentExpenses": 0,
        "generalAndAdministrativeExpenses": 23244000,
        "sellingAndMarketingExpenses": 0,
        "sellingGeneralAndAdministrativeExpenses": 23244000,
        "otherExpenses": 9227000,
        "operatingExpenses": 32471000,
        "costAndExpenses": 32471000,
        "interestIncome": 77000,
        "interestExpense": 267000,
        "depreciationAndAmortization": 1793000,
        "ebitda": 2564000,
        "ebitdaratio": 0.0737035759,
        "operatingIncome": 1217000,
        "operatingIncomeRatio": 0.0349833276,
        "totalOtherIncomeExpensesNet": -713000,
        "incomeBeforeTax": 504000,
        "incomeBeforeTaxRatio": 0.0144877544,
        "incomeTaxExpense": 91000,
        "netIncome": 413000,
        "netIncomeRatio": 0.0118719099,
        "eps": 0.0706,
        "epsdiluted": 0.0706,
        "weightedAverageShsOut": 5854000,
        "weightedAverageShsOutDil": 5854000,
        "link": "https://www.sec.gov/Archives/edgar/data/883237/000119312510181613/0001193125-10-181613-index.htm",
        "finalLink": "https://www.sec.gov/Archives/edgar/data/883237/000119312510181613/d10q.htm"
    },
    {
        "date": "2010-03-31",
        "symbol": "VRTS",
        "reportedCurrency": "USD",
        "cik": "0000883237",
        "fillingDate": "2010-05-04",
        "acceptedDate": "2010-05-04 17:13:40",
        "calendarYear": "2010",
        "period": "Q1",
        "revenue": 33447000,
        "costOfRevenue": 8512000,
        "grossProfit": 24935000,
        "grossProfitRatio": 0.7455078183,
        "researchAndDevelopmentExpenses": 0,
        "generalAndAdministrativeExpenses": 23703000,
        "sellingAndMarketingExpenses": 0,
        "sellingGeneralAndAdministrativeExpenses": 23703000,
        "otherExpenses": 9007000,
        "operatingExpenses": 32710000,
        "costAndExpenses": 32710000,
        "interestIncome": 170000,
        "interestExpense": 275000,
        "depreciationAndAmortization": 2024000,
        "ebitda": 3318000,
        "ebitdaratio": 0.0992017221,
        "operatingIncome": 707000,
        "operatingIncomeRatio": 0.0211379197,
        "totalOtherIncomeExpensesNet": 312000,
        "incomeBeforeTax": 1019000,
        "incomeBeforeTaxRatio": 0.0304661106,
        "incomeTaxExpense": -41000,
        "netIncome": 1060000,
        "netIncomeRatio": 0.0316919305,
        "eps": 0.18,
        "epsdiluted": 0.17,
        "weightedAverageShsOut": 5833000,
        "weightedAverageShsOutDil": 6143000,
        "link": "https://www.sec.gov/Archives/edgar/data/883237/000119312510106743/0001193125-10-106743-index.htm",
        "finalLink": "https://www.sec.gov/Archives/edgar/data/883237/000119312510106743/d10q.htm"
    },
    {
        "date": "2009-12-31",
        "symbol": "VRTS",
        "reportedCurrency": "USD",
        "cik": "0000883237",
        "fillingDate": "2010-03-08",
        "acceptedDate": "2010-03-05 19:26:20",
        "calendarYear": "2009",
        "period": "Q4",
        "revenue": 33325000,
        "costOfRevenue": 33701000,
        "grossProfit": -376000,
        "grossProfitRatio": -0.0112828207,
        "researchAndDevelopmentExpenses": 0,
        "generalAndAdministrativeExpenses": 23659000,
        "sellingAndMarketingExpenses": 0,
        "sellingGeneralAndAdministrativeExpenses": 23659000,
        "otherExpenses": 8352000,
        "operatingExpenses": 32011000,
        "costAndExpenses": 32011000,
        "interestIncome": 339000,
        "interestExpense": 319000,
        "depreciationAndAmortization": 2070000,
        "ebitda": 3481000,
        "ebitdaratio": 0.104456114,
        "operatingIncome": 1292000,
        "operatingIncomeRatio": 0.0387696924,
        "totalOtherIncomeExpensesNet": -200000,
        "incomeBeforeTax": 1092000,
        "incomeBeforeTaxRatio": 0.032768192,
        "incomeTaxExpense": -338000,
        "netIncome": 1430000,
        "netIncomeRatio": 0.0429107277,
        "eps": 0.25,
        "epsdiluted": 0.23,
        "weightedAverageShsOut": 5833000,
        "weightedAverageShsOutDil": 6143000,
        "link": "https://www.sec.gov/Archives/edgar/data/883237/000119312510049192/0001193125-10-049192-index.htm",
        "finalLink": "https://www.sec.gov/Archives/edgar/data/883237/000119312510049192/d10k.htm"
    },
    {
        "date": "2009-09-30",
        "symbol": "VRTS",
        "reportedCurrency": "USD",
        "cik": "0000883237",
        "fillingDate": "2009-11-04",
        "acceptedDate": "2009-11-04 16:05:34",
        "calendarYear": "2009",
        "period": "Q3",
        "revenue": 30395000,
        "costOfRevenue": 8288000,
        "grossProfit": 22107000,
        "grossProfitRatio": 0.727323573,
        "researchAndDevelopmentExpenses": 0,
        "generalAndAdministrativeExpenses": 21593000,
        "sellingAndMarketingExpenses": 0,
        "sellingGeneralAndAdministrativeExpenses": 21593000,
        "otherExpenses": 8974000,
        "operatingExpenses": 30567000,
        "costAndExpenses": 30567000,
        "interestIncome": 68000,
        "interestExpense": 373000,
        "depreciationAndAmortization": 2436000,
        "ebitda": 3110000,
        "ebitdaratio": 0.1023194604,
        "operatingIncome": -622000,
        "operatingIncomeRatio": -0.0204638921,
        "totalOtherIncomeExpensesNet": 923000,
        "incomeBeforeTax": 301000,
        "incomeBeforeTaxRatio": 0.0099029446,
        "incomeTaxExpense": 189000,
        "netIncome": 112000,
        "netIncomeRatio": 0.0036848166,
        "eps": 0.0192,
        "epsdiluted": 0.0192,
        "weightedAverageShsOut": 5824000,
        "weightedAverageShsOutDil": 5824000,
        "link": "https://www.sec.gov/Archives/edgar/data/883237/000119312509223740/0001193125-09-223740-index.htm",
        "finalLink": "https://www.sec.gov/Archives/edgar/data/883237/000119312509223740/d10q.htm"
    },
    {
        "date": "2009-06-30",
        "symbol": "VRTS",
        "reportedCurrency": "USD",
        "cik": "0000883237",
        "fillingDate": "2009-08-13",
        "acceptedDate": "2009-08-13 16:33:49",
        "calendarYear": "2009",
        "period": "Q2",
        "revenue": 27181000,
        "costOfRevenue": 8819000,
        "grossProfit": 18362000,
        "grossProfitRatio": 0.6755454178,
        "researchAndDevelopmentExpenses": 0,
        "generalAndAdministrativeExpenses": 20616000,
        "sellingAndMarketingExpenses": 0,
        "sellingGeneralAndAdministrativeExpenses": 20616000,
        "otherExpenses": 9194000,
        "operatingExpenses": 29810000,
        "costAndExpenses": 29810000,
        "interestIncome": 114000,
        "interestExpense": 662000,
        "depreciationAndAmortization": 2217000,
        "ebitda": -298000,
        "ebitdaratio": -0.0109635407,
        "operatingIncome": -2822000,
        "operatingIncomeRatio": -0.1038225231,
        "totalOtherIncomeExpensesNet": 721000,
        "incomeBeforeTax": -2101000,
        "incomeBeforeTaxRatio": -0.077296641,
        "incomeTaxExpense": 147000,
        "netIncome": -2248000,
        "netIncomeRatio": -0.0827048306,
        "eps": -0.39,
        "epsdiluted": -0.39,
        "weightedAverageShsOut": 5811000,
        "weightedAverageShsOutDil": 5811000,
        "link": "https://www.sec.gov/Archives/edgar/data/883237/000119312509174443/0001193125-09-174443-index.htm",
        "finalLink": "https://www.sec.gov/Archives/edgar/data/883237/000119312509174443/d10q.htm"
    },
    {
        "date": "2009-03-31",
        "symbol": "VRTS",
        "reportedCurrency": "USD",
        "cik": "0000883237",
        "fillingDate": "2009-05-13",
        "acceptedDate": "2009-05-13 17:14:57",
        "calendarYear": "2009",
        "period": "Q1",
        "revenue": 26251000,
        "costOfRevenue": 8733000,
        "grossProfit": 17518000,
        "grossProfitRatio": 0.667326959,
        "researchAndDevelopmentExpenses": 0,
        "generalAndAdministrativeExpenses": 21184000,
        "sellingAndMarketingExpenses": 0,
        "sellingGeneralAndAdministrativeExpenses": 21184000,
        "otherExpenses": 9101000,
        "operatingExpenses": 30285000,
        "costAndExpenses": 30285000,
        "interestIncome": 103000,
        "interestExpense": 430000,
        "depreciationAndAmortization": 2268000,
        "ebitda": -2957000,
        "ebitdaratio": -0.1126433279,
        "operatingIncome": -4471000,
        "operatingIncomeRatio": -0.1703173212,
        "totalOtherIncomeExpensesNet": -1184000,
        "incomeBeforeTax": -5655000,
        "incomeBeforeTaxRatio": -0.2154203649,
        "incomeTaxExpense": 123000,
        "netIncome": -5778000,
        "netIncomeRatio": -0.2201059007,
        "eps": -1,
        "epsdiluted": -1,
        "weightedAverageShsOut": 5790000,
        "weightedAverageShsOutDil": 5790000,
        "link": "https://www.sec.gov/Archives/edgar/data/883237/000119312509109946/0001193125-09-109946-index.htm",
        "finalLink": "https://www.sec.gov/Archives/edgar/data/883237/000119312509109946/d10q.htm"
    },
    {
        "date": "2008-12-31",
        "symbol": "VRTS",
        "reportedCurrency": "USD",
        "cik": "0000883237",
        "fillingDate": "2009-04-10",
        "acceptedDate": "2009-04-10 06:07:35",
        "calendarYear": "2008",
        "period": "Q4",
        "revenue": 34887000,
        "costOfRevenue": 70455000,
        "grossProfit": -35568000,
        "grossProfitRatio": -1.0195201651,
        "researchAndDevelopmentExpenses": 0,
        "generalAndAdministrativeExpenses": 27390000,
        "sellingAndMarketingExpenses": 0,
        "sellingGeneralAndAdministrativeExpenses": 27390000,
        "otherExpenses": 14502000,
        "operatingExpenses": 41892000,
        "costAndExpenses": 41892000,
        "interestIncome": 228000,
        "interestExpense": 583000,
        "depreciationAndAmortization": 3302000,
        "ebitda": -137331000,
        "ebitdaratio": -3.9364519735,
        "operatingIncome": -135558000,
        "operatingIncomeRatio": -3.8856307507,
        "totalOtherIncomeExpensesNet": -5658000,
        "incomeBeforeTax": -141216000,
        "incomeBeforeTaxRatio": -4.0478115057,
        "incomeTaxExpense": 37995000,
        "netIncome": -179211000,
        "netIncomeRatio": -5.1368991315,
        "eps": -31.05,
        "epsdiluted": -30.95,
        "weightedAverageShsOut": 5772000,
        "weightedAverageShsOutDil": 5790000,
        "link": "https://www.sec.gov/Archives/edgar/data/883237/000119312509076817/0001193125-09-076817-index.htm",
        "finalLink": "https://www.sec.gov/Archives/edgar/data/883237/000119312509076817/d10k.htm"
    },
    {
        "date": "2008-09-30",
        "symbol": "VRTS",
        "reportedCurrency": "USD",
        "cik": "0000883237",
        "fillingDate": "2008-09-30",
        "acceptedDate": "2008-09-29 20:00:00",
        "calendarYear": "2008",
        "period": "Q3",
        "revenue": 44806000,
        "costOfRevenue": 0,
        "grossProfit": 44806000,
        "grossProfitRatio": 1,
        "researchAndDevelopmentExpenses": 0,
        "generalAndAdministrativeExpenses": 30147000,
        "sellingAndMarketingExpenses": 0,
        "sellingGeneralAndAdministrativeExpenses": 30147000,
        "otherExpenses": 18090000,
        "operatingExpenses": 48237000,
        "costAndExpenses": 48237000,
        "interestIncome": 146000,
        "interestExpense": 629000,
        "depreciationAndAmortization": 7585000,
        "ebitda": -420972000,
        "ebitdaratio": -9.395438111,
        "operatingIncome": -427816000,
        "operatingIncomeRatio": -9.5481855109,
        "totalOtherIncomeExpensesNet": -1370000,
        "incomeBeforeTax": -429186000,
        "incomeBeforeTaxRatio": -9.578761773,
        "incomeTaxExpense": -91917000,
        "netIncome": -337269000,
        "netIncomeRatio": -7.5273177699,
        "eps": -58.43,
        "epsdiluted": -58.43,
        "weightedAverageShsOut": 5772000,
        "weightedAverageShsOutDil": 5772000,
        "link": "",
        "finalLink": ""
    },
    {
        "date": "2008-06-30",
        "symbol": "VRTS",
        "reportedCurrency": "USD",
        "cik": "0000883237",
        "fillingDate": "2008-06-30",
        "acceptedDate": "2008-06-29 20:00:00",
        "calendarYear": "2008",
        "period": "Q2",
        "revenue": 48048000,
        "costOfRevenue": 0,
        "grossProfit": 48048000,
        "grossProfitRatio": 1,
        "researchAndDevelopmentExpenses": 0,
        "generalAndAdministrativeExpenses": 32499000,
        "sellingAndMarketingExpenses": 0,
        "sellingGeneralAndAdministrativeExpenses": 32499000,
        "otherExpenses": 19623000,
        "operatingExpenses": 52122000,
        "costAndExpenses": 52122000,
        "interestIncome": 202000,
        "interestExpense": 666000,
        "depreciationAndAmortization": 7695000,
        "ebitda": 3098000,
        "ebitdaratio": 0.0644771895,
        "operatingIncome": -4741000,
        "operatingIncomeRatio": -0.0986721612,
        "totalOtherIncomeExpensesNet": -522000,
        "incomeBeforeTax": -5263000,
        "incomeBeforeTaxRatio": -0.109536297,
        "incomeTaxExpense": -1829000,
        "netIncome": -3434000,
        "netIncomeRatio": -0.0714701965,
        "eps": -0.59,
        "epsdiluted": -0.59,
        "weightedAverageShsOut": 5772000,
        "weightedAverageShsOutDil": 5772000,
        "link": "",
        "finalLink": ""
    },
    {
        "date": "2008-03-31",
        "symbol": "VRTS",
        "reportedCurrency": "USD",
        "cik": "0000883237",
        "fillingDate": "2008-03-31",
        "acceptedDate": "2008-03-30 20:00:00",
        "calendarYear": "2008",
        "period": "Q1",
        "revenue": 50533000,
        "costOfRevenue": 0,
        "grossProfit": 50533000,
        "grossProfitRatio": 1,
        "researchAndDevelopmentExpenses": 0,
        "generalAndAdministrativeExpenses": 34410000,
        "sellingAndMarketingExpenses": 0,
        "sellingGeneralAndAdministrativeExpenses": 34410000,
        "otherExpenses": 19362000,
        "operatingExpenses": 53772000,
        "costAndExpenses": 53772000,
        "interestIncome": 327000,
        "interestExpense": 742000,
        "depreciationAndAmortization": 7682000,
        "ebitda": -6507000,
        "ebitdaratio": -0.1287673402,
        "operatingIncome": -13691000,
        "operatingIncomeRatio": -0.2709318663,
        "totalOtherIncomeExpensesNet": -1240000,
        "incomeBeforeTax": -14931000,
        "incomeBeforeTaxRatio": -0.2954702867,
        "incomeTaxExpense": -5757000,
        "netIncome": -9174000,
        "netIncomeRatio": -0.1815447331,
        "eps": -1.59,
        "epsdiluted": -1.59,
        "weightedAverageShsOut": 5772000,
        "weightedAverageShsOutDil": 5772000,
        "link": "",
        "finalLink": ""
    },
    {
        "date": "2000-09-30",
        "symbol": "VRTS",
        "reportedCurrency": "USD",
        "cik": "0000883237",
        "fillingDate": "2000-11-14",
        "acceptedDate": "2000-11-14 00:00:00",
        "calendarYear": "2000",
        "period": "Q3",
        "revenue": 80675000,
        "costOfRevenue": 0,
        "grossProfit": 80675000,
        "grossProfitRatio": 1,
        "researchAndDevelopmentExpenses": 0,
        "generalAndAdministrativeExpenses": 35641000,
        "sellingAndMarketingExpenses": 0,
        "sellingGeneralAndAdministrativeExpenses": 35641000,
        "otherExpenses": 27929000,
        "operatingExpenses": 63570000,
        "costAndExpenses": 63570000,
        "interestIncome": 653000,
        "interestExpense": 4865000,
        "depreciationAndAmortization": 8722000,
        "ebitda": 27138000,
        "ebitdaratio": 0.3363867369,
        "operatingIncome": 17105000,
        "operatingIncomeRatio": 0.2120235513,
        "totalOtherIncomeExpensesNet": -3688000,
        "incomeBeforeTax": 13417000,
        "incomeBeforeTaxRatio": 0.1663092656,
        "incomeTaxExpense": 4894000,
        "netIncome": 8523000,
        "netIncomeRatio": 0.1056461109,
        "eps": 0.19,
        "epsdiluted": 0.16,
        "weightedAverageShsOut": 44884000,
        "weightedAverageShsOutDil": 55793000,
        "link": "https://www.sec.gov/Archives/edgar/data/883237/000088323700000019/0000883237-00-000019-index.htm",
        "finalLink": "https://www.sec.gov/Archives/edgar/data/883237/000088323700000019/0000883237-00-000019-0001.txt"
    },
    {
        "date": "2000-06-30",
        "symbol": "VRTS",
        "reportedCurrency": "USD",
        "cik": "0000883237",
        "fillingDate": "2000-08-15",
        "acceptedDate": "2000-08-15 00:00:00",
        "calendarYear": "2000",
        "period": "Q2",
        "revenue": 82851000,
        "costOfRevenue": 0,
        "grossProfit": 82851000,
        "grossProfitRatio": 1,
        "researchAndDevelopmentExpenses": 0,
        "generalAndAdministrativeExpenses": 30894000,
        "sellingAndMarketingExpenses": 0,
        "sellingGeneralAndAdministrativeExpenses": 30894000,
        "otherExpenses": 28897000,
        "operatingExpenses": 59791000,
        "costAndExpenses": 59791000,
        "interestIncome": 494000,
        "interestExpense": 4730000,
        "depreciationAndAmortization": 8892000,
        "ebitda": 31283000,
        "ebitdaratio": 0.3775814414,
        "operatingIncome": 23060000,
        "operatingIncomeRatio": 0.2783309797,
        "totalOtherIncomeExpensesNet": 2296000,
        "incomeBeforeTax": 25356000,
        "incomeBeforeTaxRatio": 0.3060433791,
        "incomeTaxExpense": 12578000,
        "netIncome": 12778000,
        "netIncomeRatio": 0.1542286756,
        "eps": 0.29,
        "epsdiluted": 0.25,
        "weightedAverageShsOut": 44212000,
        "weightedAverageShsOutDil": 54283000,
        "link": "https://www.sec.gov/Archives/edgar/data/883237/000088323700000012/0000883237-00-000012-index.htm",
        "finalLink": "https://www.sec.gov/Archives/edgar/data/883237/000088323700000012/0000883237-00-000012-0001.txt"
    },
    {
        "date": "2000-03-31",
        "symbol": "VRTS",
        "reportedCurrency": "USD",
        "cik": "0000883237",
        "fillingDate": "2000-05-12",
        "acceptedDate": "2000-05-12 00:00:00",
        "calendarYear": "2000",
        "period": "Q1",
        "revenue": 82150000,
        "costOfRevenue": 0,
        "grossProfit": 82150000,
        "grossProfitRatio": 1,
        "researchAndDevelopmentExpenses": 0,
        "generalAndAdministrativeExpenses": 32761000,
        "sellingAndMarketingExpenses": 0,
        "sellingGeneralAndAdministrativeExpenses": 32761000,
        "otherExpenses": 26755000,
        "operatingExpenses": 59516000,
        "costAndExpenses": 59516000,
        "interestIncome": 555000,
        "interestExpense": 5036000,
        "depreciationAndAmortization": 8992000,
        "ebitda": 37415000,
        "ebitdaratio": 0.4554473524,
        "operatingIncome": 22634000,
        "operatingIncomeRatio": 0.2755203895,
        "totalOtherIncomeExpensesNet": 530000,
        "incomeBeforeTax": 23164000,
        "incomeBeforeTaxRatio": 0.2819720024,
        "incomeTaxExpense": 9961000,
        "netIncome": 13203000,
        "netIncomeRatio": 0.1607181984,
        "eps": 0.3,
        "epsdiluted": 0.26,
        "weightedAverageShsOut": 44055000,
        "weightedAverageShsOutDil": 53699000,
        "link": "https://www.sec.gov/Archives/edgar/data/883237/000088323700000008/0000883237-00-000008-index.html",
        "finalLink": "https://www.sec.gov/Archives/edgar/data/883237/000088323700000008/0000883237-00-000008.txt"
    },
    {
        "date": "1999-12-31",
        "symbol": "VRTS",
        "reportedCurrency": "USD",
        "cik": "0000883237",
        "fillingDate": "2000-03-24",
        "acceptedDate": "2000-03-24 00:00:00",
        "calendarYear": "1999",
        "period": "Q4",
        "revenue": 72840000,
        "costOfRevenue": 0,
        "grossProfit": 72840000,
        "grossProfitRatio": 1,
        "researchAndDevelopmentExpenses": 0,
        "generalAndAdministrativeExpenses": 28868000,
        "sellingAndMarketingExpenses": 0,
        "sellingGeneralAndAdministrativeExpenses": 28868000,
        "otherExpenses": 28383000,
        "operatingExpenses": 57251000,
        "costAndExpenses": 57251000,
        "interestIncome": 836000,
        "interestExpense": 5081000,
        "depreciationAndAmortization": 9014000,
        "ebitda": 29949000,
        "ebitdaratio": 0.4111614498,
        "operatingIncome": 20047000,
        "operatingIncomeRatio": 0.2752196595,
        "totalOtherIncomeExpensesNet": -4425000,
        "incomeBeforeTax": 15622000,
        "incomeBeforeTaxRatio": 0.2144700714,
        "incomeTaxExpense": 6105000,
        "netIncome": 9517000,
        "netIncomeRatio": 0.1306562328,
        "eps": 0.22,
        "epsdiluted": 0.18,
        "weightedAverageShsOut": 44055000,
        "weightedAverageShsOutDil": 53699000,
        "link": "https://www.sec.gov/Archives/edgar/data/883237/000088323700000006/0000883237-00-000006-index.html",
        "finalLink": "https://www.sec.gov/Archives/edgar/data/883237/000088323700000006/"
    },
    {
        "date": "1999-09-30",
        "symbol": "VRTS",
        "reportedCurrency": "USD",
        "cik": "0000883237",
        "fillingDate": "1999-11-15",
        "acceptedDate": "1999-11-15 00:00:00",
        "calendarYear": "1999",
        "period": "Q3",
        "revenue": 73366000,
        "costOfRevenue": 0,
        "grossProfit": 73366000,
        "grossProfitRatio": 1,
        "researchAndDevelopmentExpenses": 0,
        "generalAndAdministrativeExpenses": 29395000,
        "sellingAndMarketingExpenses": 0,
        "sellingGeneralAndAdministrativeExpenses": 29395000,
        "otherExpenses": 26739000,
        "operatingExpenses": 56134000,
        "costAndExpenses": 56134000,
        "interestIncome": 955000,
        "interestExpense": 5090000,
        "depreciationAndAmortization": 9023000,
        "ebitda": 20940000,
        "ebitdaratio": 0.2854183137,
        "operatingIncome": 17232000,
        "operatingIncomeRatio": 0.2348771911,
        "totalOtherIncomeExpensesNet": -10744000,
        "incomeBeforeTax": 6488000,
        "incomeBeforeTaxRatio": 0.0884333342,
        "incomeTaxExpense": 2712000,
        "netIncome": 3776000,
        "netIncomeRatio": 0.0514679824,
        "eps": 0.09,
        "epsdiluted": 0.08,
        "weightedAverageShsOut": 43929000,
        "weightedAverageShsOutDil": 54031000,
        "link": "https://www.sec.gov/Archives/edgar/data/883237/000088323799000027/0000883237-99-000027-index.htm",
        "finalLink": "https://www.sec.gov/Archives/edgar/data/883237/000088323799000027/"
    },
    {
        "date": "1999-06-30",
        "symbol": "VRTS",
        "reportedCurrency": "USD",
        "cik": "0000883237",
        "fillingDate": "1999-08-11",
        "acceptedDate": "1999-08-11 00:00:00",
        "calendarYear": "1999",
        "period": "Q2",
        "revenue": 72645000,
        "costOfRevenue": 0,
        "grossProfit": 72645000,
        "grossProfitRatio": 1,
        "researchAndDevelopmentExpenses": 0,
        "generalAndAdministrativeExpenses": 29118000,
        "sellingAndMarketingExpenses": 0,
        "sellingGeneralAndAdministrativeExpenses": 29118000,
        "otherExpenses": 26086000,
        "operatingExpenses": 55204000,
        "costAndExpenses": 55204000,
        "interestIncome": 733000,
        "interestExpense": 5119000,
        "depreciationAndAmortization": 8931000,
        "ebitda": 27001000,
        "ebitdaratio": 0.3716842178,
        "operatingIncome": 17441000,
        "operatingIncomeRatio": 0.2400853465,
        "totalOtherIncomeExpensesNet": -4281000,
        "incomeBeforeTax": 13160000,
        "incomeBeforeTaxRatio": 0.1811549315,
        "incomeTaxExpense": 5780000,
        "netIncome": 7380000,
        "netIncomeRatio": 0.1015899236,
        "eps": 0.17,
        "epsdiluted": 0.15,
        "weightedAverageShsOut": 43839000,
        "weightedAverageShsOutDil": 54226000,
        "link": "https://www.sec.gov/Archives/edgar/data/883237/000088323799000015/0000883237-99-000015-index.htm",
        "finalLink": "https://www.sec.gov/Archives/edgar/data/883237/000088323799000015/"
    },
    {
        "date": "1999-03-31",
        "symbol": "VRTS",
        "reportedCurrency": "USD",
        "cik": "0000883237",
        "fillingDate": "1999-05-17",
        "acceptedDate": "1999-05-17 00:00:00",
        "calendarYear": "1999",
        "period": "Q1",
        "revenue": 63319000,
        "costOfRevenue": 0,
        "grossProfit": 63319000,
        "grossProfitRatio": 1,
        "researchAndDevelopmentExpenses": 0,
        "generalAndAdministrativeExpenses": 26654000,
        "sellingAndMarketingExpenses": 0,
        "sellingGeneralAndAdministrativeExpenses": 26654000,
        "otherExpenses": 22296000,
        "operatingExpenses": 48950000,
        "costAndExpenses": 48950000,
        "interestIncome": 727000,
        "interestExpense": 3786000,
        "depreciationAndAmortization": 7218000,
        "ebitda": 22307000,
        "ebitdaratio": 0.3522955195,
        "operatingIncome": 14369000,
        "operatingIncomeRatio": 0.2269303053,
        "totalOtherIncomeExpensesNet": -3586000,
        "incomeBeforeTax": 10783000,
        "incomeBeforeTaxRatio": 0.1702964355,
        "incomeTaxExpense": 4745000,
        "netIncome": 6038000,
        "netIncomeRatio": 0.0953584232,
        "eps": 0.14,
        "epsdiluted": 0.13,
        "weightedAverageShsOut": 43661000,
        "weightedAverageShsOutDil": 53446000,
        "link": "https://www.sec.gov/Archives/edgar/data/883237/000088323799000012/0000883237-99-000012-index.html",
        "finalLink": "https://www.sec.gov/Archives/edgar/data/883237/"
    }
]