[
    {
        "date": "2025-05-31",
        "symbol": "WBA",
        "reportedCurrency": "USD",
        "cik": "0001618921",
        "fillingDate": "2025-06-26",
        "acceptedDate": "2025-06-26 07:18:21",
        "calendarYear": "2025",
        "period": "Q3",
        "revenue": 38986000000,
        "costOfRevenue": 32480000000,
        "grossProfit": 6506000000,
        "grossProfitRatio": 0.1668804186,
        "researchAndDevelopmentExpenses": 0,
        "generalAndAdministrativeExpenses": 0,
        "sellingAndMarketingExpenses": 0,
        "sellingGeneralAndAdministrativeExpenses": 6493000000,
        "otherExpenses": -40000000,
        "operatingExpenses": 6453000000,
        "costAndExpenses": 38933000000,
        "interestIncome": 0,
        "interestExpense": 126000000,
        "depreciationAndAmortization": 573000000,
        "ebitda": 624000000,
        "ebitdaratio": 0.0160057457,
        "operatingIncome": 53000000,
        "operatingIncomeRatio": 0.0013594624,
        "totalOtherIncomeExpensesNet": -128000000,
        "incomeBeforeTax": -75000000,
        "incomeBeforeTaxRatio": -0.0019237675,
        "incomeTaxExpense": 126000000,
        "netIncome": -175000000,
        "netIncomeRatio": -0.0044887908,
        "eps": -0.2,
        "epsdiluted": -0.2,
        "weightedAverageShsOut": 864900000,
        "weightedAverageShsOutDil": 864900000,
        "link": "https://www.sec.gov/Archives/edgar/data/1618921/000161892125000056/0001618921-25-000056-index.htm",
        "finalLink": "https://www.sec.gov/Archives/edgar/data/1618921/000161892125000056/wba-20250531.htm"
    },
    {
        "date": "2025-02-28",
        "symbol": "WBA",
        "reportedCurrency": "USD",
        "cik": "0001618921",
        "fillingDate": "2025-04-08",
        "acceptedDate": "2025-04-08 07:07:30",
        "calendarYear": "2025",
        "period": "Q2",
        "revenue": 38588000000,
        "costOfRevenue": 31654000000,
        "grossProfit": 6934000000,
        "grossProfitRatio": 0.1796931689,
        "researchAndDevelopmentExpenses": 0,
        "generalAndAdministrativeExpenses": 0,
        "sellingAndMarketingExpenses": 0,
        "sellingGeneralAndAdministrativeExpenses": 8891000000,
        "otherExpenses": 3610000000,
        "operatingExpenses": 12501000000,
        "costAndExpenses": 44155000000,
        "interestIncome": 0,
        "interestExpense": 129000000,
        "depreciationAndAmortization": 611000000,
        "ebitda": -3507000000,
        "ebitdaratio": -0.0908831761,
        "operatingIncome": -1956000000,
        "operatingIncomeRatio": -0.0506893335,
        "totalOtherIncomeExpensesNet": -2290000000,
        "incomeBeforeTax": -4246000000,
        "incomeBeforeTaxRatio": -0.1100342075,
        "incomeTaxExpense": -212000000,
        "netIncome": -2853000000,
        "netIncomeRatio": -0.073934902,
        "eps": -3.3,
        "epsdiluted": -3.3,
        "weightedAverageShsOut": 864100000,
        "weightedAverageShsOutDil": 864100000,
        "link": "https://www.sec.gov/Archives/edgar/data/1618921/000161892125000036/0001618921-25-000036-index.htm",
        "finalLink": "https://www.sec.gov/Archives/edgar/data/1618921/000161892125000036/wba-20250228.htm"
    },
    {
        "date": "2024-11-30",
        "symbol": "WBA",
        "reportedCurrency": "USD",
        "cik": "0001618921",
        "fillingDate": "2025-01-10",
        "acceptedDate": "2025-01-10 16:00:55",
        "calendarYear": "2025",
        "period": "Q1",
        "revenue": 39459000000,
        "costOfRevenue": 32680000000,
        "grossProfit": 6779000000,
        "grossProfitRatio": 0.1717985757,
        "researchAndDevelopmentExpenses": 0,
        "generalAndAdministrativeExpenses": 0,
        "sellingAndMarketingExpenses": 0,
        "sellingGeneralAndAdministrativeExpenses": 7015000000,
        "otherExpenses": 9000000,
        "operatingExpenses": 7024000000,
        "costAndExpenses": 39704000000,
        "interestIncome": 0,
        "interestExpense": 122000000,
        "depreciationAndAmortization": 625000000,
        "ebitda": -236000000,
        "ebitdaratio": -0.0059808916,
        "operatingIncome": -236000000,
        "operatingIncomeRatio": -0.0059808916,
        "totalOtherIncomeExpensesNet": -179000000,
        "incomeBeforeTax": -415000000,
        "incomeBeforeTaxRatio": -0.0105172457,
        "incomeTaxExpense": 66000000,
        "netIncome": -265000000,
        "netIncomeRatio": -0.0067158316,
        "eps": -0.31,
        "epsdiluted": -0.31,
        "weightedAverageShsOut": 863800000,
        "weightedAverageShsOutDil": 863800000,
        "link": "https://www.sec.gov/Archives/edgar/data/1618921/000161892125000009/0001618921-25-000009-index.htm",
        "finalLink": "https://www.sec.gov/Archives/edgar/data/1618921/000161892125000009/wba-20241130.htm"
    },
    {
        "date": "2024-08-31",
        "symbol": "WBA",
        "reportedCurrency": "USD",
        "cik": "0001618921",
        "fillingDate": "2024-10-15",
        "acceptedDate": "2024-10-15 16:02:25",
        "calendarYear": "2024",
        "period": "Q4",
        "revenue": 37547000000,
        "costOfRevenue": 31294000000,
        "grossProfit": 6253000000,
        "grossProfitRatio": 0.1665379391,
        "researchAndDevelopmentExpenses": 0,
        "generalAndAdministrativeExpenses": 0,
        "sellingAndMarketingExpenses": 0,
        "sellingGeneralAndAdministrativeExpenses": 6948000000,
        "otherExpenses": 282000000,
        "operatingExpenses": 7230000000,
        "costAndExpenses": 38524000000,
        "interestIncome": 0,
        "interestExpense": 131000000,
        "depreciationAndAmortization": 622000000,
        "ebitda": -245000000,
        "ebitdaratio": -0.0065251551,
        "operatingIncome": -977000000,
        "operatingIncomeRatio": -0.0260207207,
        "totalOtherIncomeExpensesNet": -21000000,
        "incomeBeforeTax": -998000000,
        "incomeBeforeTaxRatio": -0.0265800197,
        "incomeTaxExpense": 2082000000,
        "netIncome": -3005000000,
        "netIncomeRatio": -0.0800330253,
        "eps": -3.48,
        "epsdiluted": -3.48,
        "weightedAverageShsOut": 863700000,
        "weightedAverageShsOutDil": 863700000,
        "link": "https://www.sec.gov/Archives/edgar/data/1618921/000161892124000084/0001618921-24-000084-index.htm",
        "finalLink": "https://www.sec.gov/Archives/edgar/data/1618921/000161892124000084/wba-20240831.htm"
    },
    {
        "date": "2024-05-31",
        "symbol": "WBA",
        "reportedCurrency": "USD",
        "cik": "0001618921",
        "fillingDate": "2024-06-27",
        "acceptedDate": "2024-06-27 16:01:00",
        "calendarYear": "2024",
        "period": "Q3",
        "revenue": 36351000000,
        "costOfRevenue": 29892000000,
        "grossProfit": 6459000000,
        "grossProfitRatio": 0.1776842453,
        "researchAndDevelopmentExpenses": 0,
        "generalAndAdministrativeExpenses": 0,
        "sellingAndMarketingExpenses": 0,
        "sellingGeneralAndAdministrativeExpenses": 6393000000,
        "otherExpenses": -45000000,
        "operatingExpenses": 6348000000,
        "costAndExpenses": 36240000000,
        "interestIncome": 0,
        "interestExpense": 113000000,
        "depreciationAndAmortization": 607000000,
        "ebitda": 971000000,
        "ebitdaratio": 0.0267117823,
        "operatingIncome": 111000000,
        "operatingIncomeRatio": 0.0030535611,
        "totalOtherIncomeExpensesNet": 140000000,
        "incomeBeforeTax": 251000000,
        "incomeBeforeTaxRatio": 0.0069048995,
        "incomeTaxExpense": 20000000,
        "netIncome": 344000000,
        "netIncomeRatio": 0.0094632885,
        "eps": 0.4,
        "epsdiluted": 0.4,
        "weightedAverageShsOut": 863100000,
        "weightedAverageShsOutDil": 864300000,
        "link": "https://www.sec.gov/Archives/edgar/data/1618921/000161892124000065/0001618921-24-000065-index.htm",
        "finalLink": "https://www.sec.gov/Archives/edgar/data/1618921/000161892124000065/wba-20240531.htm"
    },
    {
        "date": "2024-02-29",
        "symbol": "WBA",
        "reportedCurrency": "USD",
        "cik": "0001618921",
        "fillingDate": "2024-03-28",
        "acceptedDate": "2024-03-28 16:01:38",
        "calendarYear": "2024",
        "period": "Q2",
        "revenue": 37052000000,
        "costOfRevenue": 30012000000,
        "grossProfit": 7040000000,
        "grossProfitRatio": 0.1900032387,
        "researchAndDevelopmentExpenses": 0,
        "generalAndAdministrativeExpenses": 0,
        "sellingAndMarketingExpenses": 0,
        "sellingGeneralAndAdministrativeExpenses": 7921000000,
        "otherExpenses": 12290000000,
        "operatingExpenses": 20211000000,
        "costAndExpenses": 50223000000,
        "interestIncome": 0,
        "interestExpense": 138000000,
        "depreciationAndAmortization": 614000000,
        "ebitda": -12362000000,
        "ebitdaratio": -0.3336392098,
        "operatingIncome": -13171000000,
        "operatingIncomeRatio": -0.3554733888,
        "totalOtherIncomeExpensesNet": 57000000,
        "incomeBeforeTax": -13114000000,
        "incomeBeforeTaxRatio": -0.3539350103,
        "incomeTaxExpense": -782000000,
        "netIncome": -5908000000,
        "netIncomeRatio": -0.1594515816,
        "eps": -6.85,
        "epsdiluted": -6.85,
        "weightedAverageShsOut": 862500000,
        "weightedAverageShsOutDil": 862500000,
        "link": "https://www.sec.gov/Archives/edgar/data/1618921/000161892124000035/0001618921-24-000035-index.htm",
        "finalLink": "https://www.sec.gov/Archives/edgar/data/1618921/000161892124000035/wba-20240229.htm"
    },
    {
        "date": "2023-11-30",
        "symbol": "WBA",
        "reportedCurrency": "USD",
        "cik": "0001618921",
        "fillingDate": "2024-01-04",
        "acceptedDate": "2024-01-04 16:01:08",
        "calendarYear": "2024",
        "period": "Q1",
        "revenue": 36707000000,
        "costOfRevenue": 29937000000,
        "grossProfit": 6770000000,
        "grossProfitRatio": 0.1844334868,
        "researchAndDevelopmentExpenses": 0,
        "generalAndAdministrativeExpenses": 0,
        "sellingAndMarketingExpenses": 0,
        "sellingGeneralAndAdministrativeExpenses": 6851000000,
        "otherExpenses": -42000000,
        "operatingExpenses": 6809000000,
        "costAndExpenses": 36746000000,
        "interestIncome": 0,
        "interestExpense": 99000000,
        "depreciationAndAmortization": 616000000,
        "ebitda": 357000000,
        "ebitdaratio": 0.0097256654,
        "operatingIncome": -39000000,
        "operatingIncomeRatio": -0.0010624676,
        "totalOtherIncomeExpensesNet": -319000000,
        "incomeBeforeTax": -358000000,
        "incomeBeforeTaxRatio": -0.0097529082,
        "incomeTaxExpense": -74000000,
        "netIncome": -67000000,
        "netIncomeRatio": -0.0018252649,
        "eps": -0.0776,
        "epsdiluted": -0.08,
        "weightedAverageShsOut": 863000000,
        "weightedAverageShsOutDil": 863000000,
        "link": "https://www.sec.gov/Archives/edgar/data/1618921/000161892124000004/0001618921-24-000004-index.htm",
        "finalLink": "https://www.sec.gov/Archives/edgar/data/1618921/000161892124000004/wba-20231130.htm"
    },
    {
        "date": "2023-08-31",
        "symbol": "WBA",
        "reportedCurrency": "USD",
        "cik": "0001618921",
        "fillingDate": "2023-11-22",
        "acceptedDate": "2023-11-22 11:46:40",
        "calendarYear": "2023",
        "period": "Q4",
        "revenue": 35422000000,
        "costOfRevenue": 28947000000,
        "grossProfit": 6475000000,
        "grossProfitRatio": 0.1827960025,
        "researchAndDevelopmentExpenses": 0,
        "generalAndAdministrativeExpenses": 0,
        "sellingAndMarketingExpenses": 0,
        "sellingGeneralAndAdministrativeExpenses": 6990000000,
        "otherExpenses": -64000000,
        "operatingExpenses": 6926000000,
        "costAndExpenses": 35873000000,
        "interestIncome": 0,
        "interestExpense": 155000000,
        "depreciationAndAmortization": 605000000,
        "ebitda": 1541000000,
        "ebitdaratio": 0.043504037,
        "operatingIncome": -451000000,
        "operatingIncomeRatio": -0.0127322003,
        "totalOtherIncomeExpensesNet": 92000000,
        "incomeBeforeTax": -359000000,
        "incomeBeforeTaxRatio": -0.0101349444,
        "incomeTaxExpense": 151000000,
        "netIncome": -180000000,
        "netIncomeRatio": -0.0050815877,
        "eps": -0.21,
        "epsdiluted": -0.21,
        "weightedAverageShsOut": 864300000,
        "weightedAverageShsOutDil": 864300000,
        "link": "https://www.sec.gov/Archives/edgar/data/1618921/000161892123000106/0001618921-23-000106-index.htm",
        "finalLink": "https://www.sec.gov/Archives/edgar/data/1618921/000161892123000106/wba-20230831.htm"
    },
    {
        "date": "2023-05-31",
        "symbol": "WBA",
        "reportedCurrency": "USD",
        "cik": "0001618921",
        "fillingDate": "2023-06-27",
        "acceptedDate": "2023-06-27 16:04:17",
        "calendarYear": "2023",
        "period": "Q3",
        "revenue": 35415000000,
        "costOfRevenue": 28826000000,
        "grossProfit": 6589000000,
        "grossProfitRatio": 0.1860511083,
        "researchAndDevelopmentExpenses": 0,
        "generalAndAdministrativeExpenses": 0,
        "sellingAndMarketingExpenses": 0,
        "sellingGeneralAndAdministrativeExpenses": 7123000000,
        "otherExpenses": -57000000,
        "operatingExpenses": 7066000000,
        "costAndExpenses": 35892000000,
        "interestIncome": 0,
        "interestExpense": 173000000,
        "depreciationAndAmortization": 597000000,
        "ebitda": 484000000,
        "ebitdaratio": 0.0136665255,
        "operatingIncome": -477000000,
        "operatingIncomeRatio": -0.0134688691,
        "totalOtherIncomeExpensesNet": 99000000,
        "incomeBeforeTax": -378000000,
        "incomeBeforeTaxRatio": -0.0106734435,
        "incomeTaxExpense": 330000000,
        "netIncome": 118000000,
        "netIncomeRatio": 0.0033319215,
        "eps": 0.14,
        "epsdiluted": 0.14,
        "weightedAverageShsOut": 863100000,
        "weightedAverageShsOutDil": 863800000,
        "link": "https://www.sec.gov/Archives/edgar/data/1618921/000161892123000043/0001618921-23-000043-index.htm",
        "finalLink": "https://www.sec.gov/Archives/edgar/data/1618921/000161892123000043/wba-20230531.htm"
    },
    {
        "date": "2023-02-28",
        "symbol": "WBA",
        "reportedCurrency": "USD",
        "cik": "0001618921",
        "fillingDate": "2023-03-28",
        "acceptedDate": "2023-03-28 16:01:08",
        "calendarYear": "2023",
        "period": "Q2",
        "revenue": 34862000000,
        "costOfRevenue": 27807000000,
        "grossProfit": 7055000000,
        "grossProfitRatio": 0.202369342,
        "researchAndDevelopmentExpenses": 0,
        "generalAndAdministrativeExpenses": 0,
        "sellingAndMarketingExpenses": 0,
        "sellingGeneralAndAdministrativeExpenses": 6934000000,
        "otherExpenses": -76000000,
        "operatingExpenses": 6858000000,
        "costAndExpenses": 34665000000,
        "interestIncome": 0,
        "interestExpense": 141000000,
        "depreciationAndAmortization": 560000000,
        "ebitda": 1308000000,
        "ebitdaratio": 0.0375193621,
        "operatingIncome": 197000000,
        "operatingIncomeRatio": 0.0056508519,
        "totalOtherIncomeExpensesNet": 410000000,
        "incomeBeforeTax": 607000000,
        "incomeBeforeTaxRatio": 0.0174115082,
        "incomeTaxExpense": 70000000,
        "netIncome": 703000000,
        "netIncomeRatio": 0.0201652229,
        "eps": 0.81,
        "epsdiluted": 0.81,
        "weightedAverageShsOut": 862600000,
        "weightedAverageShsOutDil": 863400000,
        "link": "https://www.sec.gov/Archives/edgar/data/1618921/000161892123000019/0001618921-23-000019-index.htm",
        "finalLink": "https://www.sec.gov/Archives/edgar/data/1618921/000161892123000019/wba-20230228.htm"
    },
    {
        "date": "2022-11-30",
        "symbol": "WBA",
        "reportedCurrency": "USD",
        "cik": "0001618921",
        "fillingDate": "2023-01-05",
        "acceptedDate": "2023-01-05 16:09:36",
        "calendarYear": "2023",
        "period": "Q1",
        "revenue": 33382000000,
        "costOfRevenue": 26429000000,
        "grossProfit": 6953000000,
        "grossProfitRatio": 0.2082859026,
        "researchAndDevelopmentExpenses": 0,
        "generalAndAdministrativeExpenses": 0,
        "sellingAndMarketingExpenses": 0,
        "sellingGeneralAndAdministrativeExpenses": 13158000000,
        "otherExpenses": -54000000,
        "operatingExpenses": 13104000000,
        "costAndExpenses": 39533000000,
        "interestIncome": 0,
        "interestExpense": 110000000,
        "depreciationAndAmortization": 495000000,
        "ebitda": 667000000,
        "ebitdaratio": 0.019980828,
        "operatingIncome": -6151000000,
        "operatingIncomeRatio": -0.184260979,
        "totalOtherIncomeExpensesNet": 889000000,
        "incomeBeforeTax": -5262000000,
        "incomeBeforeTaxRatio": -0.1576298604,
        "incomeTaxExpense": 1447000000,
        "netIncome": -3721000000,
        "netIncomeRatio": -0.1114672578,
        "eps": -4.31,
        "epsdiluted": -4.31,
        "weightedAverageShsOut": 863600000,
        "weightedAverageShsOutDil": 863600000,
        "link": "https://www.sec.gov/Archives/edgar/data/1618921/000161892123000005/0001618921-23-000005-index.htm",
        "finalLink": "https://www.sec.gov/Archives/edgar/data/1618921/000161892123000005/wba-20221130.htm"
    },
    {
        "date": "2022-08-31",
        "symbol": "WBA",
        "reportedCurrency": "USD",
        "cik": "0001618921",
        "fillingDate": "2022-10-13",
        "acceptedDate": "2022-10-13 16:02:19",
        "calendarYear": "2022",
        "period": "Q4",
        "revenue": 32449000000,
        "costOfRevenue": 26038000000,
        "grossProfit": 6411000000,
        "grossProfitRatio": 0.1975715739,
        "researchAndDevelopmentExpenses": 0,
        "generalAndAdministrativeExpenses": 0,
        "sellingAndMarketingExpenses": 0,
        "sellingGeneralAndAdministrativeExpenses": 7320000000,
        "otherExpenses": -87000000,
        "operatingExpenses": 7233000000,
        "costAndExpenses": 33271000000,
        "interestIncome": 0,
        "interestExpense": 105000000,
        "depreciationAndAmortization": 488000000,
        "ebitda": 1491000000,
        "ebitdaratio": 0.0459490277,
        "operatingIncome": -822000000,
        "operatingIncomeRatio": -0.0253320595,
        "totalOtherIncomeExpensesNet": 87000000,
        "incomeBeforeTax": -735000000,
        "incomeBeforeTaxRatio": -0.0226509292,
        "incomeTaxExpense": 235000000,
        "netIncome": -415000000,
        "netIncomeRatio": -0.0127893001,
        "eps": -0.48,
        "epsdiluted": -0.48,
        "weightedAverageShsOut": 862047477,
        "weightedAverageShsOutDil": 864500000,
        "link": "https://www.sec.gov/Archives/edgar/data/1618921/000161892122000064/0001618921-22-000064-index.htm",
        "finalLink": "https://www.sec.gov/Archives/edgar/data/1618921/000161892122000064/wba-20220831.htm"
    },
    {
        "date": "2022-05-31",
        "symbol": "WBA",
        "reportedCurrency": "USD",
        "cik": "0001618921",
        "fillingDate": "2022-06-30",
        "acceptedDate": "2022-06-30 16:04:40",
        "calendarYear": "2022",
        "period": "Q3",
        "revenue": 32597000000,
        "costOfRevenue": 26025000000,
        "grossProfit": 6572000000,
        "grossProfitRatio": 0.2016136454,
        "researchAndDevelopmentExpenses": 0,
        "generalAndAdministrativeExpenses": 0,
        "sellingAndMarketingExpenses": 0,
        "sellingGeneralAndAdministrativeExpenses": 7019000000,
        "otherExpenses": -127000000,
        "operatingExpenses": 6892000000,
        "costAndExpenses": 32917000000,
        "interestIncome": 0,
        "interestExpense": 108000000,
        "depreciationAndAmortization": 478000000,
        "ebitda": 637000000,
        "ebitdaratio": 0.0195416756,
        "operatingIncome": -320000000,
        "operatingIncomeRatio": -0.0098168543,
        "totalOtherIncomeExpensesNet": 302000000,
        "incomeBeforeTax": -13000000,
        "incomeBeforeTaxRatio": -0.0003988097,
        "incomeTaxExpense": 242000000,
        "netIncome": 289000000,
        "netIncomeRatio": 0.0088658466,
        "eps": 0.33,
        "epsdiluted": 0.33,
        "weightedAverageShsOut": 864000000,
        "weightedAverageShsOutDil": 865300000,
        "link": "https://www.sec.gov/Archives/edgar/data/1618921/000161892122000040/0001618921-22-000040-index.htm",
        "finalLink": "https://www.sec.gov/Archives/edgar/data/1618921/000161892122000040/wba-20220531.htm"
    },
    {
        "date": "2022-02-28",
        "symbol": "WBA",
        "reportedCurrency": "USD",
        "cik": "0001618921",
        "fillingDate": "2022-03-31",
        "acceptedDate": "2022-03-31 16:06:20",
        "calendarYear": "2022",
        "period": "Q2",
        "revenue": 33756000000,
        "costOfRevenue": 26047000000,
        "grossProfit": 7709000000,
        "grossProfitRatio": 0.228374215,
        "researchAndDevelopmentExpenses": 0,
        "generalAndAdministrativeExpenses": 0,
        "sellingAndMarketingExpenses": 0,
        "sellingGeneralAndAdministrativeExpenses": 6565000000,
        "otherExpenses": -102000000,
        "operatingExpenses": 6463000000,
        "costAndExpenses": 32510000000,
        "interestIncome": 0,
        "interestExpense": 100000000,
        "depreciationAndAmortization": 524000000,
        "ebitda": 1541000000,
        "ebitdaratio": 0.0456511435,
        "operatingIncome": 1246000000,
        "operatingIncomeRatio": 0.0369119564,
        "totalOtherIncomeExpensesNet": -299000000,
        "incomeBeforeTax": 977000000,
        "incomeBeforeTaxRatio": 0.0289430027,
        "incomeTaxExpense": 172000000,
        "netIncome": 883000000,
        "netIncomeRatio": 0.0261583126,
        "eps": 1.02,
        "epsdiluted": 1.02,
        "weightedAverageShsOut": 863500000,
        "weightedAverageShsOutDil": 865200000,
        "link": "https://www.sec.gov/Archives/edgar/data/1618921/000161892122000024/0001618921-22-000024-index.htm",
        "finalLink": "https://www.sec.gov/Archives/edgar/data/1618921/000161892122000024/wba-20220228.htm"
    },
    {
        "date": "2021-11-30",
        "symbol": "WBA",
        "reportedCurrency": "USD",
        "cik": "0001618921",
        "fillingDate": "2022-01-06",
        "acceptedDate": "2022-01-06 16:46:33",
        "calendarYear": "2022",
        "period": "Q1",
        "revenue": 33901000000,
        "costOfRevenue": 26326000000,
        "grossProfit": 7575000000,
        "grossProfitRatio": 0.2234447361,
        "researchAndDevelopmentExpenses": 0,
        "generalAndAdministrativeExpenses": 0,
        "sellingAndMarketingExpenses": 0,
        "sellingGeneralAndAdministrativeExpenses": 6391000000,
        "otherExpenses": -99000000,
        "operatingExpenses": 6292000000,
        "costAndExpenses": 32618000000,
        "interestIncome": 0,
        "interestExpense": 86000000,
        "depreciationAndAmortization": 500000000,
        "ebitda": 1579000000,
        "ebitdaratio": 0.0465767971,
        "operatingIncome": 1283000000,
        "operatingIncomeRatio": 0.0378454913,
        "totalOtherIncomeExpensesNet": 2531000000,
        "incomeBeforeTax": 3807000000,
        "incomeBeforeTaxRatio": 0.1122975723,
        "incomeTaxExpense": 275000000,
        "netIncome": 3580000000,
        "netIncomeRatio": 0.1056016047,
        "eps": 4.13,
        "epsdiluted": 4.13,
        "weightedAverageShsOut": 865800000,
        "weightedAverageShsOutDil": 867600000,
        "link": "https://www.sec.gov/Archives/edgar/data/1618921/000161892122000004/0001618921-22-000004-index.htm",
        "finalLink": "https://www.sec.gov/Archives/edgar/data/1618921/000161892122000004/wba-20211130.htm"
    },
    {
        "date": "2021-08-31",
        "symbol": "WBA",
        "reportedCurrency": "USD",
        "cik": "0001618921",
        "fillingDate": "2021-10-14",
        "acceptedDate": "2021-10-14 16:31:34",
        "calendarYear": "2021",
        "period": "Q4",
        "revenue": 34262000000,
        "costOfRevenue": 26758000000,
        "grossProfit": 7504000000,
        "grossProfitRatio": 0.2190181542,
        "researchAndDevelopmentExpenses": 0,
        "generalAndAdministrativeExpenses": 0,
        "sellingAndMarketingExpenses": 0,
        "sellingGeneralAndAdministrativeExpenses": 6650000000,
        "otherExpenses": -56000000,
        "operatingExpenses": 6594000000,
        "costAndExpenses": 33352000000,
        "interestIncome": 0,
        "interestExpense": 88000000,
        "depreciationAndAmortization": 518000000,
        "ebitda": 1670000000,
        "ebitdaratio": 0.0487420466,
        "operatingIncome": 910000000,
        "operatingIncomeRatio": 0.0265600374,
        "totalOtherIncomeExpensesNet": 21000000,
        "incomeBeforeTax": 931000000,
        "incomeBeforeTaxRatio": 0.0271729613,
        "incomeTaxExpense": 586000000,
        "netIncome": 627000000,
        "netIncomeRatio": 0.0183001576,
        "eps": 0.41,
        "epsdiluted": 0.41,
        "weightedAverageShsOut": 865100000,
        "weightedAverageShsOutDil": 867200000,
        "link": "https://www.sec.gov/Archives/edgar/data/1618921/000161892121000085/0001618921-21-000085-index.htm",
        "finalLink": "https://www.sec.gov/Archives/edgar/data/1618921/000161892121000085/wba-20210831.htm"
    },
    {
        "date": "2021-05-31",
        "symbol": "WBA",
        "reportedCurrency": "USD",
        "cik": "0001618921",
        "fillingDate": "2021-07-01",
        "acceptedDate": "2021-07-01 16:27:11",
        "calendarYear": "2021",
        "period": "Q3",
        "revenue": 34030000000,
        "costOfRevenue": 26877000000,
        "grossProfit": 7153000000,
        "grossProfitRatio": 0.2101968851,
        "researchAndDevelopmentExpenses": 0,
        "generalAndAdministrativeExpenses": 0,
        "sellingAndMarketingExpenses": 0,
        "sellingGeneralAndAdministrativeExpenses": 6116000000,
        "otherExpenses": -97000000,
        "operatingExpenses": 6019000000,
        "costAndExpenses": 32896000000,
        "interestIncome": 0,
        "interestExpense": 545000000,
        "depreciationAndAmortization": 507000000,
        "ebitda": 1593000000,
        "ebitdaratio": 0.0468116368,
        "operatingIncome": 1134000000,
        "operatingIncomeRatio": 0.0333235381,
        "totalOtherIncomeExpensesNet": -385000000,
        "incomeBeforeTax": 1323000000,
        "incomeBeforeTaxRatio": 0.0388774611,
        "incomeTaxExpense": 246000000,
        "netIncome": 1197000000,
        "netIncomeRatio": 0.0351748457,
        "eps": 1.28,
        "epsdiluted": 1.27,
        "weightedAverageShsOut": 864700000,
        "weightedAverageShsOutDil": 867000000,
        "link": "https://www.sec.gov/Archives/edgar/data/1618921/000161892121000056/0001618921-21-000056-index.htm",
        "finalLink": "https://www.sec.gov/Archives/edgar/data/1618921/000161892121000056/wba-20210531.htm"
    },
    {
        "date": "2021-02-28",
        "symbol": "WBA",
        "reportedCurrency": "USD",
        "cik": "0001618921",
        "fillingDate": "2021-03-31",
        "acceptedDate": "2021-03-31 16:05:16",
        "calendarYear": "2021",
        "period": "Q2",
        "revenue": 32779000000,
        "costOfRevenue": 25998000000,
        "grossProfit": 6781000000,
        "grossProfitRatio": 0.2068702523,
        "researchAndDevelopmentExpenses": 0,
        "generalAndAdministrativeExpenses": 0,
        "sellingAndMarketingExpenses": 0,
        "sellingGeneralAndAdministrativeExpenses": 6029000000,
        "otherExpenses": -80000000,
        "operatingExpenses": 5949000000,
        "costAndExpenses": 31947000000,
        "interestIncome": 0,
        "interestExpense": 137000000,
        "depreciationAndAmortization": 473000000,
        "ebitda": 1209000000,
        "ebitdaratio": 0.0368833705,
        "operatingIncome": 832000000,
        "operatingIncomeRatio": 0.0253821044,
        "totalOtherIncomeExpensesNet": 114000000,
        "incomeBeforeTax": 960000000,
        "incomeBeforeTaxRatio": 0.0292870435,
        "incomeTaxExpense": 42000000,
        "netIncome": 1026000000,
        "netIncomeRatio": 0.0313005278,
        "eps": 1.07,
        "epsdiluted": 1.06,
        "weightedAverageShsOut": 864200000,
        "weightedAverageShsOutDil": 865600000,
        "link": "https://www.sec.gov/Archives/edgar/data/1618921/000161892121000034/0001618921-21-000034-index.htm",
        "finalLink": "https://www.sec.gov/Archives/edgar/data/1618921/000161892121000034/wba-20210228.htm"
    },
    {
        "date": "2020-11-30",
        "symbol": "WBA",
        "reportedCurrency": "USD",
        "cik": "0001618921",
        "fillingDate": "2021-01-07",
        "acceptedDate": "2021-01-07 16:04:31",
        "calendarYear": "2021",
        "period": "Q1",
        "revenue": 31438000000,
        "costOfRevenue": 24808000000,
        "grossProfit": 6630000000,
        "grossProfitRatio": 0.2108912781,
        "researchAndDevelopmentExpenses": 0,
        "generalAndAdministrativeExpenses": 0,
        "sellingAndMarketingExpenses": 0,
        "sellingGeneralAndAdministrativeExpenses": 5792000000,
        "otherExpenses": 1373000000,
        "operatingExpenses": 7165000000,
        "costAndExpenses": 31973000000,
        "interestIncome": 0,
        "interestExpense": 136000000,
        "depreciationAndAmortization": 475000000,
        "ebitda": 1283000000,
        "ebitdaratio": 0.0408104841,
        "operatingIncome": -535000000,
        "operatingIncomeRatio": -0.017017622,
        "totalOtherIncomeExpensesNet": 15000000,
        "incomeBeforeTax": -593000000,
        "incomeBeforeTaxRatio": -0.0188625231,
        "incomeTaxExpense": 207000000,
        "netIncome": -308000000,
        "netIncomeRatio": -0.0097970609,
        "eps": -0.45,
        "epsdiluted": -0.45,
        "weightedAverageShsOut": 865300000,
        "weightedAverageShsOutDil": 865300000,
        "link": "https://www.sec.gov/Archives/edgar/data/1618921/000161892121000005/0001618921-21-000005-index.htm",
        "finalLink": "https://www.sec.gov/Archives/edgar/data/1618921/000161892121000005/wba-20201130.htm"
    },
    {
        "date": "2020-08-31",
        "symbol": "WBA",
        "reportedCurrency": "USD",
        "cik": "0001618921",
        "fillingDate": "2020-10-15",
        "acceptedDate": "2020-10-15 16:15:39",
        "calendarYear": "2020",
        "period": "Q4",
        "revenue": 34746000000,
        "costOfRevenue": 27943000000,
        "grossProfit": 6803000000,
        "grossProfitRatio": 0.1957923214,
        "researchAndDevelopmentExpenses": 0,
        "generalAndAdministrativeExpenses": 0,
        "sellingAndMarketingExpenses": 0,
        "sellingGeneralAndAdministrativeExpenses": 6210000000,
        "otherExpenses": -57000000,
        "operatingExpenses": 6153000000,
        "costAndExpenses": 34096000000,
        "interestIncome": 0,
        "interestExpense": 157000000,
        "depreciationAndAmortization": 480000000,
        "ebitda": 990000000,
        "ebitdaratio": 0.0284924883,
        "operatingIncome": 608000000,
        "operatingIncomeRatio": 0.0174984171,
        "totalOtherIncomeExpensesNet": -113000000,
        "incomeBeforeTax": 528000000,
        "incomeBeforeTaxRatio": 0.0151959938,
        "incomeTaxExpense": 210000000,
        "netIncome": 373000000,
        "netIncomeRatio": 0.0107350486,
        "eps": 0.39,
        "epsdiluted": 0.39,
        "weightedAverageShsOut": 866500000,
        "weightedAverageShsOutDil": 867100000,
        "link": "https://www.sec.gov/Archives/edgar/data/1618921/000161892120000082/0001618921-20-000082-index.htm",
        "finalLink": "https://www.sec.gov/Archives/edgar/data/1618921/000161892120000082/wba-20200831.htm"
    },
    {
        "date": "2020-05-31",
        "symbol": "WBA",
        "reportedCurrency": "USD",
        "cik": "0001618921",
        "fillingDate": "2020-07-09",
        "acceptedDate": "2020-07-09 16:09:34",
        "calendarYear": "2020",
        "period": "Q3",
        "revenue": 30364000000,
        "costOfRevenue": 24406000000,
        "grossProfit": 5958000000,
        "grossProfitRatio": 0.196219207,
        "researchAndDevelopmentExpenses": 0,
        "generalAndAdministrativeExpenses": 0,
        "sellingAndMarketingExpenses": 0,
        "sellingGeneralAndAdministrativeExpenses": 7884000000,
        "otherExpenses": -243000000,
        "operatingExpenses": 7641000000,
        "costAndExpenses": 32047000000,
        "interestIncome": 0,
        "interestExpense": 148000000,
        "depreciationAndAmortization": 478000000,
        "ebitda": 588000000,
        "ebitdaratio": 0.0193650375,
        "operatingIncome": -1683000000,
        "operatingIncomeRatio": -0.0554274799,
        "totalOtherIncomeExpensesNet": -90000000,
        "incomeBeforeTax": -1857000000,
        "incomeBeforeTaxRatio": -0.0611579502,
        "incomeTaxExpense": 43000000,
        "netIncome": -1708000000,
        "netIncomeRatio": -0.0562508233,
        "eps": -1.95,
        "epsdiluted": -1.95,
        "weightedAverageShsOut": 875121951,
        "weightedAverageShsOutDil": 875400000,
        "link": "https://www.sec.gov/Archives/edgar/data/1618921/000161892120000057/0001618921-20-000057-index.htm",
        "finalLink": "https://www.sec.gov/Archives/edgar/data/1618921/000161892120000057/wba-20200531.htm"
    },
    {
        "date": "2020-02-29",
        "symbol": "WBA",
        "reportedCurrency": "USD",
        "cik": "0001618921",
        "fillingDate": "2020-04-02",
        "acceptedDate": "2020-04-02 16:12:38",
        "calendarYear": "2020",
        "period": "Q2",
        "revenue": 31336000000,
        "costOfRevenue": 24318000000,
        "grossProfit": 7018000000,
        "grossProfitRatio": 0.223959663,
        "researchAndDevelopmentExpenses": 0,
        "generalAndAdministrativeExpenses": 0,
        "sellingAndMarketingExpenses": 0,
        "sellingGeneralAndAdministrativeExpenses": 5909000000,
        "otherExpenses": -27000000,
        "operatingExpenses": 5882000000,
        "costAndExpenses": 30200000000,
        "interestIncome": 0,
        "interestExpense": 156000000,
        "depreciationAndAmortization": 492000000,
        "ebitda": 1562000000,
        "ebitdaratio": 0.0498468215,
        "operatingIncome": 1136000000,
        "operatingIncomeRatio": 0.0362522339,
        "totalOtherIncomeExpensesNet": -117000000,
        "incomeBeforeTax": 1019000000,
        "incomeBeforeTaxRatio": 0.0325185091,
        "incomeTaxExpense": 149000000,
        "netIncome": 946000000,
        "netIncomeRatio": 0.0301889201,
        "eps": 0.98,
        "epsdiluted": 0.98,
        "weightedAverageShsOut": 884500000,
        "weightedAverageShsOutDil": 885500000,
        "link": "https://www.sec.gov/Archives/edgar/data/1618921/000161892120000025/0001618921-20-000025-index.htm",
        "finalLink": "https://www.sec.gov/Archives/edgar/data/1618921/000161892120000025/wba-20200229.htm"
    },
    {
        "date": "2019-11-30",
        "symbol": "WBA",
        "reportedCurrency": "USD",
        "cik": "0001618921",
        "fillingDate": "2020-01-08",
        "acceptedDate": "2020-01-08 16:14:44",
        "calendarYear": "2020",
        "period": "Q1",
        "revenue": 34339000000,
        "costOfRevenue": 27077000000,
        "grossProfit": 7262000000,
        "grossProfitRatio": 0.2114796587,
        "researchAndDevelopmentExpenses": 0,
        "generalAndAdministrativeExpenses": 0,
        "sellingAndMarketingExpenses": 0,
        "sellingGeneralAndAdministrativeExpenses": 6262000000,
        "otherExpenses": -13000000,
        "operatingExpenses": 6249000000,
        "costAndExpenses": 33326000000,
        "interestIncome": 0,
        "interestExpense": 166000000,
        "depreciationAndAmortization": 477000000,
        "ebitda": 1416000000,
        "ebitdaratio": 0.0412359125,
        "operatingIncome": 921000000,
        "operatingIncomeRatio": 0.026820816,
        "totalOtherIncomeExpensesNet": -131000000,
        "incomeBeforeTax": 786000000,
        "incomeBeforeTaxRatio": 0.022889426,
        "incomeTaxExpense": 23000000,
        "netIncome": 845000000,
        "netIncomeRatio": 0.024607589,
        "eps": 0.86,
        "epsdiluted": 0.86,
        "weightedAverageShsOut": 891400000,
        "weightedAverageShsOutDil": 892600000,
        "link": "https://www.sec.gov/Archives/edgar/data/1618921/000161892120000008/0001618921-20-000008-index.htm",
        "finalLink": "https://www.sec.gov/Archives/edgar/data/1618921/000161892120000008/wba-20191130.htm"
    },
    {
        "date": "2019-08-31",
        "symbol": "WBA",
        "reportedCurrency": "USD",
        "cik": "0001618921",
        "fillingDate": "2019-10-28",
        "acceptedDate": "2019-10-28 16:19:39",
        "calendarYear": "2019",
        "period": "Q4",
        "revenue": 33954000000,
        "costOfRevenue": 26727000000,
        "grossProfit": 7227000000,
        "grossProfitRatio": 0.2128467927,
        "researchAndDevelopmentExpenses": 0,
        "generalAndAdministrativeExpenses": 0,
        "sellingAndMarketingExpenses": 0,
        "sellingGeneralAndAdministrativeExpenses": 6408000000,
        "otherExpenses": -59000000,
        "operatingExpenses": 6349000000,
        "costAndExpenses": 33076000000,
        "interestIncome": 0,
        "interestExpense": 175000000,
        "depreciationAndAmortization": 526000000,
        "ebitda": 1358000000,
        "ebitdaratio": 0.0399952877,
        "operatingIncome": 878000000,
        "operatingIncomeRatio": 0.0258585145,
        "totalOtherIncomeExpensesNet": -166000000,
        "incomeBeforeTax": 712000000,
        "incomeBeforeTaxRatio": 0.020969547,
        "incomeTaxExpense": 26000000,
        "netIncome": 677000000,
        "netIncomeRatio": 0.0199387406,
        "eps": 0.75,
        "epsdiluted": 0.75,
        "weightedAverageShsOut": 899600000,
        "weightedAverageShsOutDil": 900700000,
        "link": "https://www.sec.gov/Archives/edgar/data/1618921/000161892119000069/0001618921-19-000069-index.htm",
        "finalLink": "https://www.sec.gov/Archives/edgar/data/1618921/000161892119000069/wba-2019831x10k.htm"
    },
    {
        "date": "2019-05-31",
        "symbol": "WBA",
        "reportedCurrency": "USD",
        "cik": "0001618921",
        "fillingDate": "2019-06-27",
        "acceptedDate": "2019-06-27 16:31:19",
        "calendarYear": "2019",
        "period": "Q3",
        "revenue": 34591000000,
        "costOfRevenue": 27138000000,
        "grossProfit": 7453000000,
        "grossProfitRatio": 0.215460669,
        "researchAndDevelopmentExpenses": 0,
        "generalAndAdministrativeExpenses": 0,
        "sellingAndMarketingExpenses": 0,
        "sellingGeneralAndAdministrativeExpenses": 6235000000,
        "otherExpenses": 15000000,
        "operatingExpenses": 6250000000,
        "costAndExpenses": 33388000000,
        "interestIncome": 0,
        "interestExpense": 187000000,
        "depreciationAndAmortization": 522000000,
        "ebitda": 1612000000,
        "ebitdaratio": 0.0466017172,
        "operatingIncome": 1203000000,
        "operatingIncomeRatio": 0.0347778324,
        "totalOtherIncomeExpensesNet": -10000000,
        "incomeBeforeTax": 1193000000,
        "incomeBeforeTaxRatio": 0.0344887398,
        "incomeTaxExpense": 156000000,
        "netIncome": 1025000000,
        "netIncomeRatio": 0.0296319852,
        "eps": 1.13,
        "epsdiluted": 1.13,
        "weightedAverageShsOut": 909900000,
        "weightedAverageShsOutDil": 911200000,
        "link": "https://www.sec.gov/Archives/edgar/data/1618921/000161892119000039/0001618921-19-000039-index.htm",
        "finalLink": "https://www.sec.gov/Archives/edgar/data/1618921/000161892119000039/wba-2019531x10q.htm"
    },
    {
        "date": "2019-02-28",
        "symbol": "WBA",
        "reportedCurrency": "USD",
        "cik": "0001618921",
        "fillingDate": "2019-04-02",
        "acceptedDate": "2019-04-02 16:19:47",
        "calendarYear": "2019",
        "period": "Q2",
        "revenue": 34528000000,
        "costOfRevenue": 26773000000,
        "grossProfit": 7755000000,
        "grossProfitRatio": 0.2246003244,
        "researchAndDevelopmentExpenses": 0,
        "generalAndAdministrativeExpenses": 0,
        "sellingAndMarketingExpenses": 0,
        "sellingGeneralAndAdministrativeExpenses": 6320000000,
        "otherExpenses": -82000000,
        "operatingExpenses": 6238000000,
        "costAndExpenses": 33011000000,
        "interestIncome": 0,
        "interestExpense": 181000000,
        "depreciationAndAmortization": 500000000,
        "ebitda": 2055000000,
        "ebitdaratio": 0.0595169138,
        "operatingIncome": 1517000000,
        "operatingIncomeRatio": 0.0439353568,
        "totalOtherIncomeExpensesNet": -153000000,
        "incomeBeforeTax": 1364000000,
        "incomeBeforeTaxRatio": 0.0395041705,
        "incomeTaxExpense": 226000000,
        "netIncome": 1156000000,
        "netIncomeRatio": 0.0334800741,
        "eps": 1.25,
        "epsdiluted": 1.24,
        "weightedAverageShsOut": 928400000,
        "weightedAverageShsOutDil": 930700000,
        "link": "https://www.sec.gov/Archives/edgar/data/1618921/000161892119000017/0001618921-19-000017-index.htm",
        "finalLink": "https://www.sec.gov/Archives/edgar/data/1618921/000161892119000017/wba-2019228x10q.htm"
    },
    {
        "date": "2018-11-30",
        "symbol": "WBA",
        "reportedCurrency": "USD",
        "cik": "0001618921",
        "fillingDate": "2018-12-20",
        "acceptedDate": "2018-12-20 16:16:24",
        "calendarYear": "2019",
        "period": "Q1",
        "revenue": 33793000000,
        "costOfRevenue": 26152000000,
        "grossProfit": 7641000000,
        "grossProfitRatio": 0.2261119167,
        "researchAndDevelopmentExpenses": 0,
        "generalAndAdministrativeExpenses": 0,
        "sellingAndMarketingExpenses": 0,
        "sellingGeneralAndAdministrativeExpenses": 6280000000,
        "otherExpenses": -39000000,
        "operatingExpenses": 6241000000,
        "costAndExpenses": 32393000000,
        "interestIncome": 0,
        "interestExpense": 161000000,
        "depreciationAndAmortization": 490000000,
        "ebitda": 1817000000,
        "ebitdaratio": 0.0537685319,
        "operatingIncome": 1400000000,
        "operatingIncomeRatio": 0.0414286983,
        "totalOtherIncomeExpensesNet": -120000000,
        "incomeBeforeTax": 1280000000,
        "incomeBeforeTaxRatio": 0.037877667,
        "incomeTaxExpense": 180000000,
        "netIncome": 1123000000,
        "netIncomeRatio": 0.0332317344,
        "eps": 1.18,
        "epsdiluted": 1.18,
        "weightedAverageShsOut": 948200000,
        "weightedAverageShsOutDil": 951400000,
        "link": "https://www.sec.gov/Archives/edgar/data/1618921/000161892118000096/0001618921-18-000096-index.htm",
        "finalLink": "https://www.sec.gov/Archives/edgar/data/1618921/000161892118000096/wba-20181130x10q.htm"
    },
    {
        "date": "2018-08-31",
        "symbol": "WBA",
        "reportedCurrency": "USD",
        "cik": "0001618921",
        "fillingDate": "2018-10-11",
        "acceptedDate": "2018-10-11 16:21:49",
        "calendarYear": "2018",
        "period": "Q4",
        "revenue": 33442000000,
        "costOfRevenue": 25867000000,
        "grossProfit": 7575000000,
        "grossProfitRatio": 0.2265115723,
        "researchAndDevelopmentExpenses": 0,
        "generalAndAdministrativeExpenses": 0,
        "sellingAndMarketingExpenses": 0,
        "sellingGeneralAndAdministrativeExpenses": 6113000000,
        "otherExpenses": -49000000,
        "operatingExpenses": 6064000000,
        "costAndExpenses": 31931000000,
        "interestIncome": 0,
        "interestExpense": 159000000,
        "depreciationAndAmortization": 470000000,
        "ebitda": 1532000000,
        "ebitdaratio": 0.0458106573,
        "operatingIncome": 1396000000,
        "operatingIncomeRatio": 0.0417439148,
        "totalOtherIncomeExpensesNet": 162000000,
        "incomeBeforeTax": 1673000000,
        "incomeBeforeTaxRatio": 0.0500269123,
        "incomeTaxExpense": 159000000,
        "netIncome": 1512000000,
        "netIncomeRatio": 0.0452126069,
        "eps": 1.55,
        "epsdiluted": 1.55,
        "weightedAverageShsOut": 974600000,
        "weightedAverageShsOutDil": 977900000,
        "link": "https://www.sec.gov/Archives/edgar/data/1618921/000162828018012472/0001628280-18-012472-index.htm",
        "finalLink": "https://www.sec.gov/Archives/edgar/data/1618921/000162828018012472/wba-2018831x10k.htm"
    },
    {
        "date": "2018-05-31",
        "symbol": "WBA",
        "reportedCurrency": "USD",
        "cik": "0001618921",
        "fillingDate": "2018-06-28",
        "acceptedDate": "2018-06-28 16:18:45",
        "calendarYear": "2018",
        "period": "Q3",
        "revenue": 34334000000,
        "costOfRevenue": 26554000000,
        "grossProfit": 7780000000,
        "grossProfitRatio": 0.2265975418,
        "researchAndDevelopmentExpenses": 0,
        "generalAndAdministrativeExpenses": 0,
        "sellingAndMarketingExpenses": 0,
        "sellingGeneralAndAdministrativeExpenses": 6235000000,
        "otherExpenses": -52000000,
        "operatingExpenses": 6183000000,
        "costAndExpenses": 32737000000,
        "interestIncome": 0,
        "interestExpense": 157000000,
        "depreciationAndAmortization": 442000000,
        "ebitda": 1883000000,
        "ebitdaratio": 0.0548435953,
        "operatingIncome": 1597000000,
        "operatingIncomeRatio": 0.0465136599,
        "totalOtherIncomeExpensesNet": -142000000,
        "incomeBeforeTax": 1455000000,
        "incomeBeforeTaxRatio": 0.0423778179,
        "incomeTaxExpense": 109000000,
        "netIncome": 1342000000,
        "netIncomeRatio": 0.0390866197,
        "eps": 1.35,
        "epsdiluted": 1.35,
        "weightedAverageShsOut": 992100000,
        "weightedAverageShsOutDil": 995300000,
        "link": "https://www.sec.gov/Archives/edgar/data/1618921/000161892118000033/0001618921-18-000033-index.htm",
        "finalLink": "https://www.sec.gov/Archives/edgar/data/1618921/000161892118000033/wba-2018531x10q.htm"
    },
    {
        "date": "2018-02-28",
        "symbol": "WBA",
        "reportedCurrency": "USD",
        "cik": "0001618921",
        "fillingDate": "2018-03-28",
        "acceptedDate": "2018-03-28 16:17:17",
        "calendarYear": "2018",
        "period": "Q2",
        "revenue": 33021000000,
        "costOfRevenue": 24925000000,
        "grossProfit": 8096000000,
        "grossProfitRatio": 0.2451773114,
        "researchAndDevelopmentExpenses": 0,
        "generalAndAdministrativeExpenses": 0,
        "sellingAndMarketingExpenses": 0,
        "sellingGeneralAndAdministrativeExpenses": 6321000000,
        "otherExpenses": -202000000,
        "operatingExpenses": 6119000000,
        "costAndExpenses": 31044000000,
        "interestIncome": 0,
        "interestExpense": 151000000,
        "depreciationAndAmortization": 442000000,
        "ebitda": 2385000000,
        "ebitdaratio": 0.0722267648,
        "operatingIncome": 1977000000,
        "operatingIncomeRatio": 0.0598709912,
        "totalOtherIncomeExpensesNet": -125000000,
        "incomeBeforeTax": 1852000000,
        "incomeBeforeTaxRatio": 0.0560855213,
        "incomeTaxExpense": 503000000,
        "netIncome": 1349000000,
        "netIncomeRatio": 0.0408527906,
        "eps": 1.36,
        "epsdiluted": 1.36,
        "weightedAverageShsOut": 991000000,
        "weightedAverageShsOutDil": 995500000,
        "link": "https://www.sec.gov/Archives/edgar/data/1618921/000161892118000018/0001618921-18-000018-index.htm",
        "finalLink": "https://www.sec.gov/Archives/edgar/data/1618921/000161892118000018/wba-2018228x10q.htm"
    },
    {
        "date": "2017-11-30",
        "symbol": "WBA",
        "reportedCurrency": "USD",
        "cik": "0001618921",
        "fillingDate": "2018-01-04",
        "acceptedDate": "2018-01-04 16:14:51",
        "calendarYear": "2018",
        "period": "Q1",
        "revenue": 30740000000,
        "costOfRevenue": 23399000000,
        "grossProfit": 7341000000,
        "grossProfitRatio": 0.2388093689,
        "researchAndDevelopmentExpenses": 0,
        "generalAndAdministrativeExpenses": 0,
        "sellingAndMarketingExpenses": 0,
        "sellingGeneralAndAdministrativeExpenses": 5910000000,
        "otherExpenses": 112000000,
        "operatingExpenses": 6022000000,
        "costAndExpenses": 29421000000,
        "interestIncome": 0,
        "interestExpense": 149000000,
        "depreciationAndAmortization": 416000000,
        "ebitda": 1870000000,
        "ebitdaratio": 0.0608327912,
        "operatingIncome": 1319000000,
        "operatingIncomeRatio": 0.0429082628,
        "totalOtherIncomeExpensesNet": -270000000,
        "incomeBeforeTax": 1049000000,
        "incomeBeforeTaxRatio": 0.0341249187,
        "incomeTaxExpense": 227000000,
        "netIncome": 821000000,
        "netIncomeRatio": 0.0267078725,
        "eps": 0.82,
        "epsdiluted": 0.81,
        "weightedAverageShsOut": 1006100000,
        "weightedAverageShsOutDil": 1011100000,
        "link": "https://www.sec.gov/Archives/edgar/data/1618921/000161892118000004/0001618921-18-000004-index.htm",
        "finalLink": "https://www.sec.gov/Archives/edgar/data/1618921/000161892118000004/wba-20171130x10q.htm"
    },
    {
        "date": "2017-08-31",
        "symbol": "WBA",
        "reportedCurrency": "USD",
        "cik": "0001618921",
        "fillingDate": "2017-10-25",
        "acceptedDate": "2017-10-25 17:08:45",
        "calendarYear": "2017",
        "period": "Q4",
        "revenue": 30149000000,
        "costOfRevenue": 22809000000,
        "grossProfit": 7340000000,
        "grossProfitRatio": 0.2434574944,
        "researchAndDevelopmentExpenses": 0,
        "generalAndAdministrativeExpenses": 0,
        "sellingAndMarketingExpenses": 0,
        "sellingGeneralAndAdministrativeExpenses": 6218000000,
        "otherExpenses": 8000000,
        "operatingExpenses": 6226000000,
        "costAndExpenses": 29035000000,
        "interestIncome": 0,
        "interestExpense": 193000000,
        "depreciationAndAmortization": 410000000,
        "ebitda": 2139000000,
        "ebitdaratio": 0.0709476268,
        "operatingIncome": 1114000000,
        "operatingIncomeRatio": 0.0369498159,
        "totalOtherIncomeExpensesNet": -181000000,
        "incomeBeforeTax": 933000000,
        "incomeBeforeTaxRatio": 0.0309463,
        "incomeTaxExpense": 126000000,
        "netIncome": 802000000,
        "netIncomeRatio": 0.026601214,
        "eps": 0.76,
        "epsdiluted": 0.75,
        "weightedAverageShsOut": 1055100000,
        "weightedAverageShsOutDil": 1059500000,
        "link": "https://www.sec.gov/Archives/edgar/data/1618921/000161892117000069/0001618921-17-000069-index.htm",
        "finalLink": "https://www.sec.gov/Archives/edgar/data/1618921/000161892117000069/wba-2017831x10k.htm"
    },
    {
        "date": "2017-05-31",
        "symbol": "WBA",
        "reportedCurrency": "USD",
        "cik": "0001618921",
        "fillingDate": "2017-06-29",
        "acceptedDate": "2017-06-29 16:21:59",
        "calendarYear": "2017",
        "period": "Q3",
        "revenue": 30118000000,
        "costOfRevenue": 22973000000,
        "grossProfit": 7145000000,
        "grossProfitRatio": 0.237233548,
        "researchAndDevelopmentExpenses": 0,
        "generalAndAdministrativeExpenses": 0,
        "sellingAndMarketingExpenses": 0,
        "sellingGeneralAndAdministrativeExpenses": 5712000000,
        "otherExpenses": -84000000,
        "operatingExpenses": 5628000000,
        "costAndExpenses": 28601000000,
        "interestIncome": 0,
        "interestExpense": 155000000,
        "depreciationAndAmortization": 413000000,
        "ebitda": 1865000000,
        "ebitdaratio": 0.0619231025,
        "operatingIncome": 1517000000,
        "operatingIncomeRatio": 0.0503685504,
        "totalOtherIncomeExpensesNet": -184000000,
        "incomeBeforeTax": 1333000000,
        "incomeBeforeTaxRatio": 0.044259247,
        "incomeTaxExpense": 168000000,
        "netIncome": 1162000000,
        "netIncomeRatio": 0.0385815791,
        "eps": 1.08,
        "epsdiluted": 1.07,
        "weightedAverageShsOut": 1077100000,
        "weightedAverageShsOutDil": 1082600000,
        "link": "https://www.sec.gov/Archives/edgar/data/1618921/000161892117000048/0001618921-17-000048-index.htm",
        "finalLink": "https://www.sec.gov/Archives/edgar/data/1618921/000161892117000048/wba-2017531x10q.htm"
    },
    {
        "date": "2017-02-28",
        "symbol": "WBA",
        "reportedCurrency": "USD",
        "cik": "0001618921",
        "fillingDate": "2017-04-05",
        "acceptedDate": "2017-04-05 16:35:56",
        "calendarYear": "2017",
        "period": "Q2",
        "revenue": 29446000000,
        "costOfRevenue": 21885000000,
        "grossProfit": 7561000000,
        "grossProfitRatio": 0.2567751138,
        "researchAndDevelopmentExpenses": 0,
        "generalAndAdministrativeExpenses": 0,
        "sellingAndMarketingExpenses": 0,
        "sellingGeneralAndAdministrativeExpenses": 6124000000,
        "otherExpenses": -42000000,
        "operatingExpenses": 6082000000,
        "costAndExpenses": 27967000000,
        "interestIncome": 0,
        "interestExpense": 172000000,
        "depreciationAndAmortization": 412000000,
        "ebitda": 2191000000,
        "ebitdaratio": 0.0744073898,
        "operatingIncome": 1479000000,
        "operatingIncomeRatio": 0.0502275351,
        "totalOtherIncomeExpensesNet": -171000000,
        "incomeBeforeTax": 1308000000,
        "incomeBeforeTaxRatio": 0.0444202948,
        "incomeTaxExpense": 246000000,
        "netIncome": 1060000000,
        "netIncomeRatio": 0.0359980982,
        "eps": 0.98,
        "epsdiluted": 0.98,
        "weightedAverageShsOut": 1079700000,
        "weightedAverageShsOutDil": 1085500000,
        "link": "https://www.sec.gov/Archives/edgar/data/1618921/000161892117000026/0001618921-17-000026-index.htm",
        "finalLink": "https://www.sec.gov/Archives/edgar/data/1618921/000161892117000026/wba-2017228x10q.htm"
    },
    {
        "date": "2016-11-30",
        "symbol": "WBA",
        "reportedCurrency": "USD",
        "cik": "0001618921",
        "fillingDate": "2017-01-05",
        "acceptedDate": "2017-01-05 16:22:51",
        "calendarYear": "2017",
        "period": "Q1",
        "revenue": 28501000000,
        "costOfRevenue": 21385000000,
        "grossProfit": 7116000000,
        "grossProfitRatio": 0.24967545,
        "researchAndDevelopmentExpenses": 0,
        "generalAndAdministrativeExpenses": 0,
        "sellingAndMarketingExpenses": 0,
        "sellingGeneralAndAdministrativeExpenses": 5686000000,
        "otherExpenses": -17000000,
        "operatingExpenses": 5669000000,
        "costAndExpenses": 27054000000,
        "interestIncome": 0,
        "interestExpense": 173000000,
        "depreciationAndAmortization": 419000000,
        "ebitda": 1799000000,
        "ebitdaratio": 0.0631205923,
        "operatingIncome": 1447000000,
        "operatingIncomeRatio": 0.0507701484,
        "totalOtherIncomeExpensesNet": -160000000,
        "incomeBeforeTax": 1287000000,
        "incomeBeforeTaxRatio": 0.0451563103,
        "incomeTaxExpense": 220000000,
        "netIncome": 1054000000,
        "netIncomeRatio": 0.0369811586,
        "eps": 0.97,
        "epsdiluted": 0.97,
        "weightedAverageShsOut": 1082100000,
        "weightedAverageShsOutDil": 1088300000,
        "link": "https://www.sec.gov/Archives/edgar/data/1618921/000114036117000720/0001140361-17-000720-index.htm",
        "finalLink": "https://www.sec.gov/Archives/edgar/data/1618921/000114036117000720/form10q.htm"
    },
    {
        "date": "2016-08-31",
        "symbol": "WBA",
        "reportedCurrency": "USD",
        "cik": "0001618921",
        "fillingDate": "2016-10-20",
        "acceptedDate": "2016-10-20 17:24:02",
        "calendarYear": "2016",
        "period": "Q4",
        "revenue": 28636000000,
        "costOfRevenue": 21705000000,
        "grossProfit": 6931000000,
        "grossProfitRatio": 0.2420379941,
        "researchAndDevelopmentExpenses": 0,
        "generalAndAdministrativeExpenses": 0,
        "sellingAndMarketingExpenses": 0,
        "sellingGeneralAndAdministrativeExpenses": 5825000000,
        "otherExpenses": -34000000,
        "operatingExpenses": 5791000000,
        "costAndExpenses": 27496000000,
        "interestIncome": 0,
        "interestExpense": 171000000,
        "depreciationAndAmortization": 447000000,
        "ebitda": 1799000000,
        "ebitdaratio": 0.06282302,
        "operatingIncome": 1140000000,
        "operatingIncomeRatio": 0.0398100293,
        "totalOtherIncomeExpensesNet": 102000000,
        "incomeBeforeTax": 1242000000,
        "incomeBeforeTaxRatio": 0.0433719793,
        "incomeTaxExpense": 207000000,
        "netIncome": 1030000000,
        "netIncomeRatio": 0.0359687107,
        "eps": 0.95,
        "epsdiluted": 0.94,
        "weightedAverageShsOut": 1082500000,
        "weightedAverageShsOutDil": 1089000000,
        "link": "https://www.sec.gov/Archives/edgar/data/1618921/000114036116083198/0001140361-16-083198-index.htm",
        "finalLink": "https://www.sec.gov/Archives/edgar/data/1618921/000114036116083198/form10k.htm"
    },
    {
        "date": "2016-05-31",
        "symbol": "WBA",
        "reportedCurrency": "USD",
        "cik": "0001618921",
        "fillingDate": "2016-07-06",
        "acceptedDate": "2016-07-06 17:06:20",
        "calendarYear": "2016",
        "period": "Q3",
        "revenue": 29498000000,
        "costOfRevenue": 22065000000,
        "grossProfit": 7433000000,
        "grossProfitRatio": 0.2519831853,
        "researchAndDevelopmentExpenses": 0,
        "generalAndAdministrativeExpenses": 0,
        "sellingAndMarketingExpenses": 0,
        "sellingGeneralAndAdministrativeExpenses": 5903000000,
        "otherExpenses": -3000000,
        "operatingExpenses": 5900000000,
        "costAndExpenses": 27965000000,
        "interestIncome": 0,
        "interestExpense": 147000000,
        "depreciationAndAmortization": 447000000,
        "ebitda": 1953000000,
        "ebitdaratio": 0.0662078785,
        "operatingIncome": 1533000000,
        "operatingIncomeRatio": 0.0519696251,
        "totalOtherIncomeExpensesNet": -104000000,
        "incomeBeforeTax": 1429000000,
        "incomeBeforeTaxRatio": 0.0484439623,
        "incomeTaxExpense": 322000000,
        "netIncome": 1103000000,
        "netIncomeRatio": 0.0373923656,
        "eps": 1.02,
        "epsdiluted": 1.01,
        "weightedAverageShsOut": 1080800000,
        "weightedAverageShsOutDil": 1088200000,
        "link": "https://www.sec.gov/Archives/edgar/data/1618921/000114036116071838/0001140361-16-071838-index.htm",
        "finalLink": "https://www.sec.gov/Archives/edgar/data/1618921/000114036116071838/form10q.htm"
    },
    {
        "date": "2016-02-29",
        "symbol": "WBA",
        "reportedCurrency": "USD",
        "cik": "0001618921",
        "fillingDate": "2016-04-05",
        "acceptedDate": "2016-04-05 16:56:45",
        "calendarYear": "2016",
        "period": "Q2",
        "revenue": 30184000000,
        "costOfRevenue": 22317000000,
        "grossProfit": 7867000000,
        "grossProfitRatio": 0.2606347734,
        "researchAndDevelopmentExpenses": 0,
        "generalAndAdministrativeExpenses": 0,
        "sellingAndMarketingExpenses": 0,
        "sellingGeneralAndAdministrativeExpenses": 6007000000,
        "otherExpenses": 0,
        "operatingExpenses": 6007000000,
        "costAndExpenses": 28324000000,
        "interestIncome": 0,
        "interestExpense": 140000000,
        "depreciationAndAmortization": 442000000,
        "ebitda": 2353000000,
        "ebitdaratio": 0.0779552081,
        "operatingIncome": 1860000000,
        "operatingIncomeRatio": 0.0616220514,
        "totalOtherIncomeExpensesNet": -627000000,
        "incomeBeforeTax": 1233000000,
        "incomeBeforeTaxRatio": 0.0408494567,
        "incomeTaxExpense": 301000000,
        "netIncome": 930000000,
        "netIncomeRatio": 0.0308110257,
        "eps": 0.86,
        "epsdiluted": 0.85,
        "weightedAverageShsOut": 1080200000,
        "weightedAverageShsOutDil": 1088400000,
        "link": "https://www.sec.gov/Archives/edgar/data/1618921/000114036116060287/0001140361-16-060287-index.htm",
        "finalLink": "https://www.sec.gov/Archives/edgar/data/1618921/000114036116060287/form10q.htm"
    },
    {
        "date": "2015-11-30",
        "symbol": "WBA",
        "reportedCurrency": "USD",
        "cik": "0001618921",
        "fillingDate": "2016-01-07",
        "acceptedDate": "2016-01-07 16:41:23",
        "calendarYear": "2016",
        "period": "Q1",
        "revenue": 29033000000,
        "costOfRevenue": 21614000000,
        "grossProfit": 7419000000,
        "grossProfitRatio": 0.2555368029,
        "researchAndDevelopmentExpenses": 0,
        "generalAndAdministrativeExpenses": 0,
        "sellingAndMarketingExpenses": 0,
        "sellingGeneralAndAdministrativeExpenses": 5951000000,
        "otherExpenses": 0,
        "operatingExpenses": 5951000000,
        "costAndExpenses": 27565000000,
        "interestIncome": 0,
        "interestExpense": 138000000,
        "depreciationAndAmortization": 382000000,
        "ebitda": 1942000000,
        "ebitdaratio": 0.0668894017,
        "operatingIncome": 1468000000,
        "operatingIncomeRatio": 0.0505631523,
        "totalOtherIncomeExpensesNet": -184000000,
        "incomeBeforeTax": 1284000000,
        "incomeBeforeTaxRatio": 0.0442255365,
        "incomeTaxExpense": 167000000,
        "netIncome": 1110000000,
        "netIncomeRatio": 0.0382323563,
        "eps": 1.02,
        "epsdiluted": 1.01,
        "weightedAverageShsOut": 1089000000,
        "weightedAverageShsOutDil": 1098600000,
        "link": "https://www.sec.gov/Archives/edgar/data/1618921/000156761916001640/0001567619-16-001640-index.htm",
        "finalLink": "https://www.sec.gov/Archives/edgar/data/1618921/000156761916001640/h10033874x1_10q.htm"
    },
    {
        "date": "2015-08-31",
        "symbol": "WBA",
        "reportedCurrency": "USD",
        "cik": "0001618921",
        "fillingDate": "2015-10-28",
        "acceptedDate": "2015-10-28 17:16:10",
        "calendarYear": "2015",
        "period": "Q4",
        "revenue": 28522000000,
        "costOfRevenue": 21257000000,
        "grossProfit": 7265000000,
        "grossProfitRatio": 0.2547156581,
        "researchAndDevelopmentExpenses": 0,
        "generalAndAdministrativeExpenses": 0,
        "sellingAndMarketingExpenses": 0,
        "sellingGeneralAndAdministrativeExpenses": 6429000000,
        "otherExpenses": 0,
        "operatingExpenses": 6429000000,
        "costAndExpenses": 27686000000,
        "interestIncome": 0,
        "interestExpense": 255000000,
        "depreciationAndAmortization": 478000000,
        "ebitda": 1951000000,
        "ebitdaratio": 0.0684033378,
        "operatingIncome": 836000000,
        "operatingIncomeRatio": 0.0293107075,
        "totalOtherIncomeExpensesNet": -868000000,
        "incomeBeforeTax": -32000000,
        "incomeBeforeTaxRatio": -0.001121941,
        "incomeTaxExpense": 64000000,
        "netIncome": 26000000,
        "netIncomeRatio": 0.000911577,
        "eps": 0.0238,
        "epsdiluted": 0.0211,
        "weightedAverageShsOut": 1091900000,
        "weightedAverageShsOutDil": 1102500000,
        "link": "https://www.sec.gov/Archives/edgar/data/1618921/000114036115038791/0001140361-15-038791-index.htm",
        "finalLink": "https://www.sec.gov/Archives/edgar/data/1618921/000114036115038791/form10k.htm"
    },
    {
        "date": "2015-05-31",
        "symbol": "WBA",
        "reportedCurrency": "USD",
        "cik": "0001618921",
        "fillingDate": "2015-07-09",
        "acceptedDate": "2015-07-09 16:17:42",
        "calendarYear": "2015",
        "period": "Q3",
        "revenue": 28795000000,
        "costOfRevenue": 21314000000,
        "grossProfit": 7481000000,
        "grossProfitRatio": 0.259802049,
        "researchAndDevelopmentExpenses": 0,
        "generalAndAdministrativeExpenses": 0,
        "sellingAndMarketingExpenses": 0,
        "sellingGeneralAndAdministrativeExpenses": 6080000000,
        "otherExpenses": 0,
        "operatingExpenses": 6080000000,
        "costAndExpenses": 27394000000,
        "interestIncome": 0,
        "interestExpense": 151000000,
        "depreciationAndAmortization": 438000000,
        "ebitda": 1950000000,
        "ebitdaratio": 0.0677200903,
        "operatingIncome": 1401000000,
        "operatingIncomeRatio": 0.0486542803,
        "totalOtherIncomeExpensesNet": 317000000,
        "incomeBeforeTax": 1718000000,
        "incomeBeforeTaxRatio": 0.059663136,
        "incomeTaxExpense": 408000000,
        "netIncome": 1302000000,
        "netIncomeRatio": 0.0452161834,
        "eps": 1.19,
        "epsdiluted": 1.18,
        "weightedAverageShsOut": 1091400000,
        "weightedAverageShsOutDil": 1102400000,
        "link": "https://www.sec.gov/Archives/edgar/data/1618921/000114036115027166/0001140361-15-027166-index.htm",
        "finalLink": "https://www.sec.gov/Archives/edgar/data/1618921/000114036115027166/form10q.htm"
    },
    {
        "date": "2015-02-28",
        "symbol": "WBA",
        "reportedCurrency": "USD",
        "cik": "0001618921",
        "fillingDate": "2015-04-09",
        "acceptedDate": "2015-04-09 16:13:41",
        "calendarYear": "2015",
        "period": "Q2",
        "revenue": 26573000000,
        "costOfRevenue": 19691000000,
        "grossProfit": 6882000000,
        "grossProfitRatio": 0.2589846837,
        "researchAndDevelopmentExpenses": 0,
        "generalAndAdministrativeExpenses": 0,
        "sellingAndMarketingExpenses": 0,
        "sellingGeneralAndAdministrativeExpenses": 5606000000,
        "otherExpenses": -101000000,
        "operatingExpenses": 5505000000,
        "costAndExpenses": 25196000000,
        "interestIncome": 0,
        "interestExpense": 144000000,
        "depreciationAndAmortization": 507000000,
        "ebitda": 1976000000,
        "ebitdaratio": 0.0743611937,
        "operatingIncome": 1377000000,
        "operatingIncomeRatio": 0.0518195161,
        "totalOtherIncomeExpensesNet": 1074000000,
        "incomeBeforeTax": 2451000000,
        "incomeBeforeTaxRatio": 0.0922364806,
        "incomeTaxExpense": 391000000,
        "netIncome": 2042000000,
        "netIncomeRatio": 0.0768449178,
        "eps": 1.96,
        "epsdiluted": 1.93,
        "weightedAverageShsOut": 1043600000,
        "weightedAverageShsOutDil": 1054700000,
        "link": "https://www.sec.gov/Archives/edgar/data/1618921/000114036115014919/0001140361-15-014919-index.htm",
        "finalLink": "https://www.sec.gov/Archives/edgar/data/1618921/000114036115014919/form10q.htm"
    },
    {
        "date": "2014-11-30",
        "symbol": "WBA",
        "reportedCurrency": "USD",
        "cik": "0001618921",
        "fillingDate": "2014-12-30",
        "acceptedDate": "2014-12-29 19:49:50",
        "calendarYear": "2015",
        "period": "Q1",
        "revenue": 19554000000,
        "costOfRevenue": 14258000000,
        "grossProfit": 5296000000,
        "grossProfitRatio": 0.2708397259,
        "researchAndDevelopmentExpenses": 0,
        "generalAndAdministrativeExpenses": 0,
        "sellingAndMarketingExpenses": 0,
        "sellingGeneralAndAdministrativeExpenses": 4456000000,
        "otherExpenses": -214000000,
        "operatingExpenses": 4242000000,
        "costAndExpenses": 18500000000,
        "interestIncome": 0,
        "interestExpense": 55000000,
        "depreciationAndAmortization": 319000000,
        "ebitda": 1200000000,
        "ebitdaratio": 0.061368518,
        "operatingIncome": 1054000000,
        "operatingIncomeRatio": 0.0539020149,
        "totalOtherIncomeExpensesNet": 144000000,
        "incomeBeforeTax": 1198000000,
        "incomeBeforeTaxRatio": 0.0612662371,
        "incomeTaxExpense": 321000000,
        "netIncome": 850000000,
        "netIncomeRatio": 0.0434693669,
        "eps": 0.9,
        "epsdiluted": 0.89,
        "weightedAverageShsOut": 945800000,
        "weightedAverageShsOutDil": 956000000,
        "link": "https://www.sec.gov/Archives/edgar/data/1618921/000114036114046619/0001140361-14-046619-index.htm",
        "finalLink": "https://www.sec.gov/Archives/edgar/data/1618921/000114036114046619/form10q.htm"
    },
    {
        "date": "2014-08-31",
        "symbol": "WBA",
        "reportedCurrency": "USD",
        "cik": "0001618921",
        "fillingDate": "2014-08-31",
        "acceptedDate": "2014-08-31 00:00:00",
        "calendarYear": "2014",
        "period": "Q4",
        "revenue": 19057000000,
        "costOfRevenue": 13730000000,
        "grossProfit": 5327000000,
        "grossProfitRatio": 0.2795298316,
        "researchAndDevelopmentExpenses": 0,
        "generalAndAdministrativeExpenses": 0,
        "sellingAndMarketingExpenses": 0,
        "sellingGeneralAndAdministrativeExpenses": 4493000000,
        "otherExpenses": -135000000,
        "operatingExpenses": 4358000000,
        "costAndExpenses": 18088000000,
        "interestIncome": 0,
        "interestExpense": 43000000,
        "depreciationAndAmortization": 315000000,
        "ebitda": 1310000000,
        "ebitdaratio": 0.068741145,
        "operatingIncome": 986000000,
        "operatingIncomeRatio": 0.0517395183,
        "totalOtherIncomeExpensesNet": -814000000,
        "incomeBeforeTax": 172000000,
        "incomeBeforeTaxRatio": 0.0090255549,
        "incomeTaxExpense": 359000000,
        "netIncome": -221000000,
        "netIncomeRatio": -0.0115967886,
        "eps": -0.23,
        "epsdiluted": -0.23,
        "weightedAverageShsOut": 956000000,
        "weightedAverageShsOutDil": 956000000,
        "link": "",
        "finalLink": ""
    },
    {
        "date": "2014-05-31",
        "symbol": "WBA",
        "reportedCurrency": "USD",
        "cik": "0001618921",
        "fillingDate": "2014-05-31",
        "acceptedDate": "2014-05-31 00:00:00",
        "calendarYear": "2014",
        "period": "Q3",
        "revenue": 19401000000,
        "costOfRevenue": 13961000000,
        "grossProfit": 5440000000,
        "grossProfitRatio": 0.2803979176,
        "researchAndDevelopmentExpenses": 0,
        "generalAndAdministrativeExpenses": 0,
        "sellingAndMarketingExpenses": 0,
        "sellingGeneralAndAdministrativeExpenses": 4551000000,
        "otherExpenses": -135000000,
        "operatingExpenses": 4416000000,
        "costAndExpenses": 18377000000,
        "interestIncome": 0,
        "interestExpense": 35000000,
        "depreciationAndAmortization": 338000000,
        "ebitda": 1322000000,
        "ebitdaratio": 0.0681408175,
        "operatingIncome": 1024000000,
        "operatingIncomeRatio": 0.0527807845,
        "totalOtherIncomeExpensesNet": 89000000,
        "incomeBeforeTax": 1113000000,
        "incomeBeforeTaxRatio": 0.0573681769,
        "incomeTaxExpense": 357000000,
        "netIncome": 714000000,
        "netIncomeRatio": 0.0368022267,
        "eps": 0.75,
        "epsdiluted": 0.74,
        "weightedAverageShsOut": 955300000,
        "weightedAverageShsOutDil": 967600000,
        "link": "",
        "finalLink": ""
    },
    {
        "date": "2014-02-28",
        "symbol": "WBA",
        "reportedCurrency": "USD",
        "cik": "0001618921",
        "fillingDate": "2014-02-28",
        "acceptedDate": "2014-02-28 00:00:00",
        "calendarYear": "2014",
        "period": "Q2",
        "revenue": 19605000000,
        "costOfRevenue": 13955000000,
        "grossProfit": 5650000000,
        "grossProfitRatio": 0.2881917878,
        "researchAndDevelopmentExpenses": 0,
        "generalAndAdministrativeExpenses": 0,
        "sellingAndMarketingExpenses": 0,
        "sellingGeneralAndAdministrativeExpenses": 4569000000,
        "otherExpenses": -136000000,
        "operatingExpenses": 4433000000,
        "costAndExpenses": 18388000000,
        "interestIncome": 0,
        "interestExpense": 37000000,
        "depreciationAndAmortization": 331000000,
        "ebitda": 1439000000,
        "ebitdaratio": 0.0733996429,
        "operatingIncome": 1217000000,
        "operatingIncomeRatio": 0.062076001,
        "totalOtherIncomeExpensesNet": -96000000,
        "incomeBeforeTax": 1121000000,
        "incomeBeforeTaxRatio": 0.057179291,
        "incomeTaxExpense": 391000000,
        "netIncome": 716000000,
        "netIncomeRatio": 0.0365212956,
        "eps": 0.75,
        "epsdiluted": 0.74,
        "weightedAverageShsOut": 951900000,
        "weightedAverageShsOutDil": 963700000,
        "link": "",
        "finalLink": ""
    },
    {
        "date": "2013-11-30",
        "symbol": "WBA",
        "reportedCurrency": "USD",
        "cik": "0001618921",
        "fillingDate": "2013-11-30",
        "acceptedDate": "2013-11-30 00:00:00",
        "calendarYear": "2014",
        "period": "Q1",
        "revenue": 18329000000,
        "costOfRevenue": 13177000000,
        "grossProfit": 5152000000,
        "grossProfitRatio": 0.28108462,
        "researchAndDevelopmentExpenses": 0,
        "generalAndAdministrativeExpenses": 0,
        "sellingAndMarketingExpenses": 0,
        "sellingGeneralAndAdministrativeExpenses": 4379000000,
        "otherExpenses": -151000000,
        "operatingExpenses": 4228000000,
        "costAndExpenses": 17405000000,
        "interestIncome": 0,
        "interestExpense": 41000000,
        "depreciationAndAmortization": 332000000,
        "ebitda": 1078000000,
        "ebitdaratio": 0.0588139015,
        "operatingIncome": 967000000,
        "operatingIncomeRatio": 0.0527579246,
        "totalOtherIncomeExpensesNet": 184000000,
        "incomeBeforeTax": 1151000000,
        "incomeBeforeTaxRatio": 0.062796661,
        "incomeTaxExpense": 419000000,
        "netIncome": 723000000,
        "netIncomeRatio": 0.0394456872,
        "eps": 0.76,
        "epsdiluted": 0.75,
        "weightedAverageShsOut": 949300000,
        "weightedAverageShsOutDil": 961500000,
        "link": "",
        "finalLink": ""
    },
    {
        "date": "2013-08-31",
        "symbol": "WBA",
        "reportedCurrency": "USD",
        "cik": "0001618921",
        "fillingDate": "2013-08-31",
        "acceptedDate": "2013-08-31 00:00:00",
        "calendarYear": "2013",
        "period": "Q4",
        "revenue": 17941000000,
        "costOfRevenue": 12750000000,
        "grossProfit": 5191000000,
        "grossProfitRatio": 0.2893372722,
        "researchAndDevelopmentExpenses": 0,
        "generalAndAdministrativeExpenses": 0,
        "sellingAndMarketingExpenses": 0,
        "sellingGeneralAndAdministrativeExpenses": 4286000000,
        "otherExpenses": -124000000,
        "operatingExpenses": 4162000000,
        "costAndExpenses": 16912000000,
        "interestIncome": 0,
        "interestExpense": 55000000,
        "depreciationAndAmortization": 325000000,
        "ebitda": 1203000000,
        "ebitdaratio": 0.0670531186,
        "operatingIncome": 911000000,
        "operatingIncomeRatio": 0.0507775486,
        "totalOtherIncomeExpensesNet": -12000000,
        "incomeBeforeTax": 1017000000,
        "incomeBeforeTaxRatio": 0.0566858035,
        "incomeTaxExpense": 360000000,
        "netIncome": 657000000,
        "netIncomeRatio": 0.0366200323,
        "eps": 0.69,
        "epsdiluted": 0.68,
        "weightedAverageShsOut": 945700000,
        "weightedAverageShsOutDil": 957300000,
        "link": "",
        "finalLink": ""
    },
    {
        "date": "2013-05-31",
        "symbol": "WBA",
        "reportedCurrency": "USD",
        "cik": "0001618921",
        "fillingDate": "2013-05-31",
        "acceptedDate": "2013-05-31 00:00:00",
        "calendarYear": "2013",
        "period": "Q3",
        "revenue": 18313000000,
        "costOfRevenue": 13091000000,
        "grossProfit": 5222000000,
        "grossProfitRatio": 0.2851526238,
        "researchAndDevelopmentExpenses": 0,
        "generalAndAdministrativeExpenses": 0,
        "sellingAndMarketingExpenses": 0,
        "sellingGeneralAndAdministrativeExpenses": 4362000000,
        "otherExpenses": -131000000,
        "operatingExpenses": 4231000000,
        "costAndExpenses": 17322000000,
        "interestIncome": 0,
        "interestExpense": 50000000,
        "depreciationAndAmortization": 318000000,
        "ebitda": 1199000000,
        "ebitdaratio": 0.0654726151,
        "operatingIncome": 907000000,
        "operatingIncomeRatio": 0.0495276579,
        "totalOtherIncomeExpensesNet": 27000000,
        "incomeBeforeTax": 1018000000,
        "incomeBeforeTaxRatio": 0.0555889259,
        "incomeTaxExpense": 394000000,
        "netIncome": 624000000,
        "netIncomeRatio": 0.034074155,
        "eps": 0.66,
        "epsdiluted": 0.65,
        "weightedAverageShsOut": 947700000,
        "weightedAverageShsOutDil": 959000000,
        "link": "",
        "finalLink": ""
    },
    {
        "date": "2013-02-28",
        "symbol": "WBA",
        "reportedCurrency": "USD",
        "cik": "0001618921",
        "fillingDate": "2013-02-28",
        "acceptedDate": "2013-02-28 00:00:00",
        "calendarYear": "2013",
        "period": "Q2",
        "revenue": 18647000000,
        "costOfRevenue": 13040000000,
        "grossProfit": 5607000000,
        "grossProfitRatio": 0.3006918003,
        "researchAndDevelopmentExpenses": 0,
        "generalAndAdministrativeExpenses": 0,
        "sellingAndMarketingExpenses": 0,
        "sellingGeneralAndAdministrativeExpenses": 4497000000,
        "otherExpenses": -105000000,
        "operatingExpenses": 4392000000,
        "costAndExpenses": 17432000000,
        "interestIncome": 0,
        "interestExpense": 23000000,
        "depreciationAndAmortization": 327000000,
        "ebitda": 1429000000,
        "ebitdaratio": 0.0766343111,
        "operatingIncome": 1123000000,
        "operatingIncomeRatio": 0.0602241647,
        "totalOtherIncomeExpensesNet": 69000000,
        "incomeBeforeTax": 1192000000,
        "incomeBeforeTaxRatio": 0.0639244919,
        "incomeTaxExpense": 436000000,
        "netIncome": 756000000,
        "netIncomeRatio": 0.0405427146,
        "eps": 0.8,
        "epsdiluted": 0.79,
        "weightedAverageShsOut": 945400000,
        "weightedAverageShsOutDil": 953400000,
        "link": "",
        "finalLink": ""
    },
    {
        "date": "2012-11-30",
        "symbol": "WBA",
        "reportedCurrency": "USD",
        "cik": "0001618921",
        "fillingDate": "2012-11-30",
        "acceptedDate": "2012-11-30 00:00:00",
        "calendarYear": "2013",
        "period": "Q1",
        "revenue": 17316000000,
        "costOfRevenue": 12217000000,
        "grossProfit": 5099000000,
        "grossProfitRatio": 0.2944675445,
        "researchAndDevelopmentExpenses": 0,
        "generalAndAdministrativeExpenses": 0,
        "sellingAndMarketingExpenses": 0,
        "sellingGeneralAndAdministrativeExpenses": 4398000000,
        "otherExpenses": -4000000,
        "operatingExpenses": 4394000000,
        "costAndExpenses": 16611000000,
        "interestIncome": 0,
        "interestExpense": 37000000,
        "depreciationAndAmortization": 313000000,
        "ebitda": 1020000000,
        "ebitdaratio": 0.0589050589,
        "operatingIncome": 727000000,
        "operatingIncomeRatio": 0.041984292,
        "totalOtherIncomeExpensesNet": -59000000,
        "incomeBeforeTax": 668000000,
        "incomeBeforeTaxRatio": 0.0385770386,
        "incomeTaxExpense": 255000000,
        "netIncome": 413000000,
        "netIncomeRatio": 0.0238507739,
        "eps": 0.44,
        "epsdiluted": 0.43,
        "weightedAverageShsOut": 945300000,
        "weightedAverageShsOutDil": 951200000,
        "link": "",
        "finalLink": ""
    },
    {
        "date": "2012-08-31",
        "symbol": "WBA",
        "reportedCurrency": "USD",
        "cik": "0001618921",
        "fillingDate": "2012-08-31",
        "acceptedDate": "2012-08-31 00:00:00",
        "calendarYear": "2012",
        "period": "Q4",
        "revenue": 17073000000,
        "costOfRevenue": 12238000000,
        "grossProfit": 4835000000,
        "grossProfitRatio": 0.2831956891,
        "researchAndDevelopmentExpenses": 0,
        "generalAndAdministrativeExpenses": 0,
        "sellingAndMarketingExpenses": 0,
        "sellingGeneralAndAdministrativeExpenses": 4249000000,
        "otherExpenses": 0,
        "operatingExpenses": 4249000000,
        "costAndExpenses": 16487000000,
        "interestIncome": 0,
        "interestExpense": 0,
        "depreciationAndAmortization": 310000000,
        "ebitda": 896000000,
        "ebitdaratio": 0.0524805248,
        "operatingIncome": 586000000,
        "operatingIncomeRatio": 0.0343232004,
        "totalOtherIncomeExpensesNet": -37000000,
        "incomeBeforeTax": 549000000,
        "incomeBeforeTaxRatio": 0.0321560358,
        "incomeTaxExpense": 196000000,
        "netIncome": 353000000,
        "netIncomeRatio": 0.020675921,
        "eps": 0.4,
        "epsdiluted": 0.39,
        "weightedAverageShsOut": 889800000,
        "weightedAverageShsOutDil": 895300000,
        "link": "",
        "finalLink": ""
    },
    {
        "date": "2012-05-31",
        "symbol": "WBA",
        "reportedCurrency": "USD",
        "cik": "0001618921",
        "fillingDate": "2012-05-31",
        "acceptedDate": "2012-05-31 00:00:00",
        "calendarYear": "2012",
        "period": "Q3",
        "revenue": 17752000000,
        "costOfRevenue": 12738000000,
        "grossProfit": 5014000000,
        "grossProfitRatio": 0.2824470482,
        "researchAndDevelopmentExpenses": 0,
        "generalAndAdministrativeExpenses": 0,
        "sellingAndMarketingExpenses": 0,
        "sellingGeneralAndAdministrativeExpenses": 4141000000,
        "otherExpenses": 0,
        "operatingExpenses": 4141000000,
        "costAndExpenses": 16879000000,
        "interestIncome": 0,
        "interestExpense": 17000000,
        "depreciationAndAmortization": 296000000,
        "ebitda": 1169000000,
        "ebitdaratio": 0.065851735,
        "operatingIncome": 873000000,
        "operatingIncomeRatio": 0.0491775575,
        "totalOtherIncomeExpensesNet": -17000000,
        "incomeBeforeTax": 856000000,
        "incomeBeforeTaxRatio": 0.0482199189,
        "incomeTaxExpense": 319000000,
        "netIncome": 537000000,
        "netIncomeRatio": 0.0302501127,
        "eps": 0.63,
        "epsdiluted": 0.62,
        "weightedAverageShsOut": 859800000,
        "weightedAverageShsOutDil": 865200000,
        "link": "",
        "finalLink": ""
    },
    {
        "date": "2012-02-29",
        "symbol": "WBA",
        "reportedCurrency": "USD",
        "cik": "0001618921",
        "fillingDate": "2012-02-29",
        "acceptedDate": "2012-02-29 00:00:00",
        "calendarYear": "2012",
        "period": "Q2",
        "revenue": 18651000000,
        "costOfRevenue": 13262000000,
        "grossProfit": 5389000000,
        "grossProfitRatio": 0.2889389309,
        "researchAndDevelopmentExpenses": 0,
        "generalAndAdministrativeExpenses": 0,
        "sellingAndMarketingExpenses": 0,
        "sellingGeneralAndAdministrativeExpenses": 4284000000,
        "otherExpenses": 0,
        "operatingExpenses": 4284000000,
        "costAndExpenses": 17546000000,
        "interestIncome": 0,
        "interestExpense": 17000000,
        "depreciationAndAmortization": 283000000,
        "ebitda": 1388000000,
        "ebitdaratio": 0.0744196022,
        "operatingIncome": 1105000000,
        "operatingIncomeRatio": 0.059246153,
        "totalOtherIncomeExpensesNet": -17000000,
        "incomeBeforeTax": 1088000000,
        "incomeBeforeTaxRatio": 0.0583346737,
        "incomeTaxExpense": 405000000,
        "netIncome": 683000000,
        "netIncomeRatio": 0.0366200204,
        "eps": 0.79,
        "epsdiluted": 0.78,
        "weightedAverageShsOut": 869300000,
        "weightedAverageShsOutDil": 874700000,
        "link": "",
        "finalLink": ""
    },
    {
        "date": "2011-11-30",
        "symbol": "WBA",
        "reportedCurrency": "USD",
        "cik": "0001618921",
        "fillingDate": "2011-11-30",
        "acceptedDate": "2011-11-30 00:00:00",
        "calendarYear": "2012",
        "period": "Q1",
        "revenue": 18157000000,
        "costOfRevenue": 13053000000,
        "grossProfit": 5104000000,
        "grossProfitRatio": 0.2811037066,
        "researchAndDevelopmentExpenses": 0,
        "generalAndAdministrativeExpenses": 0,
        "sellingAndMarketingExpenses": 0,
        "sellingGeneralAndAdministrativeExpenses": 4204000000,
        "otherExpenses": 0,
        "operatingExpenses": 4204000000,
        "costAndExpenses": 17257000000,
        "interestIncome": 0,
        "interestExpense": 17000000,
        "depreciationAndAmortization": 277000000,
        "ebitda": 1177000000,
        "ebitdaratio": 0.0648234841,
        "operatingIncome": 900000000,
        "operatingIncomeRatio": 0.0495676599,
        "totalOtherIncomeExpensesNet": -17000000,
        "incomeBeforeTax": 883000000,
        "incomeBeforeTaxRatio": 0.0486313818,
        "incomeTaxExpense": 329000000,
        "netIncome": 554000000,
        "netIncomeRatio": 0.0305116484,
        "eps": 0.63,
        "epsdiluted": 0.63,
        "weightedAverageShsOut": 879700000,
        "weightedAverageShsOutDil": 885200000,
        "link": "",
        "finalLink": ""
    },
    {
        "date": "2011-08-31",
        "symbol": "WBA",
        "reportedCurrency": "USD",
        "cik": "0001618921",
        "fillingDate": "2011-08-31",
        "acceptedDate": "2011-08-31 00:00:00",
        "calendarYear": "2011",
        "period": "Q4",
        "revenue": 17967000000,
        "costOfRevenue": 12898000000,
        "grossProfit": 5069000000,
        "grossProfitRatio": 0.2821283464,
        "researchAndDevelopmentExpenses": 0,
        "generalAndAdministrativeExpenses": 0,
        "sellingAndMarketingExpenses": 0,
        "sellingGeneralAndAdministrativeExpenses": 4237000000,
        "otherExpenses": -434000000,
        "operatingExpenses": 3803000000,
        "costAndExpenses": 16701000000,
        "interestIncome": 0,
        "interestExpense": 0,
        "depreciationAndAmortization": 288000000,
        "ebitda": 1554000000,
        "ebitdaratio": 0.0864919018,
        "operatingIncome": 1266000000,
        "operatingIncomeRatio": 0.0704625146,
        "totalOtherIncomeExpensesNet": -15000000,
        "incomeBeforeTax": 1251000000,
        "incomeBeforeTaxRatio": 0.0696276507,
        "incomeTaxExpense": 459000000,
        "netIncome": 792000000,
        "netIncomeRatio": 0.0440808148,
        "eps": 0.88,
        "epsdiluted": 0.87,
        "weightedAverageShsOut": 900900000,
        "weightedAverageShsOutDil": 910700000,
        "link": "",
        "finalLink": ""
    },
    {
        "date": "2011-05-31",
        "symbol": "WBA",
        "reportedCurrency": "USD",
        "cik": "0001618921",
        "fillingDate": "2011-05-31",
        "acceptedDate": "2011-05-31 00:00:00",
        "calendarYear": "2011",
        "period": "Q3",
        "revenue": 18371000000,
        "costOfRevenue": 13217000000,
        "grossProfit": 5154000000,
        "grossProfitRatio": 0.2805508682,
        "researchAndDevelopmentExpenses": 0,
        "generalAndAdministrativeExpenses": 0,
        "sellingAndMarketingExpenses": 0,
        "sellingGeneralAndAdministrativeExpenses": 4203000000,
        "otherExpenses": 0,
        "operatingExpenses": 4203000000,
        "costAndExpenses": 17420000000,
        "interestIncome": 0,
        "interestExpense": 18000000,
        "depreciationAndAmortization": 269000000,
        "ebitda": 1220000000,
        "ebitdaratio": 0.0664090142,
        "operatingIncome": 951000000,
        "operatingIncomeRatio": 0.0517663709,
        "totalOtherIncomeExpensesNet": -18000000,
        "incomeBeforeTax": 933000000,
        "incomeBeforeTaxRatio": 0.0507865658,
        "incomeTaxExpense": 330000000,
        "netIncome": 603000000,
        "netIncomeRatio": 0.0328234718,
        "eps": 0.66,
        "epsdiluted": 0.65,
        "weightedAverageShsOut": 911300000,
        "weightedAverageShsOutDil": 922200000,
        "link": "",
        "finalLink": ""
    },
    {
        "date": "2011-02-28",
        "symbol": "WBA",
        "reportedCurrency": "USD",
        "cik": "0001618921",
        "fillingDate": "2011-02-28",
        "acceptedDate": "2011-02-28 00:00:00",
        "calendarYear": "2011",
        "period": "Q2",
        "revenue": 18502000000,
        "costOfRevenue": 13178000000,
        "grossProfit": 5324000000,
        "grossProfitRatio": 0.2877526754,
        "researchAndDevelopmentExpenses": 0,
        "generalAndAdministrativeExpenses": 0,
        "sellingAndMarketingExpenses": 0,
        "sellingGeneralAndAdministrativeExpenses": 4117000000,
        "otherExpenses": 0,
        "operatingExpenses": 4117000000,
        "costAndExpenses": 17295000000,
        "interestIncome": 0,
        "interestExpense": 18000000,
        "depreciationAndAmortization": 256000000,
        "ebitda": 1463000000,
        "ebitdaratio": 0.0790725327,
        "operatingIncome": 1207000000,
        "operatingIncomeRatio": 0.0652361907,
        "totalOtherIncomeExpensesNet": -18000000,
        "incomeBeforeTax": 1189000000,
        "incomeBeforeTaxRatio": 0.0642633229,
        "incomeTaxExpense": 450000000,
        "netIncome": 739000000,
        "netIncomeRatio": 0.0399416279,
        "eps": 0.8,
        "epsdiluted": 0.8,
        "weightedAverageShsOut": 919100000,
        "weightedAverageShsOutDil": 928000000,
        "link": "",
        "finalLink": ""
    },
    {
        "date": "2010-11-30",
        "symbol": "WBA",
        "reportedCurrency": "USD",
        "cik": "0001618921",
        "fillingDate": "2010-11-30",
        "acceptedDate": "2010-11-30 00:00:00",
        "calendarYear": "2011",
        "period": "Q1",
        "revenue": 17344000000,
        "costOfRevenue": 12399000000,
        "grossProfit": 4945000000,
        "grossProfitRatio": 0.2851130074,
        "researchAndDevelopmentExpenses": 0,
        "generalAndAdministrativeExpenses": 0,
        "sellingAndMarketingExpenses": 0,
        "sellingGeneralAndAdministrativeExpenses": 4004000000,
        "otherExpenses": 0,
        "operatingExpenses": 4004000000,
        "costAndExpenses": 16403000000,
        "interestIncome": 0,
        "interestExpense": 20000000,
        "depreciationAndAmortization": 273000000,
        "ebitda": 1214000000,
        "ebitdaratio": 0.0699953875,
        "operatingIncome": 941000000,
        "operatingIncomeRatio": 0.0542550738,
        "totalOtherIncomeExpensesNet": -20000000,
        "incomeBeforeTax": 921000000,
        "incomeBeforeTaxRatio": 0.0531019373,
        "incomeTaxExpense": 341000000,
        "netIncome": 580000000,
        "netIncomeRatio": 0.0334409594,
        "eps": 0.62,
        "epsdiluted": 0.62,
        "weightedAverageShsOut": 928800000,
        "weightedAverageShsOutDil": 934300000,
        "link": "",
        "finalLink": ""
    },
    {
        "date": "2010-08-31",
        "symbol": "WBA",
        "reportedCurrency": "USD",
        "cik": "0001618921",
        "fillingDate": "2010-08-31",
        "acceptedDate": "2010-08-31 00:00:00",
        "calendarYear": "2010",
        "period": "Q4",
        "revenue": 16870000000,
        "costOfRevenue": 12078000000,
        "grossProfit": 4792000000,
        "grossProfitRatio": 0.2840545347,
        "researchAndDevelopmentExpenses": 0,
        "generalAndAdministrativeExpenses": 0,
        "sellingAndMarketingExpenses": 0,
        "sellingGeneralAndAdministrativeExpenses": 4044000000,
        "otherExpenses": 0,
        "operatingExpenses": 4044000000,
        "costAndExpenses": 16122000000,
        "interestIncome": 0,
        "interestExpense": 18000000,
        "depreciationAndAmortization": 262000000,
        "ebitda": 1010000000,
        "ebitdaratio": 0.059869591,
        "operatingIncome": 748000000,
        "operatingIncomeRatio": 0.0443390634,
        "totalOtherIncomeExpensesNet": -18000000,
        "incomeBeforeTax": 730000000,
        "incomeBeforeTaxRatio": 0.0432720806,
        "incomeTaxExpense": 260000000,
        "netIncome": 470000000,
        "netIncomeRatio": 0.0278601067,
        "eps": 0.51,
        "epsdiluted": 0.5,
        "weightedAverageShsOut": 928800000,
        "weightedAverageShsOutDil": 934300000,
        "link": "",
        "finalLink": ""
    },
    {
        "date": "2010-05-31",
        "symbol": "WBA",
        "reportedCurrency": "USD",
        "cik": "0001618921",
        "fillingDate": "2010-05-31",
        "acceptedDate": "2010-05-31 00:00:00",
        "calendarYear": "2010",
        "period": "Q3",
        "revenue": 17199000000,
        "costOfRevenue": 12450000000,
        "grossProfit": 4749000000,
        "grossProfitRatio": 0.2761207047,
        "researchAndDevelopmentExpenses": 0,
        "generalAndAdministrativeExpenses": 0,
        "sellingAndMarketingExpenses": 0,
        "sellingGeneralAndAdministrativeExpenses": 3920000000,
        "otherExpenses": 0,
        "operatingExpenses": 3920000000,
        "costAndExpenses": 16370000000,
        "interestIncome": 0,
        "interestExpense": 24000000,
        "depreciationAndAmortization": 263000000,
        "ebitda": 1092000000,
        "ebitdaratio": 0.0634920635,
        "operatingIncome": 829000000,
        "operatingIncomeRatio": 0.0482004768,
        "totalOtherIncomeExpensesNet": -24000000,
        "incomeBeforeTax": 805000000,
        "incomeBeforeTaxRatio": 0.0468050468,
        "incomeTaxExpense": 342000000,
        "netIncome": 463000000,
        "netIncomeRatio": 0.0269201698,
        "eps": 0.47,
        "epsdiluted": 0.47,
        "weightedAverageShsOut": 976400000,
        "weightedAverageShsOutDil": 982000000,
        "link": "",
        "finalLink": ""
    },
    {
        "date": "2010-02-28",
        "symbol": "WBA",
        "reportedCurrency": "USD",
        "cik": "0001618921",
        "fillingDate": "2010-02-28",
        "acceptedDate": "2010-02-28 00:00:00",
        "calendarYear": "2010",
        "period": "Q2",
        "revenue": 16987000000,
        "costOfRevenue": 12090000000,
        "grossProfit": 4897000000,
        "grossProfitRatio": 0.2882792724,
        "researchAndDevelopmentExpenses": 0,
        "generalAndAdministrativeExpenses": 0,
        "sellingAndMarketingExpenses": 0,
        "sellingGeneralAndAdministrativeExpenses": 3811000000,
        "otherExpenses": 0,
        "operatingExpenses": 3811000000,
        "costAndExpenses": 15901000000,
        "interestIncome": 0,
        "interestExpense": 22000000,
        "depreciationAndAmortization": 248000000,
        "ebitda": 1334000000,
        "ebitdaratio": 0.0785306411,
        "operatingIncome": 1086000000,
        "operatingIncomeRatio": 0.0639312415,
        "totalOtherIncomeExpensesNet": -22000000,
        "incomeBeforeTax": 1064000000,
        "incomeBeforeTaxRatio": 0.0626361335,
        "incomeTaxExpense": 395000000,
        "netIncome": 669000000,
        "netIncomeRatio": 0.0393830576,
        "eps": 0.68,
        "epsdiluted": 0.68,
        "weightedAverageShsOut": 982900000,
        "weightedAverageShsOutDil": 989800000,
        "link": "",
        "finalLink": ""
    },
    {
        "date": "2009-11-30",
        "symbol": "WBA",
        "reportedCurrency": "USD",
        "cik": "0001618921",
        "fillingDate": "2009-11-30",
        "acceptedDate": "2009-11-30 00:00:00",
        "calendarYear": "2010",
        "period": "Q1",
        "revenue": 16364000000,
        "costOfRevenue": 11826000000,
        "grossProfit": 4538000000,
        "grossProfitRatio": 0.2773160596,
        "researchAndDevelopmentExpenses": 0,
        "generalAndAdministrativeExpenses": 0,
        "sellingAndMarketingExpenses": 0,
        "sellingGeneralAndAdministrativeExpenses": 3741000000,
        "otherExpenses": 0,
        "operatingExpenses": 3741000000,
        "costAndExpenses": 15567000000,
        "interestIncome": 0,
        "interestExpense": 21000000,
        "depreciationAndAmortization": 257000000,
        "ebitda": 1054000000,
        "ebitdaratio": 0.0644096798,
        "operatingIncome": 797000000,
        "operatingIncomeRatio": 0.0487044732,
        "totalOtherIncomeExpensesNet": -21000000,
        "incomeBeforeTax": 776000000,
        "incomeBeforeTaxRatio": 0.0474211684,
        "incomeTaxExpense": 287000000,
        "netIncome": 489000000,
        "netIncomeRatio": 0.0298826693,
        "eps": 0.49,
        "epsdiluted": 0.49,
        "weightedAverageShsOut": 988400000,
        "weightedAverageShsOutDil": 993400000,
        "link": "",
        "finalLink": ""
    },
    {
        "date": "2009-08-31",
        "symbol": "WBA",
        "reportedCurrency": "USD",
        "cik": "0001618921",
        "fillingDate": "2009-08-31",
        "acceptedDate": "2009-08-31 00:00:00",
        "calendarYear": "2009",
        "period": "Q4",
        "revenue": 15703000000,
        "costOfRevenue": 11357000000,
        "grossProfit": 4346000000,
        "grossProfitRatio": 0.2767624021,
        "researchAndDevelopmentExpenses": 0,
        "generalAndAdministrativeExpenses": 0,
        "sellingAndMarketingExpenses": 0,
        "sellingGeneralAndAdministrativeExpenses": 3644000000,
        "otherExpenses": 0,
        "operatingExpenses": 3644000000,
        "costAndExpenses": 15001000000,
        "interestIncome": 0,
        "interestExpense": 23000000,
        "depreciationAndAmortization": 234000000,
        "ebitda": 936000000,
        "ebitdaratio": 0.0596064446,
        "operatingIncome": 702000000,
        "operatingIncomeRatio": 0.0447048335,
        "totalOtherIncomeExpensesNet": -23000000,
        "incomeBeforeTax": 679000000,
        "incomeBeforeTaxRatio": 0.0432401452,
        "incomeTaxExpense": 243000000,
        "netIncome": 436000000,
        "netIncomeRatio": 0.0277653951,
        "eps": 0.44,
        "epsdiluted": 0.44,
        "weightedAverageShsOut": 988400000,
        "weightedAverageShsOutDil": 993400000,
        "link": "",
        "finalLink": ""
    },
    {
        "date": "2009-05-31",
        "symbol": "WBA",
        "reportedCurrency": "USD",
        "cik": "0001618921",
        "fillingDate": "2009-05-31",
        "acceptedDate": "2009-05-31 00:00:00",
        "calendarYear": "2009",
        "period": "Q3",
        "revenue": 16210000000,
        "costOfRevenue": 11751000000,
        "grossProfit": 4459000000,
        "grossProfitRatio": 0.2750771129,
        "researchAndDevelopmentExpenses": 0,
        "generalAndAdministrativeExpenses": 0,
        "sellingAndMarketingExpenses": 0,
        "sellingGeneralAndAdministrativeExpenses": 3613000000,
        "otherExpenses": 0,
        "operatingExpenses": 3613000000,
        "costAndExpenses": 15364000000,
        "interestIncome": 0,
        "interestExpense": 25000000,
        "depreciationAndAmortization": 264000000,
        "ebitda": 1110000000,
        "ebitdaratio": 0.0684762492,
        "operatingIncome": 846000000,
        "operatingIncomeRatio": 0.0521900062,
        "totalOtherIncomeExpensesNet": -25000000,
        "incomeBeforeTax": 821000000,
        "incomeBeforeTaxRatio": 0.0506477483,
        "incomeTaxExpense": 299000000,
        "netIncome": 522000000,
        "netIncomeRatio": 0.0322023442,
        "eps": 0.53,
        "epsdiluted": 0.53,
        "weightedAverageShsOut": 992000000,
        "weightedAverageShsOutDil": 993000000,
        "link": "",
        "finalLink": ""
    },
    {
        "date": "2009-02-28",
        "symbol": "WBA",
        "reportedCurrency": "USD",
        "cik": "0001618921",
        "fillingDate": "2009-02-28",
        "acceptedDate": "2009-02-28 00:00:00",
        "calendarYear": "2009",
        "period": "Q2",
        "revenue": 16475000000,
        "costOfRevenue": 11818000000,
        "grossProfit": 4657000000,
        "grossProfitRatio": 0.2826707132,
        "researchAndDevelopmentExpenses": 0,
        "generalAndAdministrativeExpenses": 0,
        "sellingAndMarketingExpenses": 0,
        "sellingGeneralAndAdministrativeExpenses": 3627000000,
        "otherExpenses": 0,
        "operatingExpenses": 3627000000,
        "costAndExpenses": 15445000000,
        "interestIncome": 0,
        "interestExpense": 20000000,
        "depreciationAndAmortization": 241000000,
        "ebitda": 1271000000,
        "ebitdaratio": 0.0771471927,
        "operatingIncome": 1030000000,
        "operatingIncomeRatio": 0.0625189681,
        "totalOtherIncomeExpensesNet": -20000000,
        "incomeBeforeTax": 1010000000,
        "incomeBeforeTaxRatio": 0.0613050076,
        "incomeTaxExpense": 370000000,
        "netIncome": 640000000,
        "netIncomeRatio": 0.0388467375,
        "eps": 0.65,
        "epsdiluted": 0.65,
        "weightedAverageShsOut": 988000000,
        "weightedAverageShsOutDil": 988900000,
        "link": "",
        "finalLink": ""
    },
    {
        "date": "2008-11-30",
        "symbol": "WBA",
        "reportedCurrency": "USD",
        "cik": "0001618921",
        "fillingDate": "2008-11-30",
        "acceptedDate": "2008-11-30 00:00:00",
        "calendarYear": "2009",
        "period": "Q1",
        "revenue": 14947000000,
        "costOfRevenue": 10796000000,
        "grossProfit": 4151000000,
        "grossProfitRatio": 0.2777145916,
        "researchAndDevelopmentExpenses": 0,
        "generalAndAdministrativeExpenses": 0,
        "sellingAndMarketingExpenses": 0,
        "sellingGeneralAndAdministrativeExpenses": 3482000000,
        "otherExpenses": 0,
        "operatingExpenses": 3482000000,
        "costAndExpenses": 14278000000,
        "interestIncome": 0,
        "interestExpense": 0,
        "depreciationAndAmortization": 236000000,
        "ebitda": 905000000,
        "ebitdaratio": 0.060547267,
        "operatingIncome": 669000000,
        "operatingIncomeRatio": 0.0447581454,
        "totalOtherIncomeExpensesNet": -15000000,
        "incomeBeforeTax": 654000000,
        "incomeBeforeTaxRatio": 0.0437545996,
        "incomeTaxExpense": 246000000,
        "netIncome": 408000000,
        "netIncomeRatio": 0.0272964474,
        "eps": 0.41,
        "epsdiluted": 0.41,
        "weightedAverageShsOut": 988600000,
        "weightedAverageShsOutDil": 990200000,
        "link": "",
        "finalLink": ""
    },
    {
        "date": "2008-08-31",
        "symbol": "WBA",
        "reportedCurrency": "USD",
        "cik": "0001618921",
        "fillingDate": "2008-08-31",
        "acceptedDate": "2008-08-31 00:00:00",
        "calendarYear": "2008",
        "period": "Q4",
        "revenue": 14597100000,
        "costOfRevenue": 10542200000,
        "grossProfit": 4054900000,
        "grossProfitRatio": 0.2777880538,
        "researchAndDevelopmentExpenses": 0,
        "generalAndAdministrativeExpenses": 0,
        "sellingAndMarketingExpenses": 0,
        "sellingGeneralAndAdministrativeExpenses": 3344000000,
        "otherExpenses": 0,
        "operatingExpenses": 3344000000,
        "costAndExpenses": 13886200000,
        "interestIncome": 0,
        "interestExpense": 0,
        "depreciationAndAmortization": 232300000,
        "ebitda": 943200000,
        "ebitdaratio": 0.0646155743,
        "operatingIncome": 710900000,
        "operatingIncomeRatio": 0.0487014544,
        "totalOtherIncomeExpensesNet": -7200000,
        "incomeBeforeTax": 703700000,
        "incomeBeforeTaxRatio": 0.0482082057,
        "incomeTaxExpense": 260700000,
        "netIncome": 443000000,
        "netIncomeRatio": 0.0303484939,
        "eps": 0.45,
        "epsdiluted": 0.45,
        "weightedAverageShsOut": 988600000,
        "weightedAverageShsOutDil": 990200000,
        "link": "",
        "finalLink": ""
    },
    {
        "date": "2008-05-31",
        "symbol": "WBA",
        "reportedCurrency": "USD",
        "cik": "0001618921",
        "fillingDate": "2008-05-31",
        "acceptedDate": "2008-05-31 00:00:00",
        "calendarYear": "2008",
        "period": "Q3",
        "revenue": 15015000000,
        "costOfRevenue": 10770000000,
        "grossProfit": 4245000000,
        "grossProfitRatio": 0.2827172827,
        "researchAndDevelopmentExpenses": 0,
        "generalAndAdministrativeExpenses": 0,
        "sellingAndMarketingExpenses": 0,
        "sellingGeneralAndAdministrativeExpenses": 3331000000,
        "otherExpenses": 0,
        "operatingExpenses": 3331000000,
        "costAndExpenses": 14101000000,
        "interestIncome": 0,
        "interestExpense": 2000000,
        "depreciationAndAmortization": 211100000,
        "ebitda": 1124600000,
        "ebitdaratio": 0.0748984349,
        "operatingIncome": 913800000,
        "operatingIncomeRatio": 0.0608591409,
        "totalOtherIncomeExpensesNet": -2000000,
        "incomeBeforeTax": 912300000,
        "incomeBeforeTaxRatio": 0.0607592408,
        "incomeTaxExpense": 340000000,
        "netIncome": 572300000,
        "netIncomeRatio": 0.0381152181,
        "eps": 0.58,
        "epsdiluted": 0.58,
        "weightedAverageShsOut": 990200000,
        "weightedAverageShsOutDil": 994000000,
        "link": "",
        "finalLink": ""
    },
    {
        "date": "2008-02-29",
        "symbol": "WBA",
        "reportedCurrency": "USD",
        "cik": "0001618921",
        "fillingDate": "2008-02-29",
        "acceptedDate": "2008-02-29 00:00:00",
        "calendarYear": "2008",
        "period": "Q2",
        "revenue": 15393600000,
        "costOfRevenue": 10957400000,
        "grossProfit": 4436200000,
        "grossProfitRatio": 0.2881847001,
        "researchAndDevelopmentExpenses": 0,
        "generalAndAdministrativeExpenses": 0,
        "sellingAndMarketingExpenses": 0,
        "sellingGeneralAndAdministrativeExpenses": 3348000000,
        "otherExpenses": 0,
        "operatingExpenses": 3348000000,
        "costAndExpenses": 14305400000,
        "interestIncome": 0,
        "interestExpense": 0,
        "depreciationAndAmortization": 201900000,
        "ebitda": 1289400000,
        "ebitdaratio": 0.0837620829,
        "operatingIncome": 1088200000,
        "operatingIncomeRatio": 0.070691716,
        "totalOtherIncomeExpensesNet": -2500000,
        "incomeBeforeTax": 1085700000,
        "incomeBeforeTaxRatio": 0.0705293109,
        "incomeTaxExpense": 399800000,
        "netIncome": 685900000,
        "netIncomeRatio": 0.0445574784,
        "eps": 0.69,
        "epsdiluted": 0.69,
        "weightedAverageShsOut": 991100000,
        "weightedAverageShsOutDil": 995000000,
        "link": "",
        "finalLink": ""
    },
    {
        "date": "2007-11-30",
        "symbol": "WBA",
        "reportedCurrency": "USD",
        "cik": "0001618921",
        "fillingDate": "2007-11-30",
        "acceptedDate": "2007-11-30 00:00:00",
        "calendarYear": "2008",
        "period": "Q1",
        "revenue": 14028000000,
        "costOfRevenue": 10107000000,
        "grossProfit": 3921000000,
        "grossProfitRatio": 0.2795124038,
        "researchAndDevelopmentExpenses": 0,
        "generalAndAdministrativeExpenses": 0,
        "sellingAndMarketingExpenses": 0,
        "sellingGeneralAndAdministrativeExpenses": 3193000000,
        "otherExpenses": 0,
        "operatingExpenses": 3193000000,
        "costAndExpenses": 13300000000,
        "interestIncome": 0,
        "interestExpense": 0,
        "depreciationAndAmortization": 195000000,
        "ebitda": 923500000,
        "ebitdaratio": 0.0658326205,
        "operatingIncome": 727800000,
        "operatingIncomeRatio": 0.0518819504,
        "totalOtherIncomeExpensesNet": 200000,
        "incomeBeforeTax": 728200000,
        "incomeBeforeTaxRatio": 0.0519104648,
        "incomeTaxExpense": 272700000,
        "netIncome": 455500000,
        "netIncomeRatio": 0.0324707727,
        "eps": 0.46,
        "epsdiluted": 0.46,
        "weightedAverageShsOut": 991300000,
        "weightedAverageShsOutDil": 997500000,
        "link": "",
        "finalLink": ""
    },
    {
        "date": "2007-08-31",
        "symbol": "WBA",
        "reportedCurrency": "USD",
        "cik": "0001618921",
        "fillingDate": "2007-08-31",
        "acceptedDate": "2007-08-31 00:00:00",
        "calendarYear": "2007",
        "period": "Q4",
        "revenue": 13421500000,
        "costOfRevenue": 9666200000,
        "grossProfit": 3755300000,
        "grossProfitRatio": 0.2797973401,
        "researchAndDevelopmentExpenses": 0,
        "generalAndAdministrativeExpenses": 0,
        "sellingAndMarketingExpenses": 0,
        "sellingGeneralAndAdministrativeExpenses": 3151800000,
        "otherExpenses": 0,
        "operatingExpenses": 3151800000,
        "costAndExpenses": 12818000000,
        "interestIncome": 0,
        "interestExpense": 0,
        "depreciationAndAmortization": 180000000,
        "ebitda": 783500000,
        "ebitdaratio": 0.0583764855,
        "operatingIncome": 603500000,
        "operatingIncomeRatio": 0.0449651678,
        "totalOtherIncomeExpensesNet": 6400000,
        "incomeBeforeTax": 609900000,
        "incomeBeforeTaxRatio": 0.0454420147,
        "incomeTaxExpense": 213400000,
        "netIncome": 396500000,
        "netIncomeRatio": 0.0295421525,
        "eps": 0.4,
        "epsdiluted": 0.4,
        "weightedAverageShsOut": 991300000,
        "weightedAverageShsOutDil": 997500000,
        "link": "",
        "finalLink": ""
    },
    {
        "date": "2007-05-31",
        "symbol": "WBA",
        "reportedCurrency": "USD",
        "cik": "0001618921",
        "fillingDate": "2007-05-31",
        "acceptedDate": "2007-05-31 00:00:00",
        "calendarYear": "2007",
        "period": "Q3",
        "revenue": 13698300000,
        "costOfRevenue": 9821100000,
        "grossProfit": 3877200000,
        "grossProfitRatio": 0.2830424213,
        "researchAndDevelopmentExpenses": 0,
        "generalAndAdministrativeExpenses": 0,
        "sellingAndMarketingExpenses": 0,
        "sellingGeneralAndAdministrativeExpenses": 3022400000,
        "otherExpenses": 0,
        "operatingExpenses": 3022400000,
        "costAndExpenses": 12843500000,
        "interestIncome": 0,
        "interestExpense": 0,
        "depreciationAndAmortization": 177200000,
        "ebitda": 1032000000,
        "ebitdaratio": 0.0753378156,
        "operatingIncome": 854800000,
        "operatingIncomeRatio": 0.0624019039,
        "totalOtherIncomeExpensesNet": 11200000,
        "incomeBeforeTax": 866000000,
        "incomeBeforeTaxRatio": 0.0632195236,
        "incomeTaxExpense": 304800000,
        "netIncome": 561200000,
        "netIncomeRatio": 0.0409685873,
        "eps": 0.56,
        "epsdiluted": 0.56,
        "weightedAverageShsOut": 995800000,
        "weightedAverageShsOutDil": 1003400000,
        "link": "",
        "finalLink": ""
    },
    {
        "date": "2007-02-28",
        "symbol": "WBA",
        "reportedCurrency": "USD",
        "cik": "0001618921",
        "fillingDate": "2007-02-28",
        "acceptedDate": "2007-02-28 00:00:00",
        "calendarYear": "2007",
        "period": "Q2",
        "revenue": 13933700000,
        "costOfRevenue": 9897900000,
        "grossProfit": 4035800000,
        "grossProfitRatio": 0.2896430955,
        "researchAndDevelopmentExpenses": 0,
        "generalAndAdministrativeExpenses": 0,
        "sellingAndMarketingExpenses": 0,
        "sellingGeneralAndAdministrativeExpenses": 3015300000,
        "otherExpenses": 0,
        "operatingExpenses": 3015300000,
        "costAndExpenses": 12913200000,
        "interestIncome": 0,
        "interestExpense": 0,
        "depreciationAndAmortization": 158500000,
        "ebitda": 1179000000,
        "ebitdaratio": 0.0846149982,
        "operatingIncome": 1020500000,
        "operatingIncomeRatio": 0.0732396994,
        "totalOtherIncomeExpensesNet": 10200000,
        "incomeBeforeTax": 1030700000,
        "incomeBeforeTaxRatio": 0.0739717376,
        "incomeTaxExpense": 378800000,
        "netIncome": 651900000,
        "netIncomeRatio": 0.0467858501,
        "eps": 0.65,
        "epsdiluted": 0.65,
        "weightedAverageShsOut": 999600000,
        "weightedAverageShsOutDil": 1007200000,
        "link": "",
        "finalLink": ""
    },
    {
        "date": "2006-11-30",
        "symbol": "WBA",
        "reportedCurrency": "USD",
        "cik": "0001618921",
        "fillingDate": "2006-11-30",
        "acceptedDate": "2006-11-30 00:00:00",
        "calendarYear": "2007",
        "period": "Q1",
        "revenue": 12708500000,
        "costOfRevenue": 9132900000,
        "grossProfit": 3575600000,
        "grossProfitRatio": 0.2813549986,
        "researchAndDevelopmentExpenses": 0,
        "generalAndAdministrativeExpenses": 0,
        "sellingAndMarketingExpenses": 0,
        "sellingGeneralAndAdministrativeExpenses": 2903700000,
        "otherExpenses": 0,
        "operatingExpenses": 2903700000,
        "costAndExpenses": 12036600000,
        "interestIncome": 0,
        "interestExpense": 0,
        "depreciationAndAmortization": 160200000,
        "ebitda": 832100000,
        "ebitdaratio": 0.0654758626,
        "operatingIncome": 671900000,
        "operatingIncomeRatio": 0.0528701263,
        "totalOtherIncomeExpensesNet": 10600000,
        "incomeBeforeTax": 682500000,
        "incomeBeforeTaxRatio": 0.0537042137,
        "incomeTaxExpense": 250800000,
        "netIncome": 431700000,
        "netIncomeRatio": 0.0339693906,
        "eps": 0.43,
        "epsdiluted": 0.43,
        "weightedAverageShsOut": 1005200000,
        "weightedAverageShsOutDil": 1013400000,
        "link": "",
        "finalLink": ""
    },
    {
        "date": "2006-08-31",
        "symbol": "WBA",
        "reportedCurrency": "USD",
        "cik": "0001618921",
        "fillingDate": "2006-08-31",
        "acceptedDate": "2006-08-31 00:00:00",
        "calendarYear": "2006",
        "period": "Q4",
        "revenue": 12170300000,
        "costOfRevenue": 8806700000,
        "grossProfit": 3363600000,
        "grossProfitRatio": 0.2763777393,
        "researchAndDevelopmentExpenses": 0,
        "generalAndAdministrativeExpenses": 0,
        "sellingAndMarketingExpenses": 0,
        "sellingGeneralAndAdministrativeExpenses": 2732400000,
        "otherExpenses": 0,
        "operatingExpenses": 2732400000,
        "costAndExpenses": 11539100000,
        "interestIncome": 0,
        "interestExpense": 0,
        "depreciationAndAmortization": 163500000,
        "ebitda": 794700000,
        "ebitdaratio": 0.0652983082,
        "operatingIncome": 631200000,
        "operatingIncomeRatio": 0.0518639639,
        "totalOtherIncomeExpensesNet": 20200000,
        "incomeBeforeTax": 651400000,
        "incomeBeforeTaxRatio": 0.0535237422,
        "incomeTaxExpense": 239100000,
        "netIncome": 412300000,
        "netIncomeRatio": 0.0338775544,
        "eps": 0.41,
        "epsdiluted": 0.41,
        "weightedAverageShsOut": 1005200000,
        "weightedAverageShsOutDil": 1013400000,
        "link": "",
        "finalLink": ""
    },
    {
        "date": "2006-05-31",
        "symbol": "WBA",
        "reportedCurrency": "USD",
        "cik": "0001618921",
        "fillingDate": "2006-05-31",
        "acceptedDate": "2006-05-31 00:00:00",
        "calendarYear": "2006",
        "period": "Q3",
        "revenue": 12175200000,
        "costOfRevenue": 8832000000,
        "grossProfit": 3343200000,
        "grossProfitRatio": 0.2745909718,
        "researchAndDevelopmentExpenses": 0,
        "generalAndAdministrativeExpenses": 0,
        "sellingAndMarketingExpenses": 0,
        "sellingGeneralAndAdministrativeExpenses": 2635600000,
        "otherExpenses": 0,
        "operatingExpenses": 2635600000,
        "costAndExpenses": 11467600000,
        "interestIncome": 0,
        "interestExpense": 0,
        "depreciationAndAmortization": 137000000,
        "ebitda": 707600000,
        "ebitdaratio": 0.0581181418,
        "operatingIncome": 707600000,
        "operatingIncomeRatio": 0.0581181418,
        "totalOtherIncomeExpensesNet": 15600000,
        "incomeBeforeTax": 723200000,
        "incomeBeforeTaxRatio": 0.0593994349,
        "incomeTaxExpense": 254000000,
        "netIncome": 469200000,
        "netIncomeRatio": 0.0385373546,
        "eps": 0.46,
        "epsdiluted": 0.46,
        "weightedAverageShsOut": 1008800000,
        "weightedAverageShsOutDil": 1017900000,
        "link": "",
        "finalLink": ""
    },
    {
        "date": "2006-02-28",
        "symbol": "WBA",
        "reportedCurrency": "USD",
        "cik": "0001618921",
        "fillingDate": "2006-02-28",
        "acceptedDate": "2006-02-28 00:00:00",
        "calendarYear": "2006",
        "period": "Q2",
        "revenue": 12163100000,
        "costOfRevenue": 8703800000,
        "grossProfit": 3459300000,
        "grossProfitRatio": 0.2844094022,
        "researchAndDevelopmentExpenses": 0,
        "generalAndAdministrativeExpenses": 0,
        "sellingAndMarketingExpenses": 0,
        "sellingGeneralAndAdministrativeExpenses": 2638400000,
        "otherExpenses": 0,
        "operatingExpenses": 2638400000,
        "costAndExpenses": 11342200000,
        "interestIncome": 0,
        "interestExpense": 0,
        "depreciationAndAmortization": 138700000,
        "ebitda": 820900000,
        "ebitdaratio": 0.0674910179,
        "operatingIncome": 820900000,
        "operatingIncomeRatio": 0.0674910179,
        "totalOtherIncomeExpensesNet": 10000000,
        "incomeBeforeTax": 830900000,
        "incomeBeforeTaxRatio": 0.0683131767,
        "incomeTaxExpense": 307400000,
        "netIncome": 523500000,
        "netIncomeRatio": 0.0430400145,
        "eps": 0.52,
        "epsdiluted": 0.51,
        "weightedAverageShsOut": 1010700000,
        "weightedAverageShsOutDil": 1020000000,
        "link": "",
        "finalLink": ""
    },
    {
        "date": "2005-11-30",
        "symbol": "WBA",
        "reportedCurrency": "USD",
        "cik": "0001618921",
        "fillingDate": "2005-11-30",
        "acceptedDate": "2005-11-30 00:00:00",
        "calendarYear": "2006",
        "period": "Q1",
        "revenue": 10900400000,
        "costOfRevenue": 7897900000,
        "grossProfit": 3002500000,
        "grossProfitRatio": 0.2754486074,
        "researchAndDevelopmentExpenses": 0,
        "generalAndAdministrativeExpenses": 0,
        "sellingAndMarketingExpenses": 0,
        "sellingGeneralAndAdministrativeExpenses": 2460700000,
        "otherExpenses": 0,
        "operatingExpenses": 2460700000,
        "costAndExpenses": 10358600000,
        "interestIncome": 0,
        "interestExpense": 0,
        "depreciationAndAmortization": 133000000,
        "ebitda": 541800000,
        "ebitdaratio": 0.049704598,
        "operatingIncome": 541800000,
        "operatingIncomeRatio": 0.049704598,
        "totalOtherIncomeExpensesNet": 6800000,
        "incomeBeforeTax": 548600000,
        "incomeBeforeTaxRatio": 0.0503284283,
        "incomeTaxExpense": 203000000,
        "netIncome": 345600000,
        "netIncomeRatio": 0.0317052585,
        "eps": 0.34,
        "epsdiluted": 0.34,
        "weightedAverageShsOut": 1012800000,
        "weightedAverageShsOutDil": 1022300000,
        "link": "",
        "finalLink": ""
    },
    {
        "date": "2005-08-31",
        "symbol": "WBA",
        "reportedCurrency": "USD",
        "cik": "0001618921",
        "fillingDate": "2005-08-31",
        "acceptedDate": "2005-08-31 00:00:00",
        "calendarYear": "2005",
        "period": "Q4",
        "revenue": 10494900000,
        "costOfRevenue": 7561800000,
        "grossProfit": 2933100000,
        "grossProfitRatio": 0.2794786039,
        "researchAndDevelopmentExpenses": 0,
        "generalAndAdministrativeExpenses": 0,
        "sellingAndMarketingExpenses": 0,
        "sellingGeneralAndAdministrativeExpenses": 2408600000,
        "otherExpenses": 0,
        "operatingExpenses": 2408600000,
        "costAndExpenses": 9970400000,
        "interestIncome": 0,
        "interestExpense": 0,
        "depreciationAndAmortization": 0,
        "ebitda": 524500000,
        "ebitdaratio": 0.0499766553,
        "operatingIncome": 524500000,
        "operatingIncomeRatio": 0.0499766553,
        "totalOtherIncomeExpensesNet": -17400000,
        "incomeBeforeTax": 507100000,
        "incomeBeforeTaxRatio": 0.0483187072,
        "incomeTaxExpense": 178100000,
        "netIncome": 329000000,
        "netIncomeRatio": 0.0313485598,
        "eps": 0.32,
        "epsdiluted": 0.32,
        "weightedAverageShsOut": 1012800000,
        "weightedAverageShsOutDil": 1022300000,
        "link": "",
        "finalLink": ""
    },
    {
        "date": "2005-05-31",
        "symbol": "WBA",
        "reportedCurrency": "USD",
        "cik": "0001618921",
        "fillingDate": "2005-05-31",
        "acceptedDate": "2005-05-31 00:00:00",
        "calendarYear": "2005",
        "period": "Q3",
        "revenue": 10830600000,
        "costOfRevenue": 7814400000,
        "grossProfit": 3016200000,
        "grossProfitRatio": 0.2784887264,
        "researchAndDevelopmentExpenses": 0,
        "generalAndAdministrativeExpenses": 0,
        "sellingAndMarketingExpenses": 0,
        "sellingGeneralAndAdministrativeExpenses": 2372100000,
        "otherExpenses": 0,
        "operatingExpenses": 2372100000,
        "costAndExpenses": 10186500000,
        "interestIncome": 0,
        "interestExpense": 0,
        "depreciationAndAmortization": 0,
        "ebitda": 630900000,
        "ebitdaratio": 0.0582516204,
        "operatingIncome": 637500000,
        "operatingIncomeRatio": 0.0588610049,
        "totalOtherIncomeExpensesNet": 10900000,
        "incomeBeforeTax": 655000000,
        "incomeBeforeTaxRatio": 0.0604767972,
        "incomeTaxExpense": 244000000,
        "netIncome": 411000000,
        "netIncomeRatio": 0.0379480361,
        "eps": 0.41,
        "epsdiluted": 0.4,
        "weightedAverageShsOut": 1019500000,
        "weightedAverageShsOutDil": 1029100000,
        "link": "",
        "finalLink": ""
    },
    {
        "date": "2005-02-28",
        "symbol": "WBA",
        "reportedCurrency": "USD",
        "cik": "0001618921",
        "fillingDate": "2005-02-28",
        "acceptedDate": "2005-02-28 00:00:00",
        "calendarYear": "2005",
        "period": "Q2",
        "revenue": 10987000000,
        "costOfRevenue": 7856400000,
        "grossProfit": 3130600000,
        "grossProfitRatio": 0.2849367434,
        "researchAndDevelopmentExpenses": 0,
        "generalAndAdministrativeExpenses": 0,
        "sellingAndMarketingExpenses": 0,
        "sellingGeneralAndAdministrativeExpenses": 2359700000,
        "otherExpenses": 0,
        "operatingExpenses": 2359700000,
        "costAndExpenses": 10216100000,
        "interestIncome": 0,
        "interestExpense": 0,
        "depreciationAndAmortization": 0,
        "ebitda": 766200000,
        "ebitdaratio": 0.0697369619,
        "operatingIncome": 770900000,
        "operatingIncomeRatio": 0.0701647401,
        "totalOtherIncomeExpensesNet": 11400000,
        "incomeBeforeTax": 782300000,
        "incomeBeforeTaxRatio": 0.07120233,
        "incomeTaxExpense": 291400000,
        "netIncome": 490900000,
        "netIncomeRatio": 0.0446800765,
        "eps": 0.48,
        "epsdiluted": 0.48,
        "weightedAverageShsOut": 1021600000,
        "weightedAverageShsOutDil": 1029600000,
        "link": "",
        "finalLink": ""
    },
    {
        "date": "2004-11-30",
        "symbol": "WBA",
        "reportedCurrency": "USD",
        "cik": "0001618921",
        "fillingDate": "2004-11-30",
        "acceptedDate": "2004-11-30 00:00:00",
        "calendarYear": "2005",
        "period": "Q1",
        "revenue": 9889100000,
        "costOfRevenue": 7181200000,
        "grossProfit": 2707900000,
        "grossProfitRatio": 0.2738267385,
        "researchAndDevelopmentExpenses": 0,
        "generalAndAdministrativeExpenses": 0,
        "sellingAndMarketingExpenses": 0,
        "sellingGeneralAndAdministrativeExpenses": 2201800000,
        "otherExpenses": 0,
        "operatingExpenses": 2201800000,
        "costAndExpenses": 9383000000,
        "interestIncome": 0,
        "interestExpense": 0,
        "depreciationAndAmortization": 0,
        "ebitda": 482600000,
        "ebitdaratio": 0.0488012054,
        "operatingIncome": 497600000,
        "operatingIncomeRatio": 0.0503180269,
        "totalOtherIncomeExpensesNet": 5100000,
        "incomeBeforeTax": 517700000,
        "incomeBeforeTaxRatio": 0.0523505678,
        "incomeTaxExpense": 185000000,
        "netIncome": 332700000,
        "netIncomeRatio": 0.033643102,
        "eps": 0.32,
        "epsdiluted": 0.32,
        "weightedAverageShsOut": 1022600000,
        "weightedAverageShsOutDil": 1029400000,
        "link": "",
        "finalLink": ""
    },
    {
        "date": "2004-08-31",
        "symbol": "WBA",
        "reportedCurrency": "USD",
        "cik": "0001618921",
        "fillingDate": "2004-08-31",
        "acceptedDate": "2004-08-31 00:00:00",
        "calendarYear": "2004",
        "period": "Q4",
        "revenue": 9426700000,
        "costOfRevenue": 6812400000,
        "grossProfit": 2614300000,
        "grossProfitRatio": 0.2773292881,
        "researchAndDevelopmentExpenses": 0,
        "generalAndAdministrativeExpenses": 0,
        "sellingAndMarketingExpenses": 0,
        "sellingGeneralAndAdministrativeExpenses": 2098300000,
        "otherExpenses": 0,
        "operatingExpenses": 2098300000,
        "costAndExpenses": 8910700000,
        "interestIncome": 0,
        "interestExpense": 0,
        "depreciationAndAmortization": 0,
        "ebitda": 515400000,
        "ebitdaratio": 0.0546744884,
        "operatingIncome": 516000000,
        "operatingIncomeRatio": 0.0547381374,
        "totalOtherIncomeExpensesNet": 7500000,
        "incomeBeforeTax": 523500000,
        "incomeBeforeTaxRatio": 0.0555337499,
        "incomeTaxExpense": 196300000,
        "netIncome": 327200000,
        "netIncomeRatio": 0.0347099197,
        "eps": 0.32,
        "epsdiluted": 0.32,
        "weightedAverageShsOut": 1022600000,
        "weightedAverageShsOutDil": 1029400000,
        "link": "",
        "finalLink": ""
    },
    {
        "date": "2004-05-31",
        "symbol": "WBA",
        "reportedCurrency": "USD",
        "cik": "0001618921",
        "fillingDate": "2004-05-31",
        "acceptedDate": "2004-05-31 00:00:00",
        "calendarYear": "2004",
        "period": "Q3",
        "revenue": 9578500000,
        "costOfRevenue": 7000700000,
        "grossProfit": 2577800000,
        "grossProfitRatio": 0.269123558,
        "researchAndDevelopmentExpenses": 0,
        "generalAndAdministrativeExpenses": 0,
        "sellingAndMarketingExpenses": 0,
        "sellingGeneralAndAdministrativeExpenses": 2036800000,
        "otherExpenses": 0,
        "operatingExpenses": 2036800000,
        "costAndExpenses": 9037500000,
        "interestIncome": 0,
        "interestExpense": 0,
        "depreciationAndAmortization": 0,
        "ebitda": 541000000,
        "ebitdaratio": 0.0564806598,
        "operatingIncome": 544700000,
        "operatingIncomeRatio": 0.0568669416,
        "totalOtherIncomeExpensesNet": 6600000,
        "incomeBeforeTax": 551300000,
        "incomeBeforeTaxRatio": 0.0575559848,
        "incomeTaxExpense": 206700000,
        "netIncome": 344600000,
        "netIncomeRatio": 0.0359764055,
        "eps": 0.33,
        "epsdiluted": 0.33,
        "weightedAverageShsOut": 1023300000,
        "weightedAverageShsOutDil": 1030300000,
        "link": "",
        "finalLink": ""
    },
    {
        "date": "2004-02-29",
        "symbol": "WBA",
        "reportedCurrency": "USD",
        "cik": "0001618921",
        "fillingDate": "2004-02-29",
        "acceptedDate": "2004-02-29 00:00:00",
        "calendarYear": "2004",
        "period": "Q2",
        "revenue": 9782200000,
        "costOfRevenue": 7076600000,
        "grossProfit": 2705600000,
        "grossProfitRatio": 0.2765839995,
        "researchAndDevelopmentExpenses": 0,
        "generalAndAdministrativeExpenses": 0,
        "sellingAndMarketingExpenses": 0,
        "sellingGeneralAndAdministrativeExpenses": 2031600000,
        "otherExpenses": 0,
        "operatingExpenses": 2031600000,
        "costAndExpenses": 9108200000,
        "interestIncome": 0,
        "interestExpense": 0,
        "depreciationAndAmortization": 0,
        "ebitda": 664300000,
        "ebitdaratio": 0.0679090593,
        "operatingIncome": 677000000,
        "operatingIncomeRatio": 0.0692073358,
        "totalOtherIncomeExpensesNet": 16700000,
        "incomeBeforeTax": 693700000,
        "incomeBeforeTaxRatio": 0.0709145182,
        "incomeTaxExpense": 260200000,
        "netIncome": 433500000,
        "netIncomeRatio": 0.0443151847,
        "eps": 0.42,
        "epsdiluted": 0.42,
        "weightedAverageShsOut": 1024200000,
        "weightedAverageShsOutDil": 1032400000,
        "link": "",
        "finalLink": ""
    },
    {
        "date": "2003-11-30",
        "symbol": "WBA",
        "reportedCurrency": "USD",
        "cik": "0001618921",
        "fillingDate": "2003-11-30",
        "acceptedDate": "2003-11-30 00:00:00",
        "calendarYear": "2004",
        "period": "Q1",
        "revenue": 8720800000,
        "costOfRevenue": 6420700000,
        "grossProfit": 2300100000,
        "grossProfitRatio": 0.2637487386,
        "researchAndDevelopmentExpenses": 0,
        "generalAndAdministrativeExpenses": 0,
        "sellingAndMarketingExpenses": 0,
        "sellingGeneralAndAdministrativeExpenses": 1895100000,
        "otherExpenses": 0,
        "operatingExpenses": 1895100000,
        "costAndExpenses": 8315800000,
        "interestIncome": 0,
        "interestExpense": 0,
        "depreciationAndAmortization": 0,
        "ebitda": 405000000,
        "ebitdaratio": 0.0464406935,
        "operatingIncome": 405000000,
        "operatingIncomeRatio": 0.0464406935,
        "totalOtherIncomeExpensesNet": 2800000,
        "incomeBeforeTax": 407800000,
        "incomeBeforeTaxRatio": 0.046761765,
        "incomeTaxExpense": 152900000,
        "netIncome": 254900000,
        "netIncomeRatio": 0.0292289698,
        "eps": 0.25,
        "epsdiluted": 0.25,
        "weightedAverageShsOut": 1025000000,
        "weightedAverageShsOutDil": 1032200000,
        "link": "",
        "finalLink": ""
    },
    {
        "date": "2003-08-31",
        "symbol": "WBA",
        "reportedCurrency": "USD",
        "cik": "0001618921",
        "fillingDate": "2003-08-31",
        "acceptedDate": "2003-08-31 00:00:00",
        "calendarYear": "2003",
        "period": "Q4",
        "revenue": 8246400000,
        "costOfRevenue": 6021000000,
        "grossProfit": 2225400000,
        "grossProfitRatio": 0.269863213,
        "researchAndDevelopmentExpenses": 0,
        "generalAndAdministrativeExpenses": 0,
        "sellingAndMarketingExpenses": 0,
        "sellingGeneralAndAdministrativeExpenses": 1783700000,
        "otherExpenses": 0,
        "operatingExpenses": 1783700000,
        "costAndExpenses": 7804700000,
        "interestIncome": 0,
        "interestExpense": 0,
        "depreciationAndAmortization": 0,
        "ebitda": 441100000,
        "ebitdaratio": 0.0534900078,
        "operatingIncome": 441700000,
        "operatingIncomeRatio": 0.0535627668,
        "totalOtherIncomeExpensesNet": 3500000,
        "incomeBeforeTax": 445200000,
        "incomeBeforeTaxRatio": 0.0539871944,
        "incomeTaxExpense": 168100000,
        "netIncome": 277100000,
        "netIncomeRatio": 0.0336025417,
        "eps": 0.27,
        "epsdiluted": 0.27,
        "weightedAverageShsOut": 1025000000,
        "weightedAverageShsOutDil": 1032200000,
        "link": "",
        "finalLink": ""
    },
    {
        "date": "2003-05-31",
        "symbol": "WBA",
        "reportedCurrency": "USD",
        "cik": "0001618921",
        "fillingDate": "2003-05-31",
        "acceptedDate": "2003-05-31 00:00:00",
        "calendarYear": "2003",
        "period": "Q3",
        "revenue": 8328000000,
        "costOfRevenue": 6098000000,
        "grossProfit": 2230000000,
        "grossProfitRatio": 0.2677713737,
        "researchAndDevelopmentExpenses": 0,
        "generalAndAdministrativeExpenses": 0,
        "sellingAndMarketingExpenses": 0,
        "sellingGeneralAndAdministrativeExpenses": 1769300000,
        "otherExpenses": 0,
        "operatingExpenses": 1769300000,
        "costAndExpenses": 7867300000,
        "interestIncome": 0,
        "interestExpense": 0,
        "depreciationAndAmortization": 0,
        "ebitda": 448700000,
        "ebitdaratio": 0.0538784822,
        "operatingIncome": 460700000,
        "operatingIncomeRatio": 0.0553194044,
        "totalOtherIncomeExpensesNet": 15000000,
        "incomeBeforeTax": 475700000,
        "incomeBeforeTaxRatio": 0.0571205572,
        "incomeTaxExpense": 179600000,
        "netIncome": 296100000,
        "netIncomeRatio": 0.035554755,
        "eps": 0.29,
        "epsdiluted": 0.29,
        "weightedAverageShsOut": 1024900000,
        "weightedAverageShsOutDil": 1031100000,
        "link": "",
        "finalLink": ""
    },
    {
        "date": "2003-02-28",
        "symbol": "WBA",
        "reportedCurrency": "USD",
        "cik": "0001618921",
        "fillingDate": "2003-02-28",
        "acceptedDate": "2003-02-28 00:00:00",
        "calendarYear": "2003",
        "period": "Q2",
        "revenue": 8446100000,
        "costOfRevenue": 6098000000,
        "grossProfit": 2348100000,
        "grossProfitRatio": 0.2780099691,
        "researchAndDevelopmentExpenses": 0,
        "generalAndAdministrativeExpenses": 0,
        "sellingAndMarketingExpenses": 0,
        "sellingGeneralAndAdministrativeExpenses": 1754900000,
        "otherExpenses": 0,
        "operatingExpenses": 1754900000,
        "costAndExpenses": 7852900000,
        "interestIncome": 0,
        "interestExpense": 0,
        "depreciationAndAmortization": 0,
        "ebitda": 592900000,
        "ebitdaratio": 0.0701980796,
        "operatingIncome": 593200000,
        "operatingIncomeRatio": 0.0702335989,
        "totalOtherIncomeExpensesNet": 2600000,
        "incomeBeforeTax": 595800000,
        "incomeBeforeTaxRatio": 0.0705414333,
        "incomeTaxExpense": 224900000,
        "netIncome": 370900000,
        "netIncomeRatio": 0.043913759,
        "eps": 0.36,
        "epsdiluted": 0.36,
        "weightedAverageShsOut": 1024900000,
        "weightedAverageShsOutDil": 1031000000,
        "link": "",
        "finalLink": ""
    },
    {
        "date": "2002-11-30",
        "symbol": "WBA",
        "reportedCurrency": "USD",
        "cik": "0001618921",
        "fillingDate": "2002-11-30",
        "acceptedDate": "2002-11-30 00:00:00",
        "calendarYear": "2003",
        "period": "Q1",
        "revenue": 7484900000,
        "costOfRevenue": 5489200000,
        "grossProfit": 1995700000,
        "grossProfitRatio": 0.2666301487,
        "researchAndDevelopmentExpenses": 0,
        "generalAndAdministrativeExpenses": 0,
        "sellingAndMarketingExpenses": 0,
        "sellingGeneralAndAdministrativeExpenses": 1643000000,
        "otherExpenses": 0,
        "operatingExpenses": 1643000000,
        "costAndExpenses": 7132200000,
        "interestIncome": 0,
        "interestExpense": 0,
        "depreciationAndAmortization": 0,
        "ebitda": 336000000,
        "ebitdaratio": 0.0448903793,
        "operatingIncome": 352700000,
        "operatingIncomeRatio": 0.047121538,
        "totalOtherIncomeExpensesNet": 19300000,
        "incomeBeforeTax": 372000000,
        "incomeBeforeTaxRatio": 0.0497000628,
        "incomeTaxExpense": 140400000,
        "netIncome": 231600000,
        "netIncomeRatio": 0.0309422972,
        "eps": 0.23,
        "epsdiluted": 0.22,
        "weightedAverageShsOut": 1024900000,
        "weightedAverageShsOutDil": 1032400000,
        "link": "",
        "finalLink": ""
    },
    {
        "date": "2002-08-31",
        "symbol": "WBA",
        "reportedCurrency": "USD",
        "cik": "0001618921",
        "fillingDate": "2002-08-31",
        "acceptedDate": "2002-08-31 00:00:00",
        "calendarYear": "2002",
        "period": "Q4",
        "revenue": 7235300000,
        "costOfRevenue": 5299300000,
        "grossProfit": 1936000000,
        "grossProfitRatio": 0.2675770182,
        "researchAndDevelopmentExpenses": 0,
        "generalAndAdministrativeExpenses": 0,
        "sellingAndMarketingExpenses": 0,
        "sellingGeneralAndAdministrativeExpenses": 1541300000,
        "otherExpenses": 0,
        "operatingExpenses": 1541300000,
        "costAndExpenses": 6840600000,
        "interestIncome": 0,
        "interestExpense": 0,
        "depreciationAndAmortization": 0,
        "ebitda": 394000000,
        "ebitdaratio": 0.0544552403,
        "operatingIncome": 394700000,
        "operatingIncomeRatio": 0.0545519882,
        "totalOtherIncomeExpensesNet": 3300000,
        "incomeBeforeTax": 398000000,
        "incomeBeforeTaxRatio": 0.0550080854,
        "incomeTaxExpense": 150300000,
        "netIncome": 247700000,
        "netIncomeRatio": 0.0342349315,
        "eps": 0.24,
        "epsdiluted": 0.24,
        "weightedAverageShsOut": 1024900000,
        "weightedAverageShsOutDil": 1032400000,
        "link": null,
        "finalLink": null
    },
    {
        "date": "2002-05-31",
        "symbol": "WBA",
        "reportedCurrency": "USD",
        "cik": "0001618921",
        "fillingDate": "2002-05-31",
        "acceptedDate": "2002-05-31 00:00:00",
        "calendarYear": "2002",
        "period": "Q3",
        "revenue": 7397900000,
        "costOfRevenue": 5460700000,
        "grossProfit": 1937200000,
        "grossProfitRatio": 0.2618580949,
        "researchAndDevelopmentExpenses": 0,
        "generalAndAdministrativeExpenses": 0,
        "sellingAndMarketingExpenses": 0,
        "sellingGeneralAndAdministrativeExpenses": 1523100000,
        "otherExpenses": 0,
        "operatingExpenses": 1523100000,
        "costAndExpenses": 6983800000,
        "interestIncome": 0,
        "interestExpense": 0,
        "depreciationAndAmortization": 0,
        "ebitda": 414100000,
        "ebitdaratio": 0.0559753444,
        "operatingIncome": 414100000,
        "operatingIncomeRatio": 0.0559753444,
        "totalOtherIncomeExpensesNet": 1900000,
        "incomeBeforeTax": 416000000,
        "incomeBeforeTaxRatio": 0.056232174,
        "incomeTaxExpense": 157000000,
        "netIncome": 259000000,
        "netIncomeRatio": 0.0350099353,
        "eps": 0.25,
        "epsdiluted": 0.25,
        "weightedAverageShsOut": 1023600000,
        "weightedAverageShsOutDil": 1033900000,
        "link": null,
        "finalLink": null
    },
    {
        "date": "2002-02-28",
        "symbol": "WBA",
        "reportedCurrency": "USD",
        "cik": "0001618921",
        "fillingDate": "2002-02-28",
        "acceptedDate": "2002-02-28 00:00:00",
        "calendarYear": "2002",
        "period": "Q2",
        "revenue": 7488500000,
        "costOfRevenue": 5454600000,
        "grossProfit": 2033900000,
        "grossProfitRatio": 0.2716031248,
        "researchAndDevelopmentExpenses": 0,
        "generalAndAdministrativeExpenses": 0,
        "sellingAndMarketingExpenses": 0,
        "sellingGeneralAndAdministrativeExpenses": 1510500000,
        "otherExpenses": 0,
        "operatingExpenses": 1510500000,
        "costAndExpenses": 6965100000,
        "interestIncome": 0,
        "interestExpense": 0,
        "depreciationAndAmortization": 0,
        "ebitda": 523400000,
        "ebitdaratio": 0.0698938372,
        "operatingIncome": 523400000,
        "operatingIncomeRatio": 0.0698938372,
        "totalOtherIncomeExpensesNet": 1200000,
        "incomeBeforeTax": 524600000,
        "incomeBeforeTaxRatio": 0.0700540829,
        "incomeTaxExpense": 198000000,
        "netIncome": 326600000,
        "netIncomeRatio": 0.0436135408,
        "eps": 0.32,
        "epsdiluted": 0.32,
        "weightedAverageShsOut": 1022100000,
        "weightedAverageShsOutDil": 1031800000,
        "link": null,
        "finalLink": null
    },
    {
        "date": "2001-11-30",
        "symbol": "WBA",
        "reportedCurrency": "USD",
        "cik": "0001618921",
        "fillingDate": "2001-11-30",
        "acceptedDate": "2001-11-30 00:00:00",
        "calendarYear": "2002",
        "period": "Q1",
        "revenue": 6559400000,
        "costOfRevenue": 4861500000,
        "grossProfit": 1697900000,
        "grossProfitRatio": 0.2588498948,
        "researchAndDevelopmentExpenses": 0,
        "generalAndAdministrativeExpenses": 0,
        "sellingAndMarketingExpenses": 0,
        "sellingGeneralAndAdministrativeExpenses": 1405900000,
        "otherExpenses": 0,
        "operatingExpenses": 1405900000,
        "costAndExpenses": 6267400000,
        "interestIncome": 0,
        "interestExpense": 0,
        "depreciationAndAmortization": 0,
        "ebitda": 286500000,
        "ebitdaratio": 0.0436777754,
        "operatingIncome": 292000000,
        "operatingIncomeRatio": 0.0445162667,
        "totalOtherIncomeExpensesNet": 6700000,
        "incomeBeforeTax": 298700000,
        "incomeBeforeTaxRatio": 0.0455377016,
        "incomeTaxExpense": 112800000,
        "netIncome": 185900000,
        "netIncomeRatio": 0.0283410068,
        "eps": 0.18,
        "epsdiluted": 0.18,
        "weightedAverageShsOut": 1020100000,
        "weightedAverageShsOutDil": 1029900000,
        "link": null,
        "finalLink": null
    },
    {
        "date": "2001-08-31",
        "symbol": "WBA",
        "reportedCurrency": "USD",
        "cik": "0001618921",
        "fillingDate": "2001-08-31",
        "acceptedDate": "2001-08-31 00:00:00",
        "calendarYear": "2001",
        "period": "Q4",
        "revenue": 6283600000,
        "costOfRevenue": 4620000000,
        "grossProfit": 1663600000,
        "grossProfitRatio": 0.2647526895,
        "researchAndDevelopmentExpenses": 0,
        "generalAndAdministrativeExpenses": 0,
        "sellingAndMarketingExpenses": 0,
        "sellingGeneralAndAdministrativeExpenses": 1325300000,
        "otherExpenses": 0,
        "operatingExpenses": 1325300000,
        "costAndExpenses": 5945300000,
        "interestIncome": 0,
        "interestExpense": 0,
        "depreciationAndAmortization": 0,
        "ebitda": 338300000,
        "ebitdaratio": 0.0538385639,
        "operatingIncome": 338300000,
        "operatingIncomeRatio": 0.0538385639,
        "totalOtherIncomeExpensesNet": 1500000,
        "incomeBeforeTax": 339800000,
        "incomeBeforeTaxRatio": 0.0540772805,
        "incomeTaxExpense": 122900000,
        "netIncome": 216900000,
        "netIncomeRatio": 0.0345184289,
        "eps": 0.21,
        "epsdiluted": 0.21,
        "weightedAverageShsOut": 1020100000,
        "weightedAverageShsOutDil": 1029900000,
        "link": null,
        "finalLink": null
    },
    {
        "date": "2001-05-31",
        "symbol": "WBA",
        "reportedCurrency": "USD",
        "cik": "0001618921",
        "fillingDate": "2001-05-31",
        "acceptedDate": "2001-05-31 00:00:00",
        "calendarYear": "2001",
        "period": "Q3",
        "revenue": 6296200000,
        "costOfRevenue": 4644600000,
        "grossProfit": 1651600000,
        "grossProfitRatio": 0.2623169531,
        "researchAndDevelopmentExpenses": 0,
        "generalAndAdministrativeExpenses": 0,
        "sellingAndMarketingExpenses": 0,
        "sellingGeneralAndAdministrativeExpenses": 1306100000,
        "otherExpenses": 0,
        "operatingExpenses": 1306100000,
        "costAndExpenses": 5950700000,
        "interestIncome": 0,
        "interestExpense": 0,
        "depreciationAndAmortization": 0,
        "ebitda": 345500000,
        "ebitdaratio": 0.0548743687,
        "operatingIncome": 345500000,
        "operatingIncomeRatio": 0.0548743687,
        "totalOtherIncomeExpensesNet": 0,
        "incomeBeforeTax": 345500000,
        "incomeBeforeTaxRatio": 0.0548743687,
        "incomeTaxExpense": 132100000,
        "netIncome": 213400000,
        "netIncomeRatio": 0.0338934595,
        "eps": 0.21,
        "epsdiluted": 0.21,
        "weightedAverageShsOut": 1018000000,
        "weightedAverageShsOutDil": 1030900000,
        "link": null,
        "finalLink": null
    },
    {
        "date": "2001-02-28",
        "symbol": "WBA",
        "reportedCurrency": "USD",
        "cik": "0001618921",
        "fillingDate": "2001-02-28",
        "acceptedDate": "2001-02-28 00:00:00",
        "calendarYear": "2001",
        "period": "Q2",
        "revenue": 6429000000,
        "costOfRevenue": 4658200000,
        "grossProfit": 1770800000,
        "grossProfitRatio": 0.2754394152,
        "researchAndDevelopmentExpenses": 0,
        "generalAndAdministrativeExpenses": 0,
        "sellingAndMarketingExpenses": 0,
        "sellingGeneralAndAdministrativeExpenses": 1313900000,
        "otherExpenses": 0,
        "operatingExpenses": 1313900000,
        "costAndExpenses": 5972100000,
        "interestIncome": 0,
        "interestExpense": 0,
        "depreciationAndAmortization": 0,
        "ebitda": 434800000,
        "ebitdaratio": 0.0676310468,
        "operatingIncome": 456900000,
        "operatingIncomeRatio": 0.0710685954,
        "totalOtherIncomeExpensesNet": 22900000,
        "incomeBeforeTax": 479800000,
        "incomeBeforeTaxRatio": 0.0746305802,
        "incomeTaxExpense": 182900000,
        "netIncome": 296900000,
        "netIncomeRatio": 0.0461813657,
        "eps": 0.29,
        "epsdiluted": 0.29,
        "weightedAverageShsOut": 1015800000,
        "weightedAverageShsOutDil": 1029500000,
        "link": null,
        "finalLink": null
    },
    {
        "date": "2000-11-30",
        "symbol": "WBA",
        "reportedCurrency": "USD",
        "cik": "0001618921",
        "fillingDate": "2000-11-30",
        "acceptedDate": "2000-11-30 00:00:00",
        "calendarYear": "2001",
        "period": "Q1",
        "revenue": 5614200000,
        "costOfRevenue": 4126100000,
        "grossProfit": 1488100000,
        "grossProfitRatio": 0.2650600264,
        "researchAndDevelopmentExpenses": 0,
        "generalAndAdministrativeExpenses": 0,
        "sellingAndMarketingExpenses": 0,
        "sellingGeneralAndAdministrativeExpenses": 1230500000,
        "otherExpenses": 0,
        "operatingExpenses": 1230500000,
        "costAndExpenses": 5356600000,
        "interestIncome": 0,
        "interestExpense": 0,
        "depreciationAndAmortization": 0,
        "ebitda": 257600000,
        "ebitdaratio": 0.0458836522,
        "operatingIncome": 257600000,
        "operatingIncomeRatio": 0.0458836522,
        "totalOtherIncomeExpensesNet": 0,
        "incomeBeforeTax": 257600000,
        "incomeBeforeTaxRatio": 0.0458836522,
        "incomeTaxExpense": 99200000,
        "netIncome": 158400000,
        "netIncomeRatio": 0.0282141712,
        "eps": 0.16,
        "epsdiluted": 0.15,
        "weightedAverageShsOut": 1012400000,
        "weightedAverageShsOutDil": 1026200000,
        "link": null,
        "finalLink": null
    },
    {
        "date": "2000-08-31",
        "symbol": "WBA",
        "reportedCurrency": "USD",
        "cik": "0001618921",
        "fillingDate": "2000-08-31",
        "acceptedDate": "2000-08-31 00:00:00",
        "calendarYear": "2000",
        "period": "Q4",
        "revenue": 5380800000,
        "costOfRevenue": 3676400000,
        "grossProfit": 1704400000,
        "grossProfitRatio": 0.3167558727,
        "researchAndDevelopmentExpenses": 0,
        "generalAndAdministrativeExpenses": 0,
        "sellingAndMarketingExpenses": 0,
        "sellingGeneralAndAdministrativeExpenses": 1164400000,
        "otherExpenses": 230100000,
        "operatingExpenses": 1394500000,
        "costAndExpenses": 5070900000,
        "interestIncome": 0,
        "interestExpense": 0,
        "depreciationAndAmortization": 0,
        "ebitda": 309900000,
        "ebitdaratio": 0.0575936664,
        "operatingIncome": 309900000,
        "operatingIncomeRatio": 0.0575936664,
        "totalOtherIncomeExpensesNet": 34900000,
        "incomeBeforeTax": 344800000,
        "incomeBeforeTaxRatio": 0.0640796908,
        "incomeTaxExpense": 128200000,
        "netIncome": 216600000,
        "netIncomeRatio": 0.0402542373,
        "eps": 0.21,
        "epsdiluted": 0.21,
        "weightedAverageShsOut": 1012400000,
        "weightedAverageShsOutDil": 1026200000,
        "link": null,
        "finalLink": null
    },
    {
        "date": "2000-05-31",
        "symbol": "WBA",
        "reportedCurrency": "USD",
        "cik": "0001618921",
        "fillingDate": "2000-05-31",
        "acceptedDate": "2000-05-31 00:00:00",
        "calendarYear": "2000",
        "period": "Q3",
        "revenue": 5394100000,
        "costOfRevenue": 3943100000,
        "grossProfit": 1451000000,
        "grossProfitRatio": 0.2689976085,
        "researchAndDevelopmentExpenses": 0,
        "generalAndAdministrativeExpenses": 0,
        "sellingAndMarketingExpenses": 0,
        "sellingGeneralAndAdministrativeExpenses": 1138200000,
        "otherExpenses": 0,
        "operatingExpenses": 1138200000,
        "costAndExpenses": 5081300000,
        "interestIncome": 0,
        "interestExpense": 0,
        "depreciationAndAmortization": 0,
        "ebitda": 312800000,
        "ebitdaratio": 0.0579892846,
        "operatingIncome": 312800000,
        "operatingIncomeRatio": 0.0579892846,
        "totalOtherIncomeExpensesNet": 2100000,
        "incomeBeforeTax": 314900000,
        "incomeBeforeTaxRatio": 0.0583785988,
        "incomeTaxExpense": 121300000,
        "netIncome": 193600000,
        "netIncomeRatio": 0.0358910662,
        "eps": 0.2,
        "epsdiluted": 0.19,
        "weightedAverageShsOut": 1008300000,
        "weightedAverageShsOutDil": 1020300000,
        "link": null,
        "finalLink": null
    },
    {
        "date": "2000-02-29",
        "symbol": "WBA",
        "reportedCurrency": "USD",
        "cik": "0001618921",
        "fillingDate": "2000-02-29",
        "acceptedDate": "2000-02-29 00:00:00",
        "calendarYear": "2000",
        "period": "Q2",
        "revenue": 5608800000,
        "costOfRevenue": 4065300000,
        "grossProfit": 1543500000,
        "grossProfitRatio": 0.2751925546,
        "researchAndDevelopmentExpenses": 0,
        "generalAndAdministrativeExpenses": 0,
        "sellingAndMarketingExpenses": 0,
        "sellingGeneralAndAdministrativeExpenses": 1152300000,
        "otherExpenses": 0,
        "operatingExpenses": 1152300000,
        "costAndExpenses": 5217600000,
        "interestIncome": 0,
        "interestExpense": 0,
        "depreciationAndAmortization": 0,
        "ebitda": 391200000,
        "ebitdaratio": 0.0697475396,
        "operatingIncome": 391200000,
        "operatingIncomeRatio": 0.0697475396,
        "totalOtherIncomeExpensesNet": 1100000,
        "incomeBeforeTax": 392300000,
        "incomeBeforeTaxRatio": 0.06994366,
        "incomeTaxExpense": 153400000,
        "netIncome": 238900000,
        "netIncomeRatio": 0.0425937812,
        "eps": 0.23,
        "epsdiluted": 0.23,
        "weightedAverageShsOut": 1006400000,
        "weightedAverageShsOutDil": 1019400000,
        "link": null,
        "finalLink": null
    },
    {
        "date": "1999-11-30",
        "symbol": "WBA",
        "reportedCurrency": "USD",
        "cik": "0001618921",
        "fillingDate": "1999-11-30",
        "acceptedDate": "1999-11-30 00:00:00",
        "calendarYear": "2000",
        "period": "Q1",
        "revenue": 4823200000,
        "costOfRevenue": 3551000000,
        "grossProfit": 1272200000,
        "grossProfitRatio": 0.2637667938,
        "researchAndDevelopmentExpenses": 0,
        "generalAndAdministrativeExpenses": 0,
        "sellingAndMarketingExpenses": 0,
        "sellingGeneralAndAdministrativeExpenses": 1062000000,
        "otherExpenses": 0,
        "operatingExpenses": 1062000000,
        "costAndExpenses": 4613000000,
        "interestIncome": 0,
        "interestExpense": 0,
        "depreciationAndAmortization": 0,
        "ebitda": 210200000,
        "ebitdaratio": 0.043581025,
        "operatingIncome": 210200000,
        "operatingIncomeRatio": 0.043581025,
        "totalOtherIncomeExpensesNet": 1100000,
        "incomeBeforeTax": 211300000,
        "incomeBeforeTaxRatio": 0.0438090894,
        "incomeTaxExpense": 83500000,
        "netIncome": 127800000,
        "netIncomeRatio": 0.0264969315,
        "eps": 0.13,
        "epsdiluted": 0.13,
        "weightedAverageShsOut": 1004700000,
        "weightedAverageShsOutDil": 1017500000,
        "link": null,
        "finalLink": null
    },
    {
        "date": "1999-08-31",
        "symbol": "WBA",
        "reportedCurrency": "USD",
        "cik": "0001618921",
        "fillingDate": "1999-08-31",
        "acceptedDate": "1999-08-31 00:00:00",
        "calendarYear": "1999",
        "period": "Q4",
        "revenue": 4560000000,
        "costOfRevenue": 3103700000,
        "grossProfit": 1456300000,
        "grossProfitRatio": 0.3193640351,
        "researchAndDevelopmentExpenses": 0,
        "generalAndAdministrativeExpenses": 0,
        "sellingAndMarketingExpenses": 0,
        "sellingGeneralAndAdministrativeExpenses": 985800000,
        "otherExpenses": 210100000,
        "operatingExpenses": 1195900000,
        "costAndExpenses": 4299600000,
        "interestIncome": 0,
        "interestExpense": 0,
        "depreciationAndAmortization": 0,
        "ebitda": 260400000,
        "ebitdaratio": 0.0571052632,
        "operatingIncome": 260400000,
        "operatingIncomeRatio": 0.0571052632,
        "totalOtherIncomeExpensesNet": 3900000,
        "incomeBeforeTax": 264300000,
        "incomeBeforeTaxRatio": 0.0579605263,
        "incomeTaxExpense": 103700000,
        "netIncome": 160600000,
        "netIncomeRatio": 0.0352192982,
        "eps": 0.16,
        "epsdiluted": 0.16,
        "weightedAverageShsOut": 1004700000,
        "weightedAverageShsOutDil": 1017500000,
        "link": null,
        "finalLink": null
    },
    {
        "date": "1999-05-31",
        "symbol": "WBA",
        "reportedCurrency": "USD",
        "cik": "0001618921",
        "fillingDate": "1999-05-31",
        "acceptedDate": "1999-05-31 00:00:00",
        "calendarYear": "1999",
        "period": "Q3",
        "revenue": 4571400000,
        "costOfRevenue": 3330700000,
        "grossProfit": 1240700000,
        "grossProfitRatio": 0.2714048213,
        "researchAndDevelopmentExpenses": 0,
        "generalAndAdministrativeExpenses": 0,
        "sellingAndMarketingExpenses": 0,
        "sellingGeneralAndAdministrativeExpenses": 984400000,
        "otherExpenses": 0,
        "operatingExpenses": 984400000,
        "costAndExpenses": 4315100000,
        "interestIncome": 0,
        "interestExpense": 0,
        "depreciationAndAmortization": 0,
        "ebitda": 256300000,
        "ebitdaratio": 0.0560659754,
        "operatingIncome": 256300000,
        "operatingIncomeRatio": 0.0560659754,
        "totalOtherIncomeExpensesNet": 5900000,
        "incomeBeforeTax": 262200000,
        "incomeBeforeTaxRatio": 0.0573566085,
        "incomeTaxExpense": 102900000,
        "netIncome": 159300000,
        "netIncomeRatio": 0.0348470928,
        "eps": 0.16,
        "epsdiluted": 0.16,
        "weightedAverageShsOut": 1001700000,
        "weightedAverageShsOutDil": 1015600000,
        "link": null,
        "finalLink": null
    },
    {
        "date": "1999-02-28",
        "symbol": "WBA",
        "reportedCurrency": "USD",
        "cik": "0001618921",
        "fillingDate": "1999-02-28",
        "acceptedDate": "1999-02-28 00:00:00",
        "calendarYear": "1999",
        "period": "Q2",
        "revenue": 4691000000,
        "costOfRevenue": 3392400000,
        "grossProfit": 1298600000,
        "grossProfitRatio": 0.2768279685,
        "researchAndDevelopmentExpenses": 0,
        "generalAndAdministrativeExpenses": 0,
        "sellingAndMarketingExpenses": 0,
        "sellingGeneralAndAdministrativeExpenses": 968600000,
        "otherExpenses": 0,
        "operatingExpenses": 968600000,
        "costAndExpenses": 4361000000,
        "interestIncome": 0,
        "interestExpense": 0,
        "depreciationAndAmortization": 0,
        "ebitda": 330000000,
        "ebitdaratio": 0.0703474739,
        "operatingIncome": 330000000,
        "operatingIncomeRatio": 0.0703474739,
        "totalOtherIncomeExpensesNet": 1000000,
        "incomeBeforeTax": 331000000,
        "incomeBeforeTaxRatio": 0.070560648,
        "incomeTaxExpense": 130800000,
        "netIncome": 200200000,
        "netIncomeRatio": 0.0426774675,
        "eps": 0.2,
        "epsdiluted": 0.2,
        "weightedAverageShsOut": 999000000,
        "weightedAverageShsOutDil": 1013600000,
        "link": null,
        "finalLink": null
    },
    {
        "date": "1998-11-30",
        "symbol": "WBA",
        "reportedCurrency": "USD",
        "cik": "0001618921",
        "fillingDate": "1998-11-30",
        "acceptedDate": "1998-11-30 00:00:00",
        "calendarYear": "1999",
        "period": "Q1",
        "revenue": 4016400000,
        "costOfRevenue": 2941700000,
        "grossProfit": 1074700000,
        "grossProfitRatio": 0.2675779305,
        "researchAndDevelopmentExpenses": 0,
        "generalAndAdministrativeExpenses": 0,
        "sellingAndMarketingExpenses": 0,
        "sellingGeneralAndAdministrativeExpenses": 906000000,
        "otherExpenses": 0,
        "operatingExpenses": 906000000,
        "costAndExpenses": 3847700000,
        "interestIncome": 0,
        "interestExpense": 0,
        "depreciationAndAmortization": 0,
        "ebitda": 170000000,
        "ebitdaratio": 0.0423264615,
        "operatingIncome": 170000000,
        "operatingIncomeRatio": 0.0423264615,
        "totalOtherIncomeExpensesNet": 1000000,
        "incomeBeforeTax": 171000000,
        "incomeBeforeTaxRatio": 0.0425754407,
        "incomeTaxExpense": 67000000,
        "netIncome": 104000000,
        "netIncomeRatio": 0.0258938353,
        "eps": 0.1,
        "epsdiluted": 0.1,
        "weightedAverageShsOut": 993290000,
        "weightedAverageShsOutDil": 1000590000,
        "link": null,
        "finalLink": null
    },
    {
        "date": "1998-08-31",
        "symbol": "WBA",
        "reportedCurrency": "USD",
        "cik": "0001618921",
        "fillingDate": "1998-08-31",
        "acceptedDate": "1998-08-31 00:00:00",
        "calendarYear": "1998",
        "period": "Q4",
        "revenue": 3841000000,
        "costOfRevenue": 2609000000,
        "grossProfit": 1232000000,
        "grossProfitRatio": 0.3207498047,
        "researchAndDevelopmentExpenses": 0,
        "generalAndAdministrativeExpenses": 0,
        "sellingAndMarketingExpenses": 0,
        "sellingGeneralAndAdministrativeExpenses": 834000000,
        "otherExpenses": 189000000,
        "operatingExpenses": 1023000000,
        "costAndExpenses": 3632000000,
        "interestIncome": 0,
        "interestExpense": 0,
        "depreciationAndAmortization": 0,
        "ebitda": 209000000,
        "ebitdaratio": 0.0544129133,
        "operatingIncome": 209000000,
        "operatingIncomeRatio": 0.0544129133,
        "totalOtherIncomeExpensesNet": 40000000,
        "incomeBeforeTax": 249000000,
        "incomeBeforeTaxRatio": 0.064826868,
        "incomeTaxExpense": 97000000,
        "netIncome": 152000000,
        "netIncomeRatio": 0.0395730279,
        "eps": 0.15,
        "epsdiluted": 0.15,
        "weightedAverageShsOut": 993290000,
        "weightedAverageShsOutDil": 1000590000,
        "link": null,
        "finalLink": null
    },
    {
        "date": "1998-05-31",
        "symbol": "WBA",
        "reportedCurrency": "USD",
        "cik": "0001618921",
        "fillingDate": "1998-05-31",
        "acceptedDate": "1998-05-31 00:00:00",
        "calendarYear": "1998",
        "period": "Q3",
        "revenue": 3887500000,
        "costOfRevenue": 2840800000,
        "grossProfit": 1046700000,
        "grossProfitRatio": 0.2692475884,
        "researchAndDevelopmentExpenses": 0,
        "generalAndAdministrativeExpenses": 0,
        "sellingAndMarketingExpenses": 0,
        "sellingGeneralAndAdministrativeExpenses": 842700000,
        "otherExpenses": 0,
        "operatingExpenses": 842700000,
        "costAndExpenses": 3683500000,
        "interestIncome": 0,
        "interestExpense": 0,
        "depreciationAndAmortization": 0,
        "ebitda": 204000000,
        "ebitdaratio": 0.0524758842,
        "operatingIncome": 204000000,
        "operatingIncomeRatio": 0.0524758842,
        "totalOtherIncomeExpensesNet": 2000000,
        "incomeBeforeTax": 206000000,
        "incomeBeforeTaxRatio": 0.0529903537,
        "incomeTaxExpense": 79000000,
        "netIncome": 127000000,
        "netIncomeRatio": 0.0326688103,
        "eps": 0.13,
        "epsdiluted": 0.13,
        "weightedAverageShsOut": 993290000,
        "weightedAverageShsOutDil": 1000590000,
        "link": null,
        "finalLink": null
    },
    {
        "date": "1998-02-28",
        "symbol": "WBA",
        "reportedCurrency": "USD",
        "cik": "0001618921",
        "fillingDate": "1998-02-28",
        "acceptedDate": "1998-02-28 00:00:00",
        "calendarYear": "1998",
        "period": "Q2",
        "revenue": 4093400000,
        "costOfRevenue": 2960700000,
        "grossProfit": 1132700000,
        "grossProfitRatio": 0.2767137343,
        "researchAndDevelopmentExpenses": 0,
        "generalAndAdministrativeExpenses": 0,
        "sellingAndMarketingExpenses": 0,
        "sellingGeneralAndAdministrativeExpenses": 854200000,
        "otherExpenses": 0,
        "operatingExpenses": 854200000,
        "costAndExpenses": 3814900000,
        "interestIncome": 0,
        "interestExpense": 0,
        "depreciationAndAmortization": 0,
        "ebitda": 279000000,
        "ebitdaratio": 0.068158499,
        "operatingIncome": 279000000,
        "operatingIncomeRatio": 0.068158499,
        "totalOtherIncomeExpensesNet": 0,
        "incomeBeforeTax": 279000000,
        "incomeBeforeTaxRatio": 0.068158499,
        "incomeTaxExpense": 108000000,
        "netIncome": 171000000,
        "netIncomeRatio": 0.0417745639,
        "eps": 0.17,
        "epsdiluted": 0.17,
        "weightedAverageShsOut": 993290000,
        "weightedAverageShsOutDil": 1000590000,
        "link": null,
        "finalLink": null
    },
    {
        "date": "1997-11-30",
        "symbol": "WBA",
        "reportedCurrency": "USD",
        "cik": "0001618921",
        "fillingDate": "1997-11-30",
        "acceptedDate": "1997-11-30 00:00:00",
        "calendarYear": "1998",
        "period": "Q1",
        "revenue": 3485000000,
        "costOfRevenue": 2541000000,
        "grossProfit": 944000000,
        "grossProfitRatio": 0.2708751793,
        "researchAndDevelopmentExpenses": 0,
        "generalAndAdministrativeExpenses": 0,
        "sellingAndMarketingExpenses": 0,
        "sellingGeneralAndAdministrativeExpenses": 801000000,
        "otherExpenses": 0,
        "operatingExpenses": 801000000,
        "costAndExpenses": 3342000000,
        "interestIncome": 0,
        "interestExpense": 0,
        "depreciationAndAmortization": 0,
        "ebitda": 143000000,
        "ebitdaratio": 0.0410329986,
        "operatingIncome": 143000000,
        "operatingIncomeRatio": 0.0410329986,
        "totalOtherIncomeExpensesNet": 0,
        "incomeBeforeTax": 143000000,
        "incomeBeforeTaxRatio": 0.0410329986,
        "incomeTaxExpense": 56000000,
        "netIncome": 61000000,
        "netIncomeRatio": 0.0175035868,
        "eps": 0.0614,
        "epsdiluted": 0.061,
        "weightedAverageShsOut": 993290000,
        "weightedAverageShsOutDil": 1000590000,
        "link": null,
        "finalLink": null
    },
    {
        "date": "1997-08-31",
        "symbol": "WBA",
        "reportedCurrency": "USD",
        "cik": "0001618921",
        "fillingDate": "1997-08-31",
        "acceptedDate": "1997-08-31 00:00:00",
        "calendarYear": "1997",
        "period": "Q4",
        "revenue": 3303100000,
        "costOfRevenue": 2226800000,
        "grossProfit": 1076300000,
        "grossProfitRatio": 0.3258454179,
        "researchAndDevelopmentExpenses": 0,
        "generalAndAdministrativeExpenses": 0,
        "sellingAndMarketingExpenses": 0,
        "sellingGeneralAndAdministrativeExpenses": 741300000,
        "otherExpenses": 164000000,
        "operatingExpenses": 905300000,
        "costAndExpenses": 3132100000,
        "interestIncome": 0,
        "interestExpense": 0,
        "depreciationAndAmortization": 0,
        "ebitda": 169300000,
        "ebitdaratio": 0.0512548818,
        "operatingIncome": 171000000,
        "operatingIncomeRatio": 0.0517695498,
        "totalOtherIncomeExpensesNet": 1300000,
        "incomeBeforeTax": 172300000,
        "incomeBeforeTaxRatio": 0.0521631195,
        "incomeTaxExpense": 66900000,
        "netIncome": 105400000,
        "netIncomeRatio": 0.0319094184,
        "eps": 0.11,
        "epsdiluted": 0.11,
        "weightedAverageShsOut": 993290000,
        "weightedAverageShsOutDil": 1000590000,
        "link": null,
        "finalLink": null
    },
    {
        "date": "1997-05-31",
        "symbol": "WBA",
        "reportedCurrency": "USD",
        "cik": "0001618921",
        "fillingDate": "1997-05-31",
        "acceptedDate": "1997-05-31 00:00:00",
        "calendarYear": "1997",
        "period": "Q3",
        "revenue": 3403300000,
        "costOfRevenue": 2470600000,
        "grossProfit": 932700000,
        "grossProfitRatio": 0.2740575324,
        "researchAndDevelopmentExpenses": 0,
        "generalAndAdministrativeExpenses": 0,
        "sellingAndMarketingExpenses": 0,
        "sellingGeneralAndAdministrativeExpenses": 757400000,
        "otherExpenses": 0,
        "operatingExpenses": 757400000,
        "costAndExpenses": 3228000000,
        "interestIncome": 0,
        "interestExpense": 0,
        "depreciationAndAmortization": 0,
        "ebitda": 173700000,
        "ebitdaratio": 0.0510386977,
        "operatingIncome": 175300000,
        "operatingIncomeRatio": 0.0515088297,
        "totalOtherIncomeExpensesNet": 1200000,
        "incomeBeforeTax": 176500000,
        "incomeBeforeTaxRatio": 0.0518614286,
        "incomeTaxExpense": 68400000,
        "netIncome": 108100000,
        "netIncomeRatio": 0.0317632886,
        "eps": 0.11,
        "epsdiluted": 0.11,
        "weightedAverageShsOut": 984564000,
        "weightedAverageShsOutDil": 984564000,
        "link": null,
        "finalLink": null
    },
    {
        "date": "1997-02-28",
        "symbol": "WBA",
        "reportedCurrency": "USD",
        "cik": "0001618921",
        "fillingDate": "1997-02-28",
        "acceptedDate": "1997-02-28 00:00:00",
        "calendarYear": "1997",
        "period": "Q2",
        "revenue": 3602600000,
        "costOfRevenue": 2596500000,
        "grossProfit": 1006100000,
        "grossProfitRatio": 0.2792705268,
        "researchAndDevelopmentExpenses": 0,
        "generalAndAdministrativeExpenses": 0,
        "sellingAndMarketingExpenses": 0,
        "sellingGeneralAndAdministrativeExpenses": 766600000,
        "otherExpenses": 0,
        "operatingExpenses": 766600000,
        "costAndExpenses": 3363100000,
        "interestIncome": 0,
        "interestExpense": 0,
        "depreciationAndAmortization": 0,
        "ebitda": 237700000,
        "ebitdaratio": 0.0659801255,
        "operatingIncome": 239500000,
        "operatingIncomeRatio": 0.0664797646,
        "totalOtherIncomeExpensesNet": 1200000,
        "incomeBeforeTax": 240700000,
        "incomeBeforeTaxRatio": 0.0668128574,
        "incomeTaxExpense": 93300000,
        "netIncome": 147400000,
        "netIncomeRatio": 0.0409148948,
        "eps": 0.15,
        "epsdiluted": 0.15,
        "weightedAverageShsOut": 984564000,
        "weightedAverageShsOutDil": 984564000,
        "link": null,
        "finalLink": null
    },
    {
        "date": "1996-11-30",
        "symbol": "WBA",
        "reportedCurrency": "USD",
        "cik": "0001618921",
        "fillingDate": "1996-11-30",
        "acceptedDate": "1996-11-30 00:00:00",
        "calendarYear": "1997",
        "period": "Q1",
        "revenue": 3054000000,
        "costOfRevenue": 2224000000,
        "grossProfit": 830000000,
        "grossProfitRatio": 0.2717747217,
        "researchAndDevelopmentExpenses": 0,
        "generalAndAdministrativeExpenses": 0,
        "sellingAndMarketingExpenses": 0,
        "sellingGeneralAndAdministrativeExpenses": 707700000,
        "otherExpenses": 0,
        "operatingExpenses": 707700000,
        "costAndExpenses": 2931700000,
        "interestIncome": 0,
        "interestExpense": 0,
        "depreciationAndAmortization": 0,
        "ebitda": 121500000,
        "ebitdaratio": 0.03978389,
        "operatingIncome": 122300000,
        "operatingIncomeRatio": 0.0400458415,
        "totalOtherIncomeExpensesNet": 200000,
        "incomeBeforeTax": 122500000,
        "incomeBeforeTaxRatio": 0.0401113294,
        "incomeTaxExpense": 47500000,
        "netIncome": 75000000,
        "netIncomeRatio": 0.0245579568,
        "eps": 0.0762,
        "epsdiluted": 0.0762,
        "weightedAverageShsOut": 984564000,
        "weightedAverageShsOutDil": 984564000,
        "link": null,
        "finalLink": null
    },
    {
        "date": "1996-08-31",
        "symbol": "WBA",
        "reportedCurrency": "USD",
        "cik": "0001618921",
        "fillingDate": "1996-08-31",
        "acceptedDate": "1996-08-31 00:00:00",
        "calendarYear": "1996",
        "period": "Q4",
        "revenue": 2917700000,
        "costOfRevenue": 1958300000,
        "grossProfit": 959400000,
        "grossProfitRatio": 0.3288206464,
        "researchAndDevelopmentExpenses": 0,
        "generalAndAdministrativeExpenses": 0,
        "sellingAndMarketingExpenses": 0,
        "sellingGeneralAndAdministrativeExpenses": 666500000,
        "otherExpenses": 147300000,
        "operatingExpenses": 813800000,
        "costAndExpenses": 2772100000,
        "interestIncome": 0,
        "interestExpense": 0,
        "depreciationAndAmortization": 0,
        "ebitda": 144400000,
        "ebitdaratio": 0.0494910375,
        "operatingIncome": 145600000,
        "operatingIncomeRatio": 0.0499023203,
        "totalOtherIncomeExpensesNet": 900000,
        "incomeBeforeTax": 146500000,
        "incomeBeforeTaxRatio": 0.0502107825,
        "incomeTaxExpense": 56800000,
        "netIncome": 89700000,
        "netIncomeRatio": 0.0307433938,
        "eps": 0.091,
        "epsdiluted": 0.091,
        "weightedAverageShsOut": 984564000,
        "weightedAverageShsOutDil": 984564000,
        "link": null,
        "finalLink": null
    },
    {
        "date": "1996-05-31",
        "symbol": "WBA",
        "reportedCurrency": "USD",
        "cik": "0001618921",
        "fillingDate": "1996-05-31",
        "acceptedDate": "1996-05-31 00:00:00",
        "calendarYear": "1996",
        "period": "Q3",
        "revenue": 2988800000,
        "costOfRevenue": 2165600000,
        "grossProfit": 823200000,
        "grossProfitRatio": 0.2754282655,
        "researchAndDevelopmentExpenses": 0,
        "generalAndAdministrativeExpenses": 0,
        "sellingAndMarketingExpenses": 0,
        "sellingGeneralAndAdministrativeExpenses": 674900000,
        "otherExpenses": 0,
        "operatingExpenses": 674900000,
        "costAndExpenses": 2840500000,
        "interestIncome": 0,
        "interestExpense": 0,
        "depreciationAndAmortization": 0,
        "ebitda": 146700000,
        "ebitdaratio": 0.0490832441,
        "operatingIncome": 148300000,
        "operatingIncomeRatio": 0.049618576,
        "totalOtherIncomeExpensesNet": 1200000,
        "incomeBeforeTax": 149500000,
        "incomeBeforeTaxRatio": 0.0500200749,
        "incomeTaxExpense": 57900000,
        "netIncome": 91600000,
        "netIncomeRatio": 0.0306477516,
        "eps": 0.093,
        "epsdiluted": 0.093,
        "weightedAverageShsOut": 984564000,
        "weightedAverageShsOutDil": 984564000,
        "link": null,
        "finalLink": null
    },
    {
        "date": "1996-02-29",
        "symbol": "WBA",
        "reportedCurrency": "USD",
        "cik": "0001618921",
        "fillingDate": "1996-02-29",
        "acceptedDate": "1996-02-29 00:00:00",
        "calendarYear": "1996",
        "period": "Q2",
        "revenue": 3179100000,
        "costOfRevenue": 2289800000,
        "grossProfit": 889300000,
        "grossProfitRatio": 0.2797332578,
        "researchAndDevelopmentExpenses": 0,
        "generalAndAdministrativeExpenses": 0,
        "sellingAndMarketingExpenses": 0,
        "sellingGeneralAndAdministrativeExpenses": 682900000,
        "otherExpenses": 0,
        "operatingExpenses": 682900000,
        "costAndExpenses": 2972700000,
        "interestIncome": 0,
        "interestExpense": 0,
        "depreciationAndAmortization": 0,
        "ebitda": 205200000,
        "ebitdaratio": 0.0645465698,
        "operatingIncome": 206400000,
        "operatingIncomeRatio": 0.0649240351,
        "totalOtherIncomeExpensesNet": 600000,
        "incomeBeforeTax": 207000000,
        "incomeBeforeTaxRatio": 0.0651127678,
        "incomeTaxExpense": 80200000,
        "netIncome": 126800000,
        "netIncomeRatio": 0.0398855022,
        "eps": 0.13,
        "epsdiluted": 0.13,
        "weightedAverageShsOut": 984564000,
        "weightedAverageShsOutDil": 984564000,
        "link": null,
        "finalLink": null
    },
    {
        "date": "1995-11-30",
        "symbol": "WBA",
        "reportedCurrency": "USD",
        "cik": "0001618921",
        "fillingDate": "1995-11-30",
        "acceptedDate": "1995-11-30 00:00:00",
        "calendarYear": "1996",
        "period": "Q1",
        "revenue": 2692800000,
        "costOfRevenue": 1953800000,
        "grossProfit": 739000000,
        "grossProfitRatio": 0.2744355318,
        "researchAndDevelopmentExpenses": 0,
        "generalAndAdministrativeExpenses": 0,
        "sellingAndMarketingExpenses": 0,
        "sellingGeneralAndAdministrativeExpenses": 635200000,
        "otherExpenses": 0,
        "operatingExpenses": 635200000,
        "costAndExpenses": 2589000000,
        "interestIncome": 0,
        "interestExpense": 0,
        "depreciationAndAmortization": 0,
        "ebitda": 102800000,
        "ebitdaratio": 0.0381758764,
        "operatingIncome": 103800000,
        "operatingIncomeRatio": 0.0385472371,
        "totalOtherIncomeExpensesNet": 200000,
        "incomeBeforeTax": 104000000,
        "incomeBeforeTaxRatio": 0.0386215092,
        "incomeTaxExpense": 40300000,
        "netIncome": 63700000,
        "netIncomeRatio": 0.0236556744,
        "eps": 0.0647,
        "epsdiluted": 0.0647,
        "weightedAverageShsOut": 984564000,
        "weightedAverageShsOutDil": 984564000,
        "link": null,
        "finalLink": null
    },
    {
        "date": "1995-08-31",
        "symbol": "WBA",
        "reportedCurrency": "USD",
        "cik": "0001618921",
        "fillingDate": "1995-08-31",
        "acceptedDate": "1995-08-31 00:00:00",
        "calendarYear": "1995",
        "period": "Q4",
        "revenue": 2565200000,
        "costOfRevenue": 1712700000,
        "grossProfit": 852500000,
        "grossProfitRatio": 0.3323327616,
        "researchAndDevelopmentExpenses": 0,
        "generalAndAdministrativeExpenses": 0,
        "sellingAndMarketingExpenses": 0,
        "sellingGeneralAndAdministrativeExpenses": 597800000,
        "otherExpenses": 131500000,
        "operatingExpenses": 729300000,
        "costAndExpenses": 2442000000,
        "interestIncome": 0,
        "interestExpense": 0,
        "depreciationAndAmortization": 0,
        "ebitda": 121600000,
        "ebitdaratio": 0.0474037112,
        "operatingIncome": 123200000,
        "operatingIncomeRatio": 0.0480274443,
        "totalOtherIncomeExpensesNet": 1400000,
        "incomeBeforeTax": 124600000,
        "incomeBeforeTaxRatio": 0.0485732107,
        "incomeTaxExpense": 48300000,
        "netIncome": 76300000,
        "netIncomeRatio": 0.0297442695,
        "eps": 0.077,
        "epsdiluted": 0.077,
        "weightedAverageShsOut": 984564000,
        "weightedAverageShsOutDil": 984564000,
        "link": null,
        "finalLink": null
    },
    {
        "date": "1995-05-31",
        "symbol": "WBA",
        "reportedCurrency": "USD",
        "cik": "0001618921",
        "fillingDate": "1995-05-31",
        "acceptedDate": "1995-05-31 00:00:00",
        "calendarYear": "1995",
        "period": "Q3",
        "revenue": 2617400000,
        "costOfRevenue": 1888200000,
        "grossProfit": 729200000,
        "grossProfitRatio": 0.2785970811,
        "researchAndDevelopmentExpenses": 0,
        "generalAndAdministrativeExpenses": 0,
        "sellingAndMarketingExpenses": 0,
        "sellingGeneralAndAdministrativeExpenses": 601500000,
        "otherExpenses": 0,
        "operatingExpenses": 601500000,
        "costAndExpenses": 2489700000,
        "interestIncome": 0,
        "interestExpense": 0,
        "depreciationAndAmortization": 0,
        "ebitda": 126200000,
        "ebitdaratio": 0.0482157867,
        "operatingIncome": 127700000,
        "operatingIncomeRatio": 0.0487888745,
        "totalOtherIncomeExpensesNet": 1300000,
        "incomeBeforeTax": 129000000,
        "incomeBeforeTaxRatio": 0.0492855505,
        "incomeTaxExpense": 50000000,
        "netIncome": 79000000,
        "netIncomeRatio": 0.030182624,
        "eps": 0.0798,
        "epsdiluted": 0.0798,
        "weightedAverageShsOut": 989608000,
        "weightedAverageShsOutDil": 989608000,
        "link": null,
        "finalLink": null
    },
    {
        "date": "1995-02-28",
        "symbol": "WBA",
        "reportedCurrency": "USD",
        "cik": "0001618921",
        "fillingDate": "1995-02-28",
        "acceptedDate": "1995-02-28 00:00:00",
        "calendarYear": "1995",
        "period": "Q2",
        "revenue": 2807000000,
        "costOfRevenue": 2009100000,
        "grossProfit": 797900000,
        "grossProfitRatio": 0.2842536516,
        "researchAndDevelopmentExpenses": 0,
        "generalAndAdministrativeExpenses": 0,
        "sellingAndMarketingExpenses": 0,
        "sellingGeneralAndAdministrativeExpenses": 616500000,
        "otherExpenses": 0,
        "operatingExpenses": 616500000,
        "costAndExpenses": 2625600000,
        "interestIncome": 0,
        "interestExpense": 0,
        "depreciationAndAmortization": 0,
        "ebitda": 180400000,
        "ebitdaratio": 0.0642679017,
        "operatingIncome": 181400000,
        "operatingIncomeRatio": 0.0646241539,
        "totalOtherIncomeExpensesNet": 800000,
        "incomeBeforeTax": 182200000,
        "incomeBeforeTaxRatio": 0.0649091557,
        "incomeTaxExpense": 70600000,
        "netIncome": 111600000,
        "netIncomeRatio": 0.0397577485,
        "eps": 0.11,
        "epsdiluted": 0.11,
        "weightedAverageShsOut": 984568000,
        "weightedAverageShsOutDil": 984568000,
        "link": null,
        "finalLink": null
    },
    {
        "date": "1994-11-30",
        "symbol": "WBA",
        "reportedCurrency": "USD",
        "cik": "0001618921",
        "fillingDate": "1994-11-30",
        "acceptedDate": "1994-11-30 00:00:00",
        "calendarYear": "1995",
        "period": "Q1",
        "revenue": 2405600000,
        "costOfRevenue": 1740800000,
        "grossProfit": 664800000,
        "grossProfitRatio": 0.2763551713,
        "researchAndDevelopmentExpenses": 0,
        "generalAndAdministrativeExpenses": 0,
        "sellingAndMarketingExpenses": 0,
        "sellingGeneralAndAdministrativeExpenses": 576900000,
        "otherExpenses": 0,
        "operatingExpenses": 576900000,
        "costAndExpenses": 2317700000,
        "interestIncome": 0,
        "interestExpense": 0,
        "depreciationAndAmortization": 0,
        "ebitda": 87100000,
        "ebitdaratio": 0.0362071832,
        "operatingIncome": 87900000,
        "operatingIncomeRatio": 0.0365397406,
        "totalOtherIncomeExpensesNet": 300000,
        "incomeBeforeTax": 88200000,
        "incomeBeforeTaxRatio": 0.0366644496,
        "incomeTaxExpense": 34200000,
        "netIncome": 54000000,
        "netIncomeRatio": 0.0224476222,
        "eps": 0.0548,
        "epsdiluted": 0.0548,
        "weightedAverageShsOut": 984568000,
        "weightedAverageShsOutDil": 984568000,
        "link": null,
        "finalLink": null
    },
    {
        "date": "1994-08-31",
        "symbol": "WBA",
        "reportedCurrency": "USD",
        "cik": "0001618921",
        "fillingDate": "1994-08-31",
        "acceptedDate": "1994-08-31 00:00:00",
        "calendarYear": "1994",
        "period": "Q4",
        "revenue": 2282500000,
        "costOfRevenue": 1502600000,
        "grossProfit": 779900000,
        "grossProfitRatio": 0.341686747,
        "researchAndDevelopmentExpenses": 0,
        "generalAndAdministrativeExpenses": 0,
        "sellingAndMarketingExpenses": 0,
        "sellingGeneralAndAdministrativeExpenses": 549200000,
        "otherExpenses": 118100000,
        "operatingExpenses": 667300000,
        "costAndExpenses": 2169900000,
        "interestIncome": 0,
        "interestExpense": 0,
        "depreciationAndAmortization": 0,
        "ebitda": 110800000,
        "ebitdaratio": 0.048543264,
        "operatingIncome": 112600000,
        "operatingIncomeRatio": 0.0493318729,
        "totalOtherIncomeExpensesNet": 1200000,
        "incomeBeforeTax": 113800000,
        "incomeBeforeTaxRatio": 0.0498576123,
        "incomeTaxExpense": 44700000,
        "netIncome": 69100000,
        "netIncomeRatio": 0.0302738226,
        "eps": 0.07,
        "epsdiluted": 0.07,
        "weightedAverageShsOut": 984568000,
        "weightedAverageShsOutDil": 984568000,
        "link": null,
        "finalLink": null
    },
    {
        "date": "1994-05-31",
        "symbol": "WBA",
        "reportedCurrency": "USD",
        "cik": "0001618921",
        "fillingDate": "1994-05-31",
        "acceptedDate": "1994-05-31 00:00:00",
        "calendarYear": "1994",
        "period": "Q3",
        "revenue": 2336000000,
        "costOfRevenue": 1679900000,
        "grossProfit": 656100000,
        "grossProfitRatio": 0.280864726,
        "researchAndDevelopmentExpenses": 0,
        "generalAndAdministrativeExpenses": 0,
        "sellingAndMarketingExpenses": 0,
        "sellingGeneralAndAdministrativeExpenses": 541900000,
        "otherExpenses": 0,
        "operatingExpenses": 541900000,
        "costAndExpenses": 2221800000,
        "interestIncome": 0,
        "interestExpense": 0,
        "depreciationAndAmortization": 0,
        "ebitda": 112700000,
        "ebitdaratio": 0.048244863,
        "operatingIncome": 114200000,
        "operatingIncomeRatio": 0.0488869863,
        "totalOtherIncomeExpensesNet": 800000,
        "incomeBeforeTax": 115000000,
        "incomeBeforeTaxRatio": 0.0492294521,
        "incomeTaxExpense": 44000000,
        "netIncome": 71000000,
        "netIncomeRatio": 0.0303938356,
        "eps": 0.0721,
        "epsdiluted": 0.0721,
        "weightedAverageShsOut": 984568000,
        "weightedAverageShsOutDil": 984568000,
        "link": null,
        "finalLink": null
    },
    {
        "date": "1994-02-28",
        "symbol": "WBA",
        "reportedCurrency": "USD",
        "cik": "0001618921",
        "fillingDate": "1994-02-28",
        "acceptedDate": "1994-02-28 00:00:00",
        "calendarYear": "1994",
        "period": "Q2",
        "revenue": 2498500000,
        "costOfRevenue": 1785600000,
        "grossProfit": 712900000,
        "grossProfitRatio": 0.2853311987,
        "researchAndDevelopmentExpenses": 0,
        "generalAndAdministrativeExpenses": 0,
        "sellingAndMarketingExpenses": 0,
        "sellingGeneralAndAdministrativeExpenses": 555300000,
        "otherExpenses": 0,
        "operatingExpenses": 555300000,
        "costAndExpenses": 2340900000,
        "interestIncome": 0,
        "interestExpense": 0,
        "depreciationAndAmortization": 0,
        "ebitda": 156500000,
        "ebitdaratio": 0.0626375825,
        "operatingIncome": 157600000,
        "operatingIncomeRatio": 0.0630778467,
        "totalOtherIncomeExpensesNet": 500000,
        "incomeBeforeTax": 158100000,
        "incomeBeforeTaxRatio": 0.0632779668,
        "incomeTaxExpense": 60500000,
        "netIncome": 97600000,
        "netIncomeRatio": 0.0390634381,
        "eps": 0.0991,
        "epsdiluted": 0.0991,
        "weightedAverageShsOut": 984568000,
        "weightedAverageShsOutDil": 984568000,
        "link": null,
        "finalLink": null
    },
    {
        "date": "1993-11-30",
        "symbol": "WBA",
        "reportedCurrency": "USD",
        "cik": "0001618921",
        "fillingDate": "1993-11-30",
        "acceptedDate": "1993-11-30 00:00:00",
        "calendarYear": "1994",
        "period": "Q1",
        "revenue": 2118000000,
        "costOfRevenue": 1528200000,
        "grossProfit": 589800000,
        "grossProfitRatio": 0.278470255,
        "researchAndDevelopmentExpenses": 0,
        "generalAndAdministrativeExpenses": 0,
        "sellingAndMarketingExpenses": 0,
        "sellingGeneralAndAdministrativeExpenses": 518400000,
        "otherExpenses": 0,
        "operatingExpenses": 518400000,
        "costAndExpenses": 2046600000,
        "interestIncome": 0,
        "interestExpense": 0,
        "depreciationAndAmortization": 0,
        "ebitda": 70600000,
        "ebitdaratio": 0.0333333333,
        "operatingIncome": 71400000,
        "operatingIncomeRatio": 0.0337110482,
        "totalOtherIncomeExpensesNet": 200000,
        "incomeBeforeTax": 71600000,
        "incomeBeforeTaxRatio": 0.0338054769,
        "incomeTaxExpense": 27400000,
        "netIncome": 44200000,
        "netIncomeRatio": 0.0208687441,
        "eps": 0.0449,
        "epsdiluted": 0.0449,
        "weightedAverageShsOut": 984568000,
        "weightedAverageShsOutDil": 984568000,
        "link": null,
        "finalLink": null
    },
    {
        "date": "1993-08-31",
        "symbol": "WBA",
        "reportedCurrency": "USD",
        "cik": "0001618921",
        "fillingDate": "1993-08-31",
        "acceptedDate": "1993-08-31 00:00:00",
        "calendarYear": "1993",
        "period": "Q4",
        "revenue": 2037000000,
        "costOfRevenue": 1343900000,
        "grossProfit": 693100000,
        "grossProfitRatio": 0.3402552774,
        "researchAndDevelopmentExpenses": 0,
        "generalAndAdministrativeExpenses": 0,
        "sellingAndMarketingExpenses": 0,
        "sellingGeneralAndAdministrativeExpenses": 492900000,
        "otherExpenses": 104700000,
        "operatingExpenses": 597600000,
        "costAndExpenses": 1941500000,
        "interestIncome": 0,
        "interestExpense": 0,
        "depreciationAndAmortization": 0,
        "ebitda": 93600000,
        "ebitdaratio": 0.0459499264,
        "operatingIncome": 95500000,
        "operatingIncomeRatio": 0.0468826706,
        "totalOtherIncomeExpensesNet": 800000,
        "incomeBeforeTax": 96300000,
        "incomeBeforeTaxRatio": 0.047275405,
        "incomeTaxExpense": 39900000,
        "netIncome": 32800000,
        "netIncomeRatio": 0.0161021109,
        "eps": 0.033,
        "epsdiluted": 0.033,
        "weightedAverageShsOut": 984568000,
        "weightedAverageShsOutDil": 984568000,
        "link": null,
        "finalLink": null
    },
    {
        "date": "1993-05-31",
        "symbol": "WBA",
        "reportedCurrency": "USD",
        "cik": "0001618921",
        "fillingDate": "1993-05-31",
        "acceptedDate": "1993-05-31 00:00:00",
        "calendarYear": "1993",
        "period": "Q3",
        "revenue": 2085300000,
        "costOfRevenue": 1503500000,
        "grossProfit": 581800000,
        "grossProfitRatio": 0.2790006234,
        "researchAndDevelopmentExpenses": 0,
        "generalAndAdministrativeExpenses": 0,
        "sellingAndMarketingExpenses": 0,
        "sellingGeneralAndAdministrativeExpenses": 479000000,
        "otherExpenses": 0,
        "operatingExpenses": 479000000,
        "costAndExpenses": 1982500000,
        "interestIncome": 0,
        "interestExpense": 0,
        "depreciationAndAmortization": 0,
        "ebitda": 101300000,
        "ebitdaratio": 0.0485781422,
        "operatingIncome": 102800000,
        "operatingIncomeRatio": 0.0492974632,
        "totalOtherIncomeExpensesNet": 700000,
        "incomeBeforeTax": 103500000,
        "incomeBeforeTaxRatio": 0.0496331463,
        "incomeTaxExpense": 39100000,
        "netIncome": 64400000,
        "netIncomeRatio": 0.0308828466,
        "eps": 0.0654,
        "epsdiluted": 0.0654,
        "weightedAverageShsOut": 984568000,
        "weightedAverageShsOutDil": 984568000,
        "link": null,
        "finalLink": null
    },
    {
        "date": "1993-02-28",
        "symbol": "WBA",
        "reportedCurrency": "USD",
        "cik": "0001618921",
        "fillingDate": "1993-02-28",
        "acceptedDate": "1993-02-28 00:00:00",
        "calendarYear": "1993",
        "period": "Q2",
        "revenue": 2257900000,
        "costOfRevenue": 1619700000,
        "grossProfit": 638200000,
        "grossProfitRatio": 0.2826520218,
        "researchAndDevelopmentExpenses": 0,
        "generalAndAdministrativeExpenses": 0,
        "sellingAndMarketingExpenses": 0,
        "sellingGeneralAndAdministrativeExpenses": 496300000,
        "otherExpenses": 0,
        "operatingExpenses": 496300000,
        "costAndExpenses": 2116000000,
        "interestIncome": 0,
        "interestExpense": 0,
        "depreciationAndAmortization": 0,
        "ebitda": 141900000,
        "ebitdaratio": 0.0628460074,
        "operatingIncome": 141900000,
        "operatingIncomeRatio": 0.0628460074,
        "totalOtherIncomeExpensesNet": -6700000,
        "incomeBeforeTax": 135200000,
        "incomeBeforeTaxRatio": 0.0598786483,
        "incomeTaxExpense": 51000000,
        "netIncome": 84200000,
        "netIncomeRatio": 0.0372912884,
        "eps": 0.0855,
        "epsdiluted": 0.0855,
        "weightedAverageShsOut": 984568000,
        "weightedAverageShsOutDil": 984568000,
        "link": null,
        "finalLink": null
    },
    {
        "date": "1992-11-30",
        "symbol": "WBA",
        "reportedCurrency": "USD",
        "cik": "0001618921",
        "fillingDate": "1992-11-30",
        "acceptedDate": "1992-11-30 00:00:00",
        "calendarYear": "1993",
        "period": "Q1",
        "revenue": 1914600000,
        "costOfRevenue": 1387200000,
        "grossProfit": 527400000,
        "grossProfitRatio": 0.2754622375,
        "researchAndDevelopmentExpenses": 0,
        "generalAndAdministrativeExpenses": 0,
        "sellingAndMarketingExpenses": 0,
        "sellingGeneralAndAdministrativeExpenses": 461400000,
        "otherExpenses": 0,
        "operatingExpenses": 461400000,
        "costAndExpenses": 1848600000,
        "interestIncome": 0,
        "interestExpense": 0,
        "depreciationAndAmortization": 0,
        "ebitda": 64000000,
        "ebitdaratio": 0.0334273477,
        "operatingIncome": 66000000,
        "operatingIncomeRatio": 0.0344719524,
        "totalOtherIncomeExpensesNet": -1300000,
        "incomeBeforeTax": 64700000,
        "incomeBeforeTaxRatio": 0.0337929594,
        "incomeTaxExpense": 24400000,
        "netIncome": 40300000,
        "netIncomeRatio": 0.021048783,
        "eps": 0.0409,
        "epsdiluted": 0.0409,
        "weightedAverageShsOut": 984568000,
        "weightedAverageShsOutDil": 984568000,
        "link": null,
        "finalLink": null
    },
    {
        "date": "1992-08-31",
        "symbol": "WBA",
        "reportedCurrency": "USD",
        "cik": "0001618921",
        "fillingDate": "1992-08-31",
        "acceptedDate": "1992-08-31 00:00:00",
        "calendarYear": "1992",
        "period": "Q4",
        "revenue": 1842300000,
        "costOfRevenue": 1223100000,
        "grossProfit": 619200000,
        "grossProfitRatio": 0.3361016121,
        "researchAndDevelopmentExpenses": 0,
        "generalAndAdministrativeExpenses": 0,
        "sellingAndMarketingExpenses": 0,
        "sellingGeneralAndAdministrativeExpenses": 443700000,
        "otherExpenses": 92100000,
        "operatingExpenses": 535800000,
        "costAndExpenses": 1758900000,
        "interestIncome": 0,
        "interestExpense": 0,
        "depreciationAndAmortization": 0,
        "ebitda": 80500000,
        "ebitdaratio": 0.0436953808,
        "operatingIncome": 83400000,
        "operatingIncomeRatio": 0.0452695001,
        "totalOtherIncomeExpensesNet": -1100000,
        "incomeBeforeTax": 82300000,
        "incomeBeforeTaxRatio": 0.0446724203,
        "incomeTaxExpense": 30900000,
        "netIncome": 51400000,
        "netIncomeRatio": 0.0278999077,
        "eps": 0.052,
        "epsdiluted": 0.052,
        "weightedAverageShsOut": 984568000,
        "weightedAverageShsOutDil": 984568000,
        "link": null,
        "finalLink": null
    },
    {
        "date": "1992-05-31",
        "symbol": "WBA",
        "reportedCurrency": "USD",
        "cik": "0001618921",
        "fillingDate": "1992-05-31",
        "acceptedDate": "1992-05-31 00:00:00",
        "calendarYear": "1992",
        "period": "Q3",
        "revenue": 1886000000,
        "costOfRevenue": 1360400000,
        "grossProfit": 525600000,
        "grossProfitRatio": 0.2786850477,
        "researchAndDevelopmentExpenses": 0,
        "generalAndAdministrativeExpenses": 0,
        "sellingAndMarketingExpenses": 0,
        "sellingGeneralAndAdministrativeExpenses": 434200000,
        "otherExpenses": 0,
        "operatingExpenses": 434200000,
        "costAndExpenses": 1794600000,
        "interestIncome": 0,
        "interestExpense": 0,
        "depreciationAndAmortization": 0,
        "ebitda": 88400000,
        "ebitdaratio": 0.0468716861,
        "operatingIncome": 91400000,
        "operatingIncomeRatio": 0.0484623542,
        "totalOtherIncomeExpensesNet": -900000,
        "incomeBeforeTax": 90500000,
        "incomeBeforeTaxRatio": 0.0479851538,
        "incomeTaxExpense": 33900000,
        "netIncome": 56600000,
        "netIncomeRatio": 0.0300106045,
        "eps": 0.0575,
        "epsdiluted": 0.0575,
        "weightedAverageShsOut": 984568000,
        "weightedAverageShsOutDil": 984568000,
        "link": null,
        "finalLink": null
    },
    {
        "date": "1992-02-29",
        "symbol": "WBA",
        "reportedCurrency": "USD",
        "cik": "0001618921",
        "fillingDate": "1992-02-29",
        "acceptedDate": "1992-02-29 00:00:00",
        "calendarYear": "1992",
        "period": "Q2",
        "revenue": 2038000000,
        "costOfRevenue": 1464800000,
        "grossProfit": 573200000,
        "grossProfitRatio": 0.2812561335,
        "researchAndDevelopmentExpenses": 0,
        "generalAndAdministrativeExpenses": 0,
        "sellingAndMarketingExpenses": 0,
        "sellingGeneralAndAdministrativeExpenses": 448300000,
        "otherExpenses": 0,
        "operatingExpenses": 448300000,
        "costAndExpenses": 1913100000,
        "interestIncome": 0,
        "interestExpense": 0,
        "depreciationAndAmortization": 0,
        "ebitda": 122400000,
        "ebitdaratio": 0.0600588813,
        "operatingIncome": 124900000,
        "operatingIncomeRatio": 0.0612855741,
        "totalOtherIncomeExpensesNet": -1500000,
        "incomeBeforeTax": 123400000,
        "incomeBeforeTaxRatio": 0.0605495584,
        "incomeTaxExpense": 46300000,
        "netIncome": 77100000,
        "netIncomeRatio": 0.0378312071,
        "eps": 0.0783,
        "epsdiluted": 0.0783,
        "weightedAverageShsOut": 984568000,
        "weightedAverageShsOutDil": 984568000,
        "link": null,
        "finalLink": null
    },
    {
        "date": "1991-11-30",
        "symbol": "WBA",
        "reportedCurrency": "USD",
        "cik": "0001618921",
        "fillingDate": "1991-11-30",
        "acceptedDate": "1991-11-30 00:00:00",
        "calendarYear": "1992",
        "period": "Q1",
        "revenue": 1708700000,
        "costOfRevenue": 1237300000,
        "grossProfit": 471400000,
        "grossProfitRatio": 0.2758822497,
        "researchAndDevelopmentExpenses": 0,
        "generalAndAdministrativeExpenses": 0,
        "sellingAndMarketingExpenses": 0,
        "sellingGeneralAndAdministrativeExpenses": 412600000,
        "otherExpenses": 0,
        "operatingExpenses": 412600000,
        "costAndExpenses": 1649900000,
        "interestIncome": 0,
        "interestExpense": 0,
        "depreciationAndAmortization": 0,
        "ebitda": 56900000,
        "ebitdaratio": 0.0333001697,
        "operatingIncome": 58800000,
        "operatingIncomeRatio": 0.0344121262,
        "totalOtherIncomeExpensesNet": -2100000,
        "incomeBeforeTax": 56700000,
        "incomeBeforeTaxRatio": 0.0331831217,
        "incomeTaxExpense": 21300000,
        "netIncome": 35400000,
        "netIncomeRatio": 0.0207175045,
        "eps": 0.036,
        "epsdiluted": 0.036,
        "weightedAverageShsOut": 984568000,
        "weightedAverageShsOutDil": 984568000,
        "link": null,
        "finalLink": null
    },
    {
        "date": "1991-08-31",
        "symbol": "WBA",
        "reportedCurrency": "USD",
        "cik": "0001618921",
        "fillingDate": "1991-08-31",
        "acceptedDate": "1991-08-31 00:00:00",
        "calendarYear": "1991",
        "period": "Q4",
        "revenue": 1667300000,
        "costOfRevenue": 1106400000,
        "grossProfit": 560900000,
        "grossProfitRatio": 0.3364121634,
        "researchAndDevelopmentExpenses": 0,
        "generalAndAdministrativeExpenses": 0,
        "sellingAndMarketingExpenses": 0,
        "sellingGeneralAndAdministrativeExpenses": 401200000,
        "otherExpenses": 84300000,
        "operatingExpenses": 485500000,
        "costAndExpenses": 1591900000,
        "interestIncome": 0,
        "interestExpense": 0,
        "depreciationAndAmortization": 0,
        "ebitda": 75400000,
        "ebitdaratio": 0.0452228153,
        "operatingIncome": 75400000,
        "operatingIncomeRatio": 0.0452228153,
        "totalOtherIncomeExpensesNet": -1600000,
        "incomeBeforeTax": 73800000,
        "incomeBeforeTaxRatio": 0.04426318,
        "incomeTaxExpense": 27700000,
        "netIncome": 46100000,
        "netIncomeRatio": 0.0276494932,
        "eps": 0.047,
        "epsdiluted": 0.047,
        "weightedAverageShsOut": 984568000,
        "weightedAverageShsOutDil": 984568000,
        "link": null,
        "finalLink": null
    },
    {
        "date": "1991-05-31",
        "symbol": "WBA",
        "reportedCurrency": "USD",
        "cik": "0001618921",
        "fillingDate": "1991-05-31",
        "acceptedDate": "1991-05-31 00:00:00",
        "calendarYear": "1991",
        "period": "Q3",
        "revenue": 1704400000,
        "costOfRevenue": 1223500000,
        "grossProfit": 480900000,
        "grossProfitRatio": 0.282152077,
        "researchAndDevelopmentExpenses": 0,
        "generalAndAdministrativeExpenses": 0,
        "sellingAndMarketingExpenses": 0,
        "sellingGeneralAndAdministrativeExpenses": 400800000,
        "otherExpenses": 0,
        "operatingExpenses": 400800000,
        "costAndExpenses": 1624300000,
        "interestIncome": 0,
        "interestExpense": 0,
        "depreciationAndAmortization": 0,
        "ebitda": 77000000,
        "ebitdaratio": 0.0451771885,
        "operatingIncome": 80100000,
        "operatingIncomeRatio": 0.0469960103,
        "totalOtherIncomeExpensesNet": -1200000,
        "incomeBeforeTax": 78900000,
        "incomeBeforeTaxRatio": 0.0462919502,
        "incomeTaxExpense": 29600000,
        "netIncome": 49300000,
        "netIncomeRatio": 0.0289251349,
        "eps": 0.0501,
        "epsdiluted": 0.0501,
        "weightedAverageShsOut": 984560000,
        "weightedAverageShsOutDil": 984560000,
        "link": null,
        "finalLink": null
    },
    {
        "date": "1991-02-28",
        "symbol": "WBA",
        "reportedCurrency": "USD",
        "cik": "0001618921",
        "fillingDate": "1991-02-28",
        "acceptedDate": "1991-02-28 00:00:00",
        "calendarYear": "1991",
        "period": "Q2",
        "revenue": 1820800000,
        "costOfRevenue": 1303100000,
        "grossProfit": 517700000,
        "grossProfitRatio": 0.2843255712,
        "researchAndDevelopmentExpenses": 0,
        "generalAndAdministrativeExpenses": 0,
        "sellingAndMarketingExpenses": 0,
        "sellingGeneralAndAdministrativeExpenses": 405000000,
        "otherExpenses": 0,
        "operatingExpenses": 405000000,
        "costAndExpenses": 1708100000,
        "interestIncome": 0,
        "interestExpense": 0,
        "depreciationAndAmortization": 0,
        "ebitda": 108900000,
        "ebitdaratio": 0.0598088752,
        "operatingIncome": 112700000,
        "operatingIncomeRatio": 0.0618958699,
        "totalOtherIncomeExpensesNet": -4700000,
        "incomeBeforeTax": 108000000,
        "incomeBeforeTaxRatio": 0.059314587,
        "incomeTaxExpense": 40500000,
        "netIncome": 67500000,
        "netIncomeRatio": 0.0370716169,
        "eps": 0.0686,
        "epsdiluted": 0.0686,
        "weightedAverageShsOut": 984552000,
        "weightedAverageShsOutDil": 984552000,
        "link": null,
        "finalLink": null
    },
    {
        "date": "1990-11-30",
        "symbol": "WBA",
        "reportedCurrency": "USD",
        "cik": "0001618921",
        "fillingDate": "1990-11-30",
        "acceptedDate": "1990-11-30 00:00:00",
        "calendarYear": "1991",
        "period": "Q1",
        "revenue": 1540500000,
        "costOfRevenue": 1111900000,
        "grossProfit": 428600000,
        "grossProfitRatio": 0.2782213567,
        "researchAndDevelopmentExpenses": 0,
        "generalAndAdministrativeExpenses": 0,
        "sellingAndMarketingExpenses": 0,
        "sellingGeneralAndAdministrativeExpenses": 375700000,
        "otherExpenses": 0,
        "operatingExpenses": 375700000,
        "costAndExpenses": 1487600000,
        "interestIncome": 0,
        "interestExpense": 0,
        "depreciationAndAmortization": 0,
        "ebitda": 49800000,
        "ebitdaratio": 0.0323271665,
        "operatingIncome": 52900000,
        "operatingIncomeRatio": 0.0343395002,
        "totalOtherIncomeExpensesNet": -1500000,
        "incomeBeforeTax": 51400000,
        "incomeBeforeTaxRatio": 0.0333657903,
        "incomeTaxExpense": 19300000,
        "netIncome": 32100000,
        "netIncomeRatio": 0.0208373905,
        "eps": 0.0326,
        "epsdiluted": 0.0326,
        "weightedAverageShsOut": 984504000,
        "weightedAverageShsOutDil": 984504000,
        "link": null,
        "finalLink": null
    },
    {
        "date": "1990-08-31",
        "symbol": "WBA",
        "reportedCurrency": "USD",
        "cik": "0001618921",
        "fillingDate": "1990-08-31",
        "acceptedDate": "1990-08-31 00:00:00",
        "calendarYear": "1990",
        "period": "Q4",
        "revenue": 1492300000,
        "costOfRevenue": 1047300000,
        "grossProfit": 445000000,
        "grossProfitRatio": 0.2981974134,
        "researchAndDevelopmentExpenses": 0,
        "generalAndAdministrativeExpenses": 0,
        "sellingAndMarketingExpenses": 0,
        "sellingGeneralAndAdministrativeExpenses": 358700000,
        "otherExpenses": 19700000,
        "operatingExpenses": 378400000,
        "costAndExpenses": 1425700000,
        "interestIncome": 0,
        "interestExpense": 0,
        "depreciationAndAmortization": 19700000,
        "ebitda": 86300000,
        "ebitdaratio": 0.057830195,
        "operatingIncome": 66600000,
        "operatingIncomeRatio": 0.044629096,
        "totalOtherIncomeExpensesNet": -400000,
        "incomeBeforeTax": 66200000,
        "incomeBeforeTaxRatio": 0.0443610534,
        "incomeTaxExpense": 25800000,
        "netIncome": 40400000,
        "netIncomeRatio": 0.0270723045,
        "eps": 0.041,
        "epsdiluted": 0.041,
        "weightedAverageShsOut": 984384000,
        "weightedAverageShsOutDil": 984504000,
        "link": null,
        "finalLink": null
    },
    {
        "date": "1990-05-31",
        "symbol": "WBA",
        "reportedCurrency": "USD",
        "cik": "0001618921",
        "fillingDate": "1990-05-31",
        "acceptedDate": "1990-05-31 00:00:00",
        "calendarYear": "1990",
        "period": "Q3",
        "revenue": 1521800000,
        "costOfRevenue": 1081700000,
        "grossProfit": 440100000,
        "grossProfitRatio": 0.2891970035,
        "researchAndDevelopmentExpenses": 0,
        "generalAndAdministrativeExpenses": 0,
        "sellingAndMarketingExpenses": 0,
        "sellingGeneralAndAdministrativeExpenses": 352900000,
        "otherExpenses": 16900000,
        "operatingExpenses": 369800000,
        "costAndExpenses": 1451500000,
        "interestIncome": 0,
        "interestExpense": 0,
        "depreciationAndAmortization": 17500000,
        "ebitda": 87800000,
        "ebitdaratio": 0.0576948351,
        "operatingIncome": 70300000,
        "operatingIncomeRatio": 0.046195295,
        "totalOtherIncomeExpensesNet": -600000,
        "incomeBeforeTax": 69700000,
        "incomeBeforeTaxRatio": 0.0458010251,
        "incomeTaxExpense": 26100000,
        "netIncome": 43600000,
        "netIncomeRatio": 0.0286502826,
        "eps": 0.0443,
        "epsdiluted": 0.0443,
        "weightedAverageShsOut": 984328000,
        "weightedAverageShsOutDil": 984328000,
        "link": null,
        "finalLink": null
    },
    {
        "date": "1990-02-28",
        "symbol": "WBA",
        "reportedCurrency": "USD",
        "cik": "0001618921",
        "fillingDate": "1990-02-28",
        "acceptedDate": "1990-02-28 00:00:00",
        "calendarYear": "1990",
        "period": "Q2",
        "revenue": 1646600000,
        "costOfRevenue": 1170000000,
        "grossProfit": 476600000,
        "grossProfitRatio": 0.2894449168,
        "researchAndDevelopmentExpenses": 0,
        "generalAndAdministrativeExpenses": 0,
        "sellingAndMarketingExpenses": 0,
        "sellingGeneralAndAdministrativeExpenses": 360200000,
        "otherExpenses": 16600000,
        "operatingExpenses": 376800000,
        "costAndExpenses": 1546800000,
        "interestIncome": 0,
        "interestExpense": 0,
        "depreciationAndAmortization": 16900000,
        "ebitda": 116700000,
        "ebitdaratio": 0.0708733147,
        "operatingIncome": 99800000,
        "operatingIncomeRatio": 0.0606097413,
        "totalOtherIncomeExpensesNet": -700000,
        "incomeBeforeTax": 99100000,
        "incomeBeforeTaxRatio": 0.0601846229,
        "incomeTaxExpense": 37200000,
        "netIncome": 61900000,
        "netIncomeRatio": 0.0375926151,
        "eps": 0.0629,
        "epsdiluted": 0.0629,
        "weightedAverageShsOut": 984296000,
        "weightedAverageShsOutDil": 984296000,
        "link": null,
        "finalLink": null
    },
    {
        "date": "1989-11-30",
        "symbol": "WBA",
        "reportedCurrency": "USD",
        "cik": "0001618921",
        "fillingDate": "1989-11-30",
        "acceptedDate": "1989-11-30 00:00:00",
        "calendarYear": "1990",
        "period": "Q1",
        "revenue": 1386800000,
        "costOfRevenue": 988000000,
        "grossProfit": 398800000,
        "grossProfitRatio": 0.287568503,
        "researchAndDevelopmentExpenses": 0,
        "generalAndAdministrativeExpenses": 0,
        "sellingAndMarketingExpenses": 0,
        "sellingGeneralAndAdministrativeExpenses": 335200000,
        "otherExpenses": 16300000,
        "operatingExpenses": 351500000,
        "costAndExpenses": 1339500000,
        "interestIncome": 0,
        "interestExpense": 0,
        "depreciationAndAmortization": 16300000,
        "ebitda": 63600000,
        "ebitdaratio": 0.0458609749,
        "operatingIncome": 47300000,
        "operatingIncomeRatio": 0.0341072974,
        "totalOtherIncomeExpensesNet": -1400000,
        "incomeBeforeTax": 45900000,
        "incomeBeforeTaxRatio": 0.0330977791,
        "incomeTaxExpense": 17200000,
        "netIncome": 28700000,
        "netIncomeRatio": 0.0206951255,
        "eps": 0.0292,
        "epsdiluted": 0.0292,
        "weightedAverageShsOut": 984272000,
        "weightedAverageShsOutDil": 984272000,
        "link": null,
        "finalLink": null
    },
    {
        "date": "1989-08-31",
        "symbol": "WBA",
        "reportedCurrency": "USD",
        "cik": "0001618921",
        "fillingDate": "1989-08-31",
        "acceptedDate": "1989-08-30 20:00:00",
        "calendarYear": "1989",
        "period": "Q4",
        "revenue": 1341000000,
        "costOfRevenue": 0,
        "grossProfit": 1341000000,
        "grossProfitRatio": 1,
        "researchAndDevelopmentExpenses": 0,
        "generalAndAdministrativeExpenses": 0,
        "sellingAndMarketingExpenses": 0,
        "sellingGeneralAndAdministrativeExpenses": 0,
        "otherExpenses": 1341000000,
        "operatingExpenses": 1341000000,
        "costAndExpenses": 1341000000,
        "interestIncome": 0,
        "interestExpense": 0,
        "depreciationAndAmortization": 0,
        "ebitda": -3785600000,
        "ebitdaratio": -2.8229679344,
        "operatingIncome": -3785600000,
        "operatingIncomeRatio": -2.8229679344,
        "totalOtherIncomeExpensesNet": 3785600000,
        "incomeBeforeTax": 0,
        "incomeBeforeTaxRatio": 0,
        "incomeTaxExpense": 0,
        "netIncome": 33600000,
        "netIncomeRatio": 0.0250559284,
        "eps": 0.03,
        "epsdiluted": 0.03,
        "weightedAverageShsOut": 984272000,
        "weightedAverageShsOutDil": 984272000,
        "link": "",
        "finalLink": ""
    },
    {
        "date": "1989-05-31",
        "symbol": "WBA",
        "reportedCurrency": "USD",
        "cik": "0001618921",
        "fillingDate": "1989-05-31",
        "acceptedDate": "1989-05-30 20:00:00",
        "calendarYear": "1989",
        "period": "Q3",
        "revenue": 1350700000,
        "costOfRevenue": 0,
        "grossProfit": 1350700000,
        "grossProfitRatio": 1,
        "researchAndDevelopmentExpenses": 0,
        "generalAndAdministrativeExpenses": 0,
        "sellingAndMarketingExpenses": 0,
        "sellingGeneralAndAdministrativeExpenses": 0,
        "otherExpenses": 1350700000,
        "operatingExpenses": 1350700000,
        "costAndExpenses": 1350700000,
        "interestIncome": 0,
        "interestExpense": 0,
        "depreciationAndAmortization": 0,
        "ebitda": 1350700000,
        "ebitdaratio": 1,
        "operatingIncome": 1350700000,
        "operatingIncomeRatio": 1,
        "totalOtherIncomeExpensesNet": -1350700000,
        "incomeBeforeTax": 0,
        "incomeBeforeTaxRatio": 0,
        "incomeTaxExpense": 0,
        "netIncome": 38500000,
        "netIncomeRatio": 0.0285037388,
        "eps": 0.0391,
        "epsdiluted": 0.0391,
        "weightedAverageShsOut": 984224000,
        "weightedAverageShsOutDil": 984224000,
        "link": "",
        "finalLink": ""
    },
    {
        "date": "1989-02-28",
        "symbol": "WBA",
        "reportedCurrency": "USD",
        "cik": "0001618921",
        "fillingDate": "1989-02-28",
        "acceptedDate": "1989-02-27 19:00:00",
        "calendarYear": "1989",
        "period": "Q2",
        "revenue": 1476700000,
        "costOfRevenue": 0,
        "grossProfit": 1476700000,
        "grossProfitRatio": 1,
        "researchAndDevelopmentExpenses": 0,
        "generalAndAdministrativeExpenses": 0,
        "sellingAndMarketingExpenses": 0,
        "sellingGeneralAndAdministrativeExpenses": 0,
        "otherExpenses": 1476700000,
        "operatingExpenses": 1476700000,
        "costAndExpenses": 1476700000,
        "interestIncome": 0,
        "interestExpense": 0,
        "depreciationAndAmortization": 0,
        "ebitda": 1476700000,
        "ebitdaratio": 1,
        "operatingIncome": 1476700000,
        "operatingIncomeRatio": 1,
        "totalOtherIncomeExpensesNet": -1476700000,
        "incomeBeforeTax": 0,
        "incomeBeforeTaxRatio": 0,
        "incomeTaxExpense": 0,
        "netIncome": 57300000,
        "netIncomeRatio": 0.0388027358,
        "eps": 0.0582,
        "epsdiluted": 0.0582,
        "weightedAverageShsOut": 984224000,
        "weightedAverageShsOutDil": 984224000,
        "link": "",
        "finalLink": ""
    },
    {
        "date": "1988-11-30",
        "symbol": "WBA",
        "reportedCurrency": "USD",
        "cik": "0001618921",
        "fillingDate": "1988-11-30",
        "acceptedDate": "1988-11-29 19:00:00",
        "calendarYear": "1989",
        "period": "Q1",
        "revenue": 1211700000,
        "costOfRevenue": 0,
        "grossProfit": 1211700000,
        "grossProfitRatio": 1,
        "researchAndDevelopmentExpenses": 0,
        "generalAndAdministrativeExpenses": 0,
        "sellingAndMarketingExpenses": 0,
        "sellingGeneralAndAdministrativeExpenses": 0,
        "otherExpenses": 1211700000,
        "operatingExpenses": 1211700000,
        "costAndExpenses": 1211700000,
        "interestIncome": 0,
        "interestExpense": 0,
        "depreciationAndAmortization": 0,
        "ebitda": 1211700000,
        "ebitdaratio": 1,
        "operatingIncome": 1211700000,
        "operatingIncomeRatio": 1,
        "totalOtherIncomeExpensesNet": -1211700000,
        "incomeBeforeTax": 0,
        "incomeBeforeTaxRatio": 0,
        "incomeTaxExpense": 0,
        "netIncome": 24700000,
        "netIncomeRatio": 0.0203845836,
        "eps": 0.0251,
        "epsdiluted": 0.0251,
        "weightedAverageShsOut": 984224000,
        "weightedAverageShsOutDil": 984224000,
        "link": "",
        "finalLink": ""
    },
    {
        "date": "1988-08-31",
        "symbol": "WBA",
        "reportedCurrency": "USD",
        "cik": "0001618921",
        "fillingDate": "1988-08-31",
        "acceptedDate": "1988-08-30 20:00:00",
        "calendarYear": "1988",
        "period": "Q4",
        "revenue": 1201900000,
        "costOfRevenue": 0,
        "grossProfit": 1201900000,
        "grossProfitRatio": 1,
        "researchAndDevelopmentExpenses": 0,
        "generalAndAdministrativeExpenses": 0,
        "sellingAndMarketingExpenses": 0,
        "sellingGeneralAndAdministrativeExpenses": 0,
        "otherExpenses": 1201900000,
        "operatingExpenses": 1201900000,
        "costAndExpenses": 1201900000,
        "interestIncome": 0,
        "interestExpense": 0,
        "depreciationAndAmortization": 0,
        "ebitda": -3457400000,
        "ebitdaratio": -2.876612031,
        "operatingIncome": -3457400000,
        "operatingIncomeRatio": -2.876612031,
        "totalOtherIncomeExpensesNet": 3457400000,
        "incomeBeforeTax": 0,
        "incomeBeforeTaxRatio": 0,
        "incomeTaxExpense": 0,
        "netIncome": 32000000,
        "netIncomeRatio": 0.0266245112,
        "eps": 0.04,
        "epsdiluted": 0.04,
        "weightedAverageShsOut": 984224000,
        "weightedAverageShsOutDil": 984224000,
        "link": "",
        "finalLink": ""
    },
    {
        "date": "1988-05-31",
        "symbol": "WBA",
        "reportedCurrency": "USD",
        "cik": "0001618921",
        "fillingDate": "1988-05-31",
        "acceptedDate": "1988-05-30 20:00:00",
        "calendarYear": "1988",
        "period": "Q3",
        "revenue": 1215900000,
        "costOfRevenue": 0,
        "grossProfit": 1215900000,
        "grossProfitRatio": 1,
        "researchAndDevelopmentExpenses": 0,
        "generalAndAdministrativeExpenses": 0,
        "sellingAndMarketingExpenses": 0,
        "sellingGeneralAndAdministrativeExpenses": 0,
        "otherExpenses": 1215900000,
        "operatingExpenses": 1215900000,
        "costAndExpenses": 1215900000,
        "interestIncome": 0,
        "interestExpense": 0,
        "depreciationAndAmortization": 0,
        "ebitda": 1215900000,
        "ebitdaratio": 1,
        "operatingIncome": 1215900000,
        "operatingIncomeRatio": 1,
        "totalOtherIncomeExpensesNet": -1215900000,
        "incomeBeforeTax": 0,
        "incomeBeforeTaxRatio": 0,
        "incomeTaxExpense": 0,
        "netIncome": 30800000,
        "netIncomeRatio": 0.0253310305,
        "eps": 0.0313,
        "epsdiluted": 0.0313,
        "weightedAverageShsOut": 984096000,
        "weightedAverageShsOutDil": 984096000,
        "link": "",
        "finalLink": ""
    },
    {
        "date": "1988-02-29",
        "symbol": "WBA",
        "reportedCurrency": "USD",
        "cik": "0001618921",
        "fillingDate": "1988-02-29",
        "acceptedDate": "1988-02-28 19:00:00",
        "calendarYear": "1988",
        "period": "Q2",
        "revenue": 1350900000,
        "costOfRevenue": 0,
        "grossProfit": 1350900000,
        "grossProfitRatio": 1,
        "researchAndDevelopmentExpenses": 0,
        "generalAndAdministrativeExpenses": 0,
        "sellingAndMarketingExpenses": 0,
        "sellingGeneralAndAdministrativeExpenses": 0,
        "otherExpenses": 1350900000,
        "operatingExpenses": 1350900000,
        "costAndExpenses": 1350900000,
        "interestIncome": 0,
        "interestExpense": 0,
        "depreciationAndAmortization": 0,
        "ebitda": 1350900000,
        "ebitdaratio": 1,
        "operatingIncome": 1350900000,
        "operatingIncomeRatio": 1,
        "totalOtherIncomeExpensesNet": -1350900000,
        "incomeBeforeTax": 0,
        "incomeBeforeTaxRatio": 0,
        "incomeTaxExpense": 0,
        "netIncome": 47500000,
        "netIncomeRatio": 0.035161744,
        "eps": 0.0483,
        "epsdiluted": 0.0483,
        "weightedAverageShsOut": 984096000,
        "weightedAverageShsOutDil": 984096000,
        "link": "",
        "finalLink": ""
    },
    {
        "date": "1987-11-30",
        "symbol": "WBA",
        "reportedCurrency": "USD",
        "cik": "0001618921",
        "fillingDate": "1987-11-30",
        "acceptedDate": "1987-11-29 19:00:00",
        "calendarYear": "1988",
        "period": "Q1",
        "revenue": 1114800000,
        "costOfRevenue": 0,
        "grossProfit": 1114800000,
        "grossProfitRatio": 1,
        "researchAndDevelopmentExpenses": 0,
        "generalAndAdministrativeExpenses": 0,
        "sellingAndMarketingExpenses": 0,
        "sellingGeneralAndAdministrativeExpenses": 0,
        "otherExpenses": 1114800000,
        "operatingExpenses": 1114800000,
        "costAndExpenses": 1114800000,
        "interestIncome": 0,
        "interestExpense": 0,
        "depreciationAndAmortization": 0,
        "ebitda": 1114800000,
        "ebitdaratio": 1,
        "operatingIncome": 1114800000,
        "operatingIncomeRatio": 1,
        "totalOtherIncomeExpensesNet": -1114800000,
        "incomeBeforeTax": 0,
        "incomeBeforeTaxRatio": 0,
        "incomeTaxExpense": 0,
        "netIncome": 18800000,
        "netIncomeRatio": 0.0168640115,
        "eps": 0.0191,
        "epsdiluted": 0.0191,
        "weightedAverageShsOut": 984096000,
        "weightedAverageShsOutDil": 984096000,
        "link": "",
        "finalLink": ""
    },
    {
        "date": "1987-08-31",
        "symbol": "WBA",
        "reportedCurrency": "USD",
        "cik": "0001618921",
        "fillingDate": "1987-08-31",
        "acceptedDate": "1987-08-30 20:00:00",
        "calendarYear": "1987",
        "period": "Q4",
        "revenue": 1075100000,
        "costOfRevenue": 0,
        "grossProfit": 1075100000,
        "grossProfitRatio": 1,
        "researchAndDevelopmentExpenses": 0,
        "generalAndAdministrativeExpenses": 0,
        "sellingAndMarketingExpenses": 0,
        "sellingGeneralAndAdministrativeExpenses": 0,
        "otherExpenses": 1075100000,
        "operatingExpenses": 1075100000,
        "costAndExpenses": 1075100000,
        "interestIncome": 0,
        "interestExpense": 0,
        "depreciationAndAmortization": 0,
        "ebitda": -2995800000,
        "ebitdaratio": -2.7865314854,
        "operatingIncome": -2995800000,
        "operatingIncomeRatio": -2.7865314854,
        "totalOtherIncomeExpensesNet": 2995800000,
        "incomeBeforeTax": 0,
        "incomeBeforeTaxRatio": 0,
        "incomeTaxExpense": 0,
        "netIncome": 26200000,
        "netIncomeRatio": 0.0243698261,
        "eps": 0.03,
        "epsdiluted": 0.03,
        "weightedAverageShsOut": 984064000,
        "weightedAverageShsOutDil": 984096000,
        "link": "",
        "finalLink": ""
    },
    {
        "date": "1987-05-31",
        "symbol": "WBA",
        "reportedCurrency": "USD",
        "cik": "0001618921",
        "fillingDate": "1987-05-31",
        "acceptedDate": "1987-05-30 20:00:00",
        "calendarYear": "1987",
        "period": "Q3",
        "revenue": 1070800000,
        "costOfRevenue": 0,
        "grossProfit": 1070800000,
        "grossProfitRatio": 1,
        "researchAndDevelopmentExpenses": 0,
        "generalAndAdministrativeExpenses": 0,
        "sellingAndMarketingExpenses": 0,
        "sellingGeneralAndAdministrativeExpenses": 0,
        "otherExpenses": 1070800000,
        "operatingExpenses": 1070800000,
        "costAndExpenses": 1070800000,
        "interestIncome": 0,
        "interestExpense": 0,
        "depreciationAndAmortization": 0,
        "ebitda": 1070800000,
        "ebitdaratio": 1,
        "operatingIncome": 1070800000,
        "operatingIncomeRatio": 1,
        "totalOtherIncomeExpensesNet": -1070800000,
        "incomeBeforeTax": 0,
        "incomeBeforeTaxRatio": 0,
        "incomeTaxExpense": 0,
        "netIncome": 25300000,
        "netIncomeRatio": 0.0236271946,
        "eps": 0.0257,
        "epsdiluted": 0.0257,
        "weightedAverageShsOut": 983968000,
        "weightedAverageShsOutDil": 983968000,
        "link": "",
        "finalLink": ""
    },
    {
        "date": "1987-02-28",
        "symbol": "WBA",
        "reportedCurrency": "USD",
        "cik": "0001618921",
        "fillingDate": "1987-02-28",
        "acceptedDate": "1987-02-27 19:00:00",
        "calendarYear": "1987",
        "period": "Q2",
        "revenue": 1175400000,
        "costOfRevenue": 0,
        "grossProfit": 1175400000,
        "grossProfitRatio": 1,
        "researchAndDevelopmentExpenses": 0,
        "generalAndAdministrativeExpenses": 0,
        "sellingAndMarketingExpenses": 0,
        "sellingGeneralAndAdministrativeExpenses": 0,
        "otherExpenses": 1175400000,
        "operatingExpenses": 1175400000,
        "costAndExpenses": 1175400000,
        "interestIncome": 0,
        "interestExpense": 0,
        "depreciationAndAmortization": 0,
        "ebitda": 1175400000,
        "ebitdaratio": 1,
        "operatingIncome": 1175400000,
        "operatingIncomeRatio": 1,
        "totalOtherIncomeExpensesNet": -1175400000,
        "incomeBeforeTax": 0,
        "incomeBeforeTaxRatio": 0,
        "incomeTaxExpense": 0,
        "netIncome": 38800000,
        "netIncomeRatio": 0.0330100391,
        "eps": 0.0394,
        "epsdiluted": 0.0394,
        "weightedAverageShsOut": 983920000,
        "weightedAverageShsOutDil": 983920000,
        "link": "",
        "finalLink": ""
    },
    {
        "date": "1986-11-30",
        "symbol": "WBA",
        "reportedCurrency": "USD",
        "cik": "0001618921",
        "fillingDate": "1986-11-30",
        "acceptedDate": "1986-11-29 19:00:00",
        "calendarYear": "1987",
        "period": "Q1",
        "revenue": 960300000,
        "costOfRevenue": 0,
        "grossProfit": 960300000,
        "grossProfitRatio": 1,
        "researchAndDevelopmentExpenses": 0,
        "generalAndAdministrativeExpenses": 0,
        "sellingAndMarketingExpenses": 0,
        "sellingGeneralAndAdministrativeExpenses": 0,
        "otherExpenses": 960300000,
        "operatingExpenses": 960300000,
        "costAndExpenses": 960300000,
        "interestIncome": 0,
        "interestExpense": 0,
        "depreciationAndAmortization": 0,
        "ebitda": 960300000,
        "ebitdaratio": 1,
        "operatingIncome": 960300000,
        "operatingIncomeRatio": 1,
        "totalOtherIncomeExpensesNet": -960300000,
        "incomeBeforeTax": 0,
        "incomeBeforeTaxRatio": 0,
        "incomeTaxExpense": 0,
        "netIncome": 13200000,
        "netIncomeRatio": 0.0137457045,
        "eps": 0.0134,
        "epsdiluted": 0.0134,
        "weightedAverageShsOut": 983920000,
        "weightedAverageShsOutDil": 983920000,
        "link": "",
        "finalLink": ""
    },
    {
        "date": "1986-08-31",
        "symbol": "WBA",
        "reportedCurrency": "USD",
        "cik": "0001618921",
        "fillingDate": "1986-08-31",
        "acceptedDate": "1986-08-30 20:00:00",
        "calendarYear": "1986",
        "period": "Q4",
        "revenue": 926700000,
        "costOfRevenue": 0,
        "grossProfit": 926700000,
        "grossProfitRatio": 1,
        "researchAndDevelopmentExpenses": 0,
        "generalAndAdministrativeExpenses": 0,
        "sellingAndMarketingExpenses": 0,
        "sellingGeneralAndAdministrativeExpenses": 0,
        "otherExpenses": 926700000,
        "operatingExpenses": 926700000,
        "costAndExpenses": 926700000,
        "interestIncome": 0,
        "interestExpense": 0,
        "depreciationAndAmortization": 0,
        "ebitda": -2537300000,
        "ebitdaratio": -2.7379950361,
        "operatingIncome": -2537300000,
        "operatingIncomeRatio": -2.7379950361,
        "totalOtherIncomeExpensesNet": 2537300000,
        "incomeBeforeTax": 0,
        "incomeBeforeTaxRatio": 0,
        "incomeTaxExpense": 0,
        "netIncome": 26200000,
        "netIncomeRatio": 0.0282723643,
        "eps": 0.03,
        "epsdiluted": 0.03,
        "weightedAverageShsOut": 983920000,
        "weightedAverageShsOutDil": 983920000,
        "link": "",
        "finalLink": ""
    },
    {
        "date": "1986-05-31",
        "symbol": "WBA",
        "reportedCurrency": "USD",
        "cik": "0001618921",
        "fillingDate": "1986-05-31",
        "acceptedDate": "1986-05-30 20:00:00",
        "calendarYear": "1986",
        "period": "Q3",
        "revenue": 913900000,
        "costOfRevenue": 0,
        "grossProfit": 913900000,
        "grossProfitRatio": 1,
        "researchAndDevelopmentExpenses": 0,
        "generalAndAdministrativeExpenses": 0,
        "sellingAndMarketingExpenses": 0,
        "sellingGeneralAndAdministrativeExpenses": 0,
        "otherExpenses": 913900000,
        "operatingExpenses": 913900000,
        "costAndExpenses": 913900000,
        "interestIncome": 0,
        "interestExpense": 0,
        "depreciationAndAmortization": 0,
        "ebitda": 913900000,
        "ebitdaratio": 1,
        "operatingIncome": 913900000,
        "operatingIncomeRatio": 1,
        "totalOtherIncomeExpensesNet": -913900000,
        "incomeBeforeTax": 0,
        "incomeBeforeTaxRatio": 0,
        "incomeTaxExpense": 0,
        "netIncome": 24100000,
        "netIncomeRatio": 0.0263705001,
        "eps": 0.0245,
        "epsdiluted": 0.0245,
        "weightedAverageShsOut": 983840000,
        "weightedAverageShsOutDil": 983840000,
        "link": "",
        "finalLink": ""
    },
    {
        "date": "1986-02-28",
        "symbol": "WBA",
        "reportedCurrency": "USD",
        "cik": "0001618921",
        "fillingDate": "1986-02-28",
        "acceptedDate": "1986-02-27 19:00:00",
        "calendarYear": "1986",
        "period": "Q2",
        "revenue": 1002300000,
        "costOfRevenue": 0,
        "grossProfit": 1002300000,
        "grossProfitRatio": 1,
        "researchAndDevelopmentExpenses": 0,
        "generalAndAdministrativeExpenses": 0,
        "sellingAndMarketingExpenses": 0,
        "sellingGeneralAndAdministrativeExpenses": 0,
        "otherExpenses": 1002300000,
        "operatingExpenses": 1002300000,
        "costAndExpenses": 1002300000,
        "interestIncome": 0,
        "interestExpense": 0,
        "depreciationAndAmortization": 0,
        "ebitda": 1002300000,
        "ebitdaratio": 1,
        "operatingIncome": 1002300000,
        "operatingIncomeRatio": 1,
        "totalOtherIncomeExpensesNet": -1002300000,
        "incomeBeforeTax": 0,
        "incomeBeforeTaxRatio": 0,
        "incomeTaxExpense": 0,
        "netIncome": 35700000,
        "netIncomeRatio": 0.0356180784,
        "eps": 0.0363,
        "epsdiluted": 0.0363,
        "weightedAverageShsOut": 983824000,
        "weightedAverageShsOutDil": 983824000,
        "link": "",
        "finalLink": ""
    },
    {
        "date": "1985-11-30",
        "symbol": "WBA",
        "reportedCurrency": "USD",
        "cik": "0001618921",
        "fillingDate": "1985-11-30",
        "acceptedDate": "1985-11-29 19:00:00",
        "calendarYear": "1986",
        "period": "Q1",
        "revenue": 817700000,
        "costOfRevenue": 0,
        "grossProfit": 817700000,
        "grossProfitRatio": 1,
        "researchAndDevelopmentExpenses": 0,
        "generalAndAdministrativeExpenses": 0,
        "sellingAndMarketingExpenses": 0,
        "sellingGeneralAndAdministrativeExpenses": 0,
        "otherExpenses": 817700000,
        "operatingExpenses": 817700000,
        "costAndExpenses": 817700000,
        "interestIncome": 0,
        "interestExpense": 0,
        "depreciationAndAmortization": 0,
        "ebitda": 817700000,
        "ebitdaratio": 1,
        "operatingIncome": 817700000,
        "operatingIncomeRatio": 1,
        "totalOtherIncomeExpensesNet": -817700000,
        "incomeBeforeTax": 0,
        "incomeBeforeTaxRatio": 0,
        "incomeTaxExpense": 0,
        "netIncome": 17200000,
        "netIncomeRatio": 0.0210346093,
        "eps": 0.0175,
        "epsdiluted": 0.0175,
        "weightedAverageShsOut": 982224000,
        "weightedAverageShsOutDil": 982224000,
        "link": "",
        "finalLink": ""
    },
    {
        "date": "1985-08-31",
        "symbol": "WBA",
        "reportedCurrency": "USD",
        "cik": "0001618921",
        "fillingDate": "1985-08-31",
        "acceptedDate": "1985-08-30 20:00:00",
        "calendarYear": "1985",
        "period": "Q4",
        "revenue": 778800000,
        "costOfRevenue": 0,
        "grossProfit": 778800000,
        "grossProfitRatio": 1,
        "researchAndDevelopmentExpenses": 0,
        "generalAndAdministrativeExpenses": 0,
        "sellingAndMarketingExpenses": 0,
        "sellingGeneralAndAdministrativeExpenses": 0,
        "otherExpenses": 778800000,
        "operatingExpenses": 778800000,
        "costAndExpenses": 778800000,
        "interestIncome": 0,
        "interestExpense": 0,
        "depreciationAndAmortization": 0,
        "ebitda": -2205300000,
        "ebitdaratio": -2.8316640986,
        "operatingIncome": -2205300000,
        "operatingIncomeRatio": -2.8316640986,
        "totalOtherIncomeExpensesNet": 2205300000,
        "incomeBeforeTax": 0,
        "incomeBeforeTaxRatio": 0,
        "incomeTaxExpense": 0,
        "netIncome": 26100000,
        "netIncomeRatio": 0.0335130971,
        "eps": 0.03,
        "epsdiluted": 0.03,
        "weightedAverageShsOut": 982224000,
        "weightedAverageShsOutDil": 982224000,
        "link": "",
        "finalLink": ""
    }
]