[
    {
        "date": "2022-03-31",
        "symbol": "WLL",
        "reportedCurrency": "USD",
        "cik": "0001255474",
        "fillingDate": "2022-05-04",
        "acceptedDate": "2022-05-04 16:18:28",
        "calendarYear": "2022",
        "period": "Q1",
        "revenue": 526856000,
        "costOfRevenue": 49233000,
        "grossProfit": 477623000,
        "grossProfitRatio": 0.9065532138,
        "researchAndDevelopmentExpenses": 0,
        "generalAndAdministrativeExpenses": 18585000,
        "sellingAndMarketingExpenses": 0,
        "sellingGeneralAndAdministrativeExpenses": 18585000,
        "otherExpenses": 553574000,
        "operatingExpenses": 572159000,
        "costAndExpenses": 621392000,
        "interestIncome": 0,
        "interestExpense": 2278000,
        "depreciationAndAmortization": 66672000,
        "ebitda": -27864000,
        "ebitdaratio": -0.0528873165,
        "operatingIncome": -94536000,
        "operatingIncomeRatio": -0.1794342287,
        "totalOtherIncomeExpensesNet": 64394000,
        "incomeBeforeTax": -30142000,
        "incomeBeforeTaxRatio": -0.0572110785,
        "incomeTaxExpense": 7287000,
        "netIncome": -37429000,
        "netIncomeRatio": -0.0710421823,
        "eps": -30.7,
        "epsdiluted": -30.7,
        "weightedAverageShsOut": 1219053,
        "weightedAverageShsOutDil": 1219053,
        "link": "https://www.sec.gov/Archives/edgar/data/1255474/000125547422000024/0001255474-22-000024-index.htm",
        "finalLink": "https://www.sec.gov/Archives/edgar/data/1255474/000125547422000024/wll-20220331x10q.htm"
    },
    {
        "date": "2021-12-31",
        "symbol": "WLL",
        "reportedCurrency": "USD",
        "cik": "0001255474",
        "fillingDate": "2022-02-23",
        "acceptedDate": "2022-02-23 16:30:57",
        "calendarYear": "2021",
        "period": "Q4",
        "revenue": 473407000,
        "costOfRevenue": 159276000,
        "grossProfit": 314131000,
        "grossProfitRatio": 0.6635537709,
        "researchAndDevelopmentExpenses": 0,
        "generalAndAdministrativeExpenses": 15273000,
        "sellingAndMarketingExpenses": 0,
        "sellingGeneralAndAdministrativeExpenses": 15273000,
        "otherExpenses": 1089000,
        "operatingExpenses": 16362000,
        "costAndExpenses": 175638000,
        "interestIncome": 486000,
        "interestExpense": 2532000,
        "depreciationAndAmortization": 152746000,
        "ebitda": 448367000,
        "ebitdaratio": 0.9471068235,
        "operatingIncome": 295621000,
        "operatingIncomeRatio": 0.6244542223,
        "totalOtherIncomeExpensesNet": -2532000,
        "incomeBeforeTax": 293089000,
        "incomeBeforeTaxRatio": 0.6191057589,
        "incomeTaxExpense": 910000,
        "netIncome": 292179000,
        "netIncomeRatio": 0.6171835228,
        "eps": 239.68,
        "epsdiluted": 239.68,
        "weightedAverageShsOut": 1219053,
        "weightedAverageShsOutDil": 1219053,
        "link": "https://www.sec.gov/Archives/edgar/data/1255474/000125547422000008/0001255474-22-000008-index.htm",
        "finalLink": "https://www.sec.gov/Archives/edgar/data/1255474/000125547422000008/wll-20211231x10k.htm"
    },
    {
        "date": "2021-09-30",
        "symbol": "WLL",
        "reportedCurrency": "USD",
        "cik": "0001255474",
        "fillingDate": "2021-11-03",
        "acceptedDate": "2021-11-03 16:26:24",
        "calendarYear": "2021",
        "period": "Q3",
        "revenue": 401037000,
        "costOfRevenue": 151532000,
        "grossProfit": 249505000,
        "grossProfitRatio": 0.6221495772,
        "researchAndDevelopmentExpenses": 0,
        "generalAndAdministrativeExpenses": 11961000,
        "sellingAndMarketingExpenses": 0,
        "sellingGeneralAndAdministrativeExpenses": 11961000,
        "otherExpenses": 1007000,
        "operatingExpenses": 12968000,
        "costAndExpenses": 164500000,
        "interestIncome": 0,
        "interestExpense": 2984000,
        "depreciationAndAmortization": 51927000,
        "ebitda": 253073000,
        "ebitdaratio": 0.6310465119,
        "operatingIncome": 201733000,
        "operatingIncomeRatio": 0.5030283989,
        "totalOtherIncomeExpensesNet": -3571000,
        "incomeBeforeTax": 198162000,
        "incomeBeforeTaxRatio": 0.4941239836,
        "incomeTaxExpense": -587000,
        "netIncome": 198162000,
        "netIncomeRatio": 0.4941239836,
        "eps": 162.55,
        "epsdiluted": 162.55,
        "weightedAverageShsOut": 1219053,
        "weightedAverageShsOutDil": 1219053,
        "link": "https://www.sec.gov/Archives/edgar/data/1255474/000125547421000039/0001255474-21-000039-index.htm",
        "finalLink": "https://www.sec.gov/Archives/edgar/data/1255474/000125547421000039/wll-20210930x10q.htm"
    },
    {
        "date": "2021-06-30",
        "symbol": "WLL",
        "reportedCurrency": "USD",
        "cik": "0001255474",
        "fillingDate": "2021-08-04",
        "acceptedDate": "2021-08-04 16:49:28",
        "calendarYear": "2021",
        "period": "Q2",
        "revenue": 351646000,
        "costOfRevenue": 150090000,
        "grossProfit": 201556000,
        "grossProfitRatio": 0.5731787081,
        "researchAndDevelopmentExpenses": 0,
        "generalAndAdministrativeExpenses": 11995000,
        "sellingAndMarketingExpenses": 0,
        "sellingGeneralAndAdministrativeExpenses": 11995000,
        "otherExpenses": 797000,
        "operatingExpenses": 12792000,
        "costAndExpenses": 162882000,
        "interestIncome": 0,
        "interestExpense": 3094000,
        "depreciationAndAmortization": 51618000,
        "ebitda": -6777000,
        "ebitdaratio": -0.0192722226,
        "operatingIncome": -57785000,
        "operatingIncomeRatio": -0.1643271927,
        "totalOtherIncomeExpensesNet": -3704000,
        "incomeBeforeTax": -61489000,
        "incomeBeforeTaxRatio": -0.1748605131,
        "incomeTaxExpense": 0,
        "netIncome": -61489000,
        "netIncomeRatio": -0.1748605131,
        "eps": -50.44,
        "epsdiluted": -50.44,
        "weightedAverageShsOut": 1219053,
        "weightedAverageShsOutDil": 1219053,
        "link": "https://www.sec.gov/Archives/edgar/data/1255474/000125547421000025/0001255474-21-000025-index.htm",
        "finalLink": "https://www.sec.gov/Archives/edgar/data/1255474/000125547421000025/wll-20210630x10q.htm"
    },
    {
        "date": "2021-03-31",
        "symbol": "WLL",
        "reportedCurrency": "USD",
        "cik": "0001255474",
        "fillingDate": "2021-05-05",
        "acceptedDate": "2021-05-05 16:21:53",
        "calendarYear": "2021",
        "period": "Q1",
        "revenue": 307391000,
        "costOfRevenue": 146148000,
        "grossProfit": 161243000,
        "grossProfitRatio": 0.5245534189,
        "researchAndDevelopmentExpenses": 0,
        "generalAndAdministrativeExpenses": 10291000,
        "sellingAndMarketingExpenses": 0,
        "sellingGeneralAndAdministrativeExpenses": 10291000,
        "otherExpenses": 1181000,
        "operatingExpenses": 11472000,
        "costAndExpenses": 157620000,
        "interestIncome": 0,
        "interestExpense": 4216000,
        "depreciationAndAmortization": 53729000,
        "ebitda": 56999000,
        "ebitdaratio": 0.1854283307,
        "operatingIncome": 1637000,
        "operatingIncomeRatio": 0.005325465,
        "totalOtherIncomeExpensesNet": -2583000,
        "incomeBeforeTax": -946000,
        "incomeBeforeTaxRatio": -0.0030775137,
        "incomeTaxExpense": 0,
        "netIncome": -946000,
        "netIncomeRatio": -0.0030775137,
        "eps": -0.78,
        "epsdiluted": -0.78,
        "weightedAverageShsOut": 1219053,
        "weightedAverageShsOutDil": 1219053,
        "link": "https://www.sec.gov/Archives/edgar/data/1255474/000125547421000019/0001255474-21-000019-index.htm",
        "finalLink": "https://www.sec.gov/Archives/edgar/data/1255474/000125547421000019/wll-20210331x10q.htm"
    },
    {
        "date": "2020-12-31",
        "symbol": "WLL",
        "reportedCurrency": "USD",
        "cik": "0001255474",
        "fillingDate": "2021-02-25",
        "acceptedDate": "2021-02-24 17:51:11",
        "calendarYear": "2020",
        "period": "Q4",
        "revenue": 212274000,
        "costOfRevenue": 137147000,
        "grossProfit": 75127000,
        "grossProfitRatio": 0.3539152228,
        "researchAndDevelopmentExpenses": 0,
        "generalAndAdministrativeExpenses": 11389000,
        "sellingAndMarketingExpenses": 0,
        "sellingGeneralAndAdministrativeExpenses": 11389000,
        "otherExpenses": 3658000,
        "operatingExpenses": 15047000,
        "costAndExpenses": 152194000,
        "interestIncome": 130000,
        "interestExpense": 5952000,
        "depreciationAndAmortization": 77502,
        "ebitda": 4979502,
        "ebitdaratio": 0.0234578988,
        "operatingIncome": 4772000,
        "operatingIncomeRatio": 0.0224803791,
        "totalOtherIncomeExpensesNet": -5822000,
        "incomeBeforeTax": -1050000,
        "incomeBeforeTaxRatio": -0.0049464372,
        "incomeTaxExpense": 147000,
        "netIncome": -1197000,
        "netIncomeRatio": -0.0056389384,
        "eps": -0.98,
        "epsdiluted": -0.98,
        "weightedAverageShsOut": 1219053,
        "weightedAverageShsOutDil": 1219053,
        "link": "https://www.sec.gov/Archives/edgar/data/1255474/000125547421000009/0001255474-21-000009-index.htm",
        "finalLink": "https://www.sec.gov/Archives/edgar/data/1255474/000125547421000009/wll-20201231x10k.htm"
    },
    {
        "date": "2020-06-30",
        "symbol": "WLL",
        "reportedCurrency": "USD",
        "cik": "0001255474",
        "fillingDate": "2020-08-07",
        "acceptedDate": "2020-08-06 17:37:49",
        "calendarYear": "2020",
        "period": "Q2",
        "revenue": 91600000,
        "costOfRevenue": 154254000,
        "grossProfit": -62654000,
        "grossProfitRatio": -0.6839956332,
        "researchAndDevelopmentExpenses": 0,
        "generalAndAdministrativeExpenses": 28136000,
        "sellingAndMarketingExpenses": 0,
        "sellingGeneralAndAdministrativeExpenses": 28136000,
        "otherExpenses": 9971000,
        "operatingExpenses": 38107000,
        "costAndExpenses": 192361000,
        "interestIncome": 76000,
        "interestExpense": 11175000,
        "depreciationAndAmortization": -46987000,
        "ebitda": -564168000,
        "ebitdaratio": -6.1590393013,
        "operatingIncome": -517181000,
        "operatingIncomeRatio": -5.646080786,
        "totalOtherIncomeExpensesNet": -58162000,
        "incomeBeforeTax": -575343000,
        "incomeBeforeTaxRatio": -6.2810371179,
        "incomeTaxExpense": -1028000,
        "netIncome": -574315000,
        "netIncomeRatio": -6.2698144105,
        "eps": -6.28,
        "epsdiluted": -6.28,
        "weightedAverageShsOut": 1219053,
        "weightedAverageShsOutDil": 1219053,
        "link": "https://www.sec.gov/Archives/edgar/data/1255474/000125547420000014/0001255474-20-000014-index.htm",
        "finalLink": "https://www.sec.gov/Archives/edgar/data/1255474/000125547420000014/wll-20200630x10q.htm"
    },
    {
        "date": "2020-03-31",
        "symbol": "WLL",
        "reportedCurrency": "USD",
        "cik": "0001255474",
        "fillingDate": "2020-05-07",
        "acceptedDate": "2020-05-07 17:16:02",
        "calendarYear": "2020",
        "period": "Q1",
        "revenue": 244846000,
        "costOfRevenue": 287694000,
        "grossProfit": -42848000,
        "grossProfitRatio": -0.1749997958,
        "researchAndDevelopmentExpenses": 0,
        "generalAndAdministrativeExpenses": 47167000,
        "sellingAndMarketingExpenses": 0,
        "sellingGeneralAndAdministrativeExpenses": 47167000,
        "otherExpenses": 6328000,
        "operatingExpenses": 53495000,
        "costAndExpenses": 341189000,
        "interestIncome": -4000,
        "interestExpense": 40714000,
        "depreciationAndAmortization": 21343000,
        "ebitda": -3587857000,
        "ebitdaratio": -14.6535250729,
        "operatingIncome": -3609200000,
        "operatingIncomeRatio": -14.7406941506,
        "totalOtherIncomeExpensesNet": -19371000,
        "incomeBeforeTax": -3628571000,
        "incomeBeforeTaxRatio": -14.8198091862,
        "incomeTaxExpense": 0,
        "netIncome": -3628571000,
        "netIncomeRatio": -14.8198091862,
        "eps": -39.7,
        "epsdiluted": -39.7,
        "weightedAverageShsOut": 1218533,
        "weightedAverageShsOutDil": 1218533,
        "link": "https://www.sec.gov/Archives/edgar/data/1255474/000125547420000011/0001255474-20-000011-index.htm",
        "finalLink": "https://www.sec.gov/Archives/edgar/data/1255474/000125547420000007/wll-20191231x10k.htm"
    },
    {
        "date": "2019-12-31",
        "symbol": "WLL",
        "reportedCurrency": "USD",
        "cik": "0001255474",
        "fillingDate": "2020-02-27",
        "acceptedDate": "2020-02-27 17:20:21",
        "calendarYear": "2019",
        "period": "Q4",
        "revenue": 380601000,
        "costOfRevenue": 322074000,
        "grossProfit": 58527000,
        "grossProfitRatio": 0.1537752134,
        "researchAndDevelopmentExpenses": 0,
        "generalAndAdministrativeExpenses": 35172000,
        "sellingAndMarketingExpenses": 0,
        "sellingGeneralAndAdministrativeExpenses": 35172000,
        "otherExpenses": 6450000,
        "operatingExpenses": 41622000,
        "costAndExpenses": 363696000,
        "interestIncome": 500000,
        "interestExpense": 41140000,
        "depreciationAndAmortization": -901000,
        "ebitda": -32754000,
        "ebitdaratio": -0.0860586283,
        "operatingIncome": -31853000,
        "operatingIncomeRatio": -0.0836913198,
        "totalOtherIncomeExpensesNet": -42041000,
        "incomeBeforeTax": -73894000,
        "incomeBeforeTaxRatio": -0.1941508299,
        "incomeTaxExpense": 73593000,
        "netIncome": -147487000,
        "netIncomeRatio": -0.3875108053,
        "eps": -1.62,
        "epsdiluted": -1.62,
        "weightedAverageShsOut": 1217559,
        "weightedAverageShsOutDil": 1217559,
        "link": "https://www.sec.gov/Archives/edgar/data/1255474/000125547420000007/0001255474-20-000007-index.htm",
        "finalLink": "https://www.sec.gov/Archives/edgar/data/1255474/000125547420000007/wll-20191231x10k.htm"
    },
    {
        "date": "2019-09-30",
        "symbol": "WLL",
        "reportedCurrency": "USD",
        "cik": "0001255474",
        "fillingDate": "2019-11-06",
        "acceptedDate": "2019-11-06 16:17:34",
        "calendarYear": "2019",
        "period": "Q3",
        "revenue": 375891000,
        "costOfRevenue": 342741000,
        "grossProfit": 33150000,
        "grossProfitRatio": 0.0881904595,
        "researchAndDevelopmentExpenses": 0,
        "generalAndAdministrativeExpenses": 29890000,
        "sellingAndMarketingExpenses": 0,
        "sellingGeneralAndAdministrativeExpenses": 29890000,
        "otherExpenses": 6074000,
        "operatingExpenses": 35964000,
        "costAndExpenses": 378705000,
        "interestIncome": 144000,
        "interestExpense": 40474000,
        "depreciationAndAmortization": -3231000,
        "ebitda": 21407000,
        "ebitdaratio": 0.0569500201,
        "operatingIncome": 24638000,
        "operatingIncomeRatio": 0.065545597,
        "totalOtherIncomeExpensesNet": -43705000,
        "incomeBeforeTax": -19067000,
        "incomeBeforeTaxRatio": -0.0507248112,
        "incomeTaxExpense": 0,
        "netIncome": -19067000,
        "netIncomeRatio": -0.0507248112,
        "eps": -0.21,
        "epsdiluted": -0.21,
        "weightedAverageShsOut": 1217319,
        "weightedAverageShsOutDil": 1217319,
        "link": "https://www.sec.gov/Archives/edgar/data/1255474/000125547419000033/0001255474-19-000033-index.htm",
        "finalLink": "https://www.sec.gov/Archives/edgar/data/1255474/000125547419000033/wll-20190930x10q.htm"
    },
    {
        "date": "2019-06-30",
        "symbol": "WLL",
        "reportedCurrency": "USD",
        "cik": "0001255474",
        "fillingDate": "2019-08-01",
        "acceptedDate": "2019-08-01 16:10:11",
        "calendarYear": "2019",
        "period": "Q2",
        "revenue": 426264000,
        "costOfRevenue": 340544000,
        "grossProfit": 85720000,
        "grossProfitRatio": 0.2010960344,
        "researchAndDevelopmentExpenses": 0,
        "generalAndAdministrativeExpenses": 32573000,
        "sellingAndMarketingExpenses": 0,
        "sellingGeneralAndAdministrativeExpenses": 32573000,
        "otherExpenses": 7744000,
        "operatingExpenses": 40317000,
        "costAndExpenses": 380861000,
        "interestIncome": 642000,
        "interestExpense": 40813000,
        "depreciationAndAmortization": -7273000,
        "ebitda": 58608000,
        "ebitdaratio": 0.1374922583,
        "operatingIncome": 65881000,
        "operatingIncomeRatio": 0.1545544545,
        "totalOtherIncomeExpensesNet": -48086000,
        "incomeBeforeTax": 17795000,
        "incomeBeforeTaxRatio": 0.0417464294,
        "incomeTaxExpense": 23482000,
        "netIncome": -5687000,
        "netIncomeRatio": -0.0133414973,
        "eps": -0.0623,
        "epsdiluted": -0.0623,
        "weightedAverageShsOut": 1217146,
        "weightedAverageShsOutDil": 1217146,
        "link": "https://www.sec.gov/Archives/edgar/data/1255474/000125547419000026/0001255474-19-000026-index.htm",
        "finalLink": "https://www.sec.gov/Archives/edgar/data/1255474/000125547419000026/wll-20190630x10q.htm"
    },
    {
        "date": "2019-03-31",
        "symbol": "WLL",
        "reportedCurrency": "USD",
        "cik": "0001255474",
        "fillingDate": "2019-05-02",
        "acceptedDate": "2019-05-02 16:32:32",
        "calendarYear": "2019",
        "period": "Q1",
        "revenue": 389489000,
        "costOfRevenue": 320206000,
        "grossProfit": 69283000,
        "grossProfitRatio": 0.1778817887,
        "researchAndDevelopmentExpenses": 0,
        "generalAndAdministrativeExpenses": 34974000,
        "sellingAndMarketingExpenses": 0,
        "sellingGeneralAndAdministrativeExpenses": 34974000,
        "otherExpenses": 17378000,
        "operatingExpenses": 52352000,
        "costAndExpenses": 372558000,
        "interestIncome": 316000,
        "interestExpense": 40281000,
        "depreciationAndAmortization": -7502000,
        "ebitda": -53499000,
        "ebitdaratio": -0.1373568958,
        "operatingIncome": -45997000,
        "operatingIncomeRatio": -0.1180957614,
        "totalOtherIncomeExpensesNet": -47783000,
        "incomeBeforeTax": -93780000,
        "incomeBeforeTaxRatio": -0.2407770181,
        "incomeTaxExpense": -24855000,
        "netIncome": -68925000,
        "netIncomeRatio": -0.1769626357,
        "eps": -0.76,
        "epsdiluted": -0.76,
        "weightedAverageShsOut": 1216466,
        "weightedAverageShsOutDil": 1216466,
        "link": "https://www.sec.gov/Archives/edgar/data/1255474/000125547419000017/0001255474-19-000017-index.htm",
        "finalLink": "https://www.sec.gov/Archives/edgar/data/1255474/000125547419000009/wll-20181231x10k.htm"
    },
    {
        "date": "2018-12-31",
        "symbol": "WLL",
        "reportedCurrency": "USD",
        "cik": "0001255474",
        "fillingDate": "2019-02-28",
        "acceptedDate": "2019-02-27 19:42:54",
        "calendarYear": "2018",
        "period": "Q4",
        "revenue": 473233000,
        "costOfRevenue": 326517000,
        "grossProfit": 146716000,
        "grossProfitRatio": 0.3100290977,
        "researchAndDevelopmentExpenses": 0,
        "generalAndAdministrativeExpenses": 28268000,
        "sellingAndMarketingExpenses": 0,
        "sellingGeneralAndAdministrativeExpenses": 28268000,
        "otherExpenses": 25702000,
        "operatingExpenses": 53970000,
        "costAndExpenses": 380487000,
        "interestIncome": 698000,
        "interestExpense": 40192000,
        "depreciationAndAmortization": -7026000,
        "ebitda": 245527000,
        "ebitdaratio": 0.5188289912,
        "operatingIncome": 252553000,
        "operatingIncomeRatio": 0.5336758003,
        "totalOtherIncomeExpensesNet": -47218000,
        "incomeBeforeTax": 205335000,
        "incomeBeforeTaxRatio": 0.4338983122,
        "incomeTaxExpense": 1373000,
        "netIncome": 203962000,
        "netIncomeRatio": 0.430996993,
        "eps": 2.24,
        "epsdiluted": 2.22,
        "weightedAverageShsOut": 1213479,
        "weightedAverageShsOutDil": 1223706,
        "link": "https://www.sec.gov/Archives/edgar/data/1255474/000125547419000009/0001255474-19-000009-index.htm",
        "finalLink": "https://www.sec.gov/Archives/edgar/data/1255474/000125547419000009/wll-20181231x10k.htm"
    },
    {
        "date": "2018-09-30",
        "symbol": "WLL",
        "reportedCurrency": "USD",
        "cik": "0001255474",
        "fillingDate": "2018-10-31",
        "acceptedDate": "2018-10-31 16:45:14",
        "calendarYear": "2018",
        "period": "Q3",
        "revenue": 566695000,
        "costOfRevenue": 335976000,
        "grossProfit": 230719000,
        "grossProfitRatio": 0.4071308199,
        "researchAndDevelopmentExpenses": 0,
        "generalAndAdministrativeExpenses": 31901000,
        "sellingAndMarketingExpenses": 0,
        "sellingGeneralAndAdministrativeExpenses": 31901000,
        "otherExpenses": 8160000,
        "operatingExpenses": 40061000,
        "costAndExpenses": 376037000,
        "interestIncome": 363000,
        "interestExpense": 40694000,
        "depreciationAndAmortization": -7271000,
        "ebitda": 162094000,
        "ebitdaratio": 0.2860339336,
        "operatingIncome": 169365000,
        "operatingIncomeRatio": 0.2988644685,
        "totalOtherIncomeExpensesNet": -47965000,
        "incomeBeforeTax": 121400000,
        "incomeBeforeTaxRatio": 0.2142245829,
        "incomeTaxExpense": 0,
        "netIncome": 121400000,
        "netIncomeRatio": 0.2142245829,
        "eps": 1.33,
        "epsdiluted": 1.32,
        "weightedAverageShsOut": 1212893,
        "weightedAverageShsOutDil": 1224306,
        "link": "https://www.sec.gov/Archives/edgar/data/1255474/000125547418000031/0001255474-18-000031-index.htm",
        "finalLink": "https://www.sec.gov/Archives/edgar/data/1255474/000125547418000031/wll-20180930x10q.htm"
    },
    {
        "date": "2018-06-30",
        "symbol": "WLL",
        "reportedCurrency": "USD",
        "cik": "0001255474",
        "fillingDate": "2018-08-01",
        "acceptedDate": "2018-08-01 16:37:57",
        "calendarYear": "2018",
        "period": "Q2",
        "revenue": 526403000,
        "costOfRevenue": 332330000,
        "grossProfit": 194073000,
        "grossProfitRatio": 0.3686776101,
        "researchAndDevelopmentExpenses": 0,
        "generalAndAdministrativeExpenses": 31601000,
        "sellingAndMarketingExpenses": 0,
        "sellingGeneralAndAdministrativeExpenses": 31601000,
        "otherExpenses": 10309000,
        "operatingExpenses": 41910000,
        "costAndExpenses": 374240000,
        "interestIncome": 1489000,
        "interestExpense": 40794000,
        "depreciationAndAmortization": -6856000,
        "ebitda": 42914000,
        "ebitdaratio": 0.0815230916,
        "operatingIncome": 49770000,
        "operatingIncomeRatio": 0.0945473335,
        "totalOtherIncomeExpensesNet": -47650000,
        "incomeBeforeTax": 2120000,
        "incomeBeforeTaxRatio": 0.0040273327,
        "incomeTaxExpense": 0,
        "netIncome": 2120000,
        "netIncomeRatio": 0.0040273327,
        "eps": 0.0233,
        "epsdiluted": 0.0231,
        "weightedAverageShsOut": 1212533,
        "weightedAverageShsOutDil": 1224919,
        "link": "https://www.sec.gov/Archives/edgar/data/1255474/000125547418000024/0001255474-18-000024-index.htm",
        "finalLink": "https://www.sec.gov/Archives/edgar/data/1255474/000125547418000024/wll-20180630x10q.htm"
    },
    {
        "date": "2018-03-31",
        "symbol": "WLL",
        "reportedCurrency": "USD",
        "cik": "0001255474",
        "fillingDate": "2018-05-01",
        "acceptedDate": "2018-05-01 16:47:09",
        "calendarYear": "2018",
        "period": "Q1",
        "revenue": 515083000,
        "costOfRevenue": 318329000,
        "grossProfit": 196754000,
        "grossProfitRatio": 0.3819850393,
        "researchAndDevelopmentExpenses": 0,
        "generalAndAdministrativeExpenses": 31480000,
        "sellingAndMarketingExpenses": 0,
        "sellingGeneralAndAdministrativeExpenses": 31480000,
        "otherExpenses": 11843000,
        "operatingExpenses": 43323000,
        "costAndExpenses": 361652000,
        "interestIncome": 880000,
        "interestExpense": 45094000,
        "depreciationAndAmortization": -38085000,
        "ebitda": 60106000,
        "ebitdaratio": 0.116691873,
        "operatingIncome": 98191000,
        "operatingIncomeRatio": 0.1906314128,
        "totalOtherIncomeExpensesNet": -83179000,
        "incomeBeforeTax": 15012000,
        "incomeBeforeTaxRatio": 0.0291448174,
        "incomeTaxExpense": 0,
        "netIncome": 15012000,
        "netIncomeRatio": 0.0291448174,
        "eps": 0.17,
        "epsdiluted": 0.16,
        "weightedAverageShsOut": 1211893,
        "weightedAverageShsOutDil": 1217466,
        "link": "https://www.sec.gov/Archives/edgar/data/1255474/000125547418000015/0001255474-18-000015-index.htm",
        "finalLink": "https://www.sec.gov/Archives/edgar/data/1255474/000125547418000008/wll-20171231x10k.htm"
    },
    {
        "date": "2017-12-31",
        "symbol": "WLL",
        "reportedCurrency": "USD",
        "cik": "0001255474",
        "fillingDate": "2018-02-22",
        "acceptedDate": "2018-02-22 17:03:45",
        "calendarYear": "2017",
        "period": "Q4",
        "revenue": 474412000,
        "costOfRevenue": 412116000,
        "grossProfit": 62296000,
        "grossProfitRatio": 0.1313120241,
        "researchAndDevelopmentExpenses": 0,
        "generalAndAdministrativeExpenses": 31644000,
        "sellingAndMarketingExpenses": 0,
        "sellingGeneralAndAdministrativeExpenses": 31644000,
        "otherExpenses": 869178000,
        "operatingExpenses": 900822000,
        "costAndExpenses": 1312938000,
        "interestIncome": 346000,
        "interestExpense": 38659000,
        "depreciationAndAmortization": -8442000,
        "ebitda": -922597000,
        "ebitdaratio": -1.9447168284,
        "operatingIncome": -914155000,
        "operatingIncomeRatio": -1.9269221689,
        "totalOtherIncomeExpensesNet": -47101000,
        "incomeBeforeTax": -961256000,
        "incomeBeforeTaxRatio": -2.0262050707,
        "incomeTaxExpense": -162978000,
        "netIncome": -798278000,
        "netIncomeRatio": -1.6826682293,
        "eps": -8.8,
        "epsdiluted": -8.8,
        "weightedAverageShsOut": 1209319,
        "weightedAverageShsOutDil": 1209319,
        "link": "https://www.sec.gov/Archives/edgar/data/1255474/000125547418000008/0001255474-18-000008-index.htm",
        "finalLink": "https://www.sec.gov/Archives/edgar/data/1255474/000125547418000008/wll-20171231x10k.htm"
    },
    {
        "date": "2017-09-30",
        "symbol": "WLL",
        "reportedCurrency": "USD",
        "cik": "0001255474",
        "fillingDate": "2017-10-26",
        "acceptedDate": "2017-10-26 16:13:14",
        "calendarYear": "2017",
        "period": "Q3",
        "revenue": 324191000,
        "costOfRevenue": 330960000,
        "grossProfit": -6769000,
        "grossProfitRatio": -0.0208796666,
        "researchAndDevelopmentExpenses": 0,
        "generalAndAdministrativeExpenses": 30084000,
        "sellingAndMarketingExpenses": 0,
        "sellingGeneralAndAdministrativeExpenses": 30084000,
        "otherExpenses": 14482000,
        "operatingExpenses": 44566000,
        "costAndExpenses": 375526000,
        "interestIncome": -83000,
        "interestExpense": 40071000,
        "depreciationAndAmortization": -7705000,
        "ebitda": -488659000,
        "ebitdaratio": -1.5073182167,
        "operatingIncome": -480954000,
        "operatingIncomeRatio": -1.4835513632,
        "totalOtherIncomeExpensesNet": -47776000,
        "incomeBeforeTax": -528730000,
        "incomeBeforeTaxRatio": -1.6309212779,
        "incomeTaxExpense": -242298000,
        "netIncome": -286432000,
        "netIncomeRatio": -0.8835285372,
        "eps": -3.16,
        "epsdiluted": -3.16,
        "weightedAverageShsOut": 1209319,
        "weightedAverageShsOutDil": 1209319,
        "link": "https://www.sec.gov/Archives/edgar/data/1255474/000125547417000029/0001255474-17-000029-index.htm",
        "finalLink": "https://www.sec.gov/Archives/edgar/data/1255474/000125547417000029/wll-20170930x10q.htm"
    },
    {
        "date": "2017-06-30",
        "symbol": "WLL",
        "reportedCurrency": "USD",
        "cik": "0001255474",
        "fillingDate": "2017-07-27",
        "acceptedDate": "2017-07-27 16:14:51",
        "calendarYear": "2017",
        "period": "Q2",
        "revenue": 311515000,
        "costOfRevenue": 333370000,
        "grossProfit": -21855000,
        "grossProfitRatio": -0.0701571353,
        "researchAndDevelopmentExpenses": 0,
        "generalAndAdministrativeExpenses": 31943000,
        "sellingAndMarketingExpenses": 0,
        "sellingGeneralAndAdministrativeExpenses": 31943000,
        "otherExpenses": 22055000,
        "operatingExpenses": 53998000,
        "costAndExpenses": 387368000,
        "interestIncome": 443000,
        "interestExpense": 40320000,
        "depreciationAndAmortization": -7174000,
        "ebitda": -63888000,
        "ebitdaratio": -0.2050880375,
        "operatingIncome": -56714000,
        "operatingIncomeRatio": -0.1820586489,
        "totalOtherIncomeExpensesNet": -47494000,
        "incomeBeforeTax": -104208000,
        "incomeBeforeTaxRatio": -0.3345200071,
        "incomeTaxExpense": -38227000,
        "netIncome": -65981000,
        "netIncomeRatio": -0.2118068151,
        "eps": -0.73,
        "epsdiluted": -0.73,
        "weightedAverageShsOut": 1209119,
        "weightedAverageShsOutDil": 1209119,
        "link": "https://www.sec.gov/Archives/edgar/data/1255474/000125547417000020/0001255474-17-000020-index.htm",
        "finalLink": "https://www.sec.gov/Archives/edgar/data/1255474/000125547417000020/wll-20170630x10q.htm"
    },
    {
        "date": "2017-03-31",
        "symbol": "WLL",
        "reportedCurrency": "USD",
        "cik": "0001255474",
        "fillingDate": "2017-04-27",
        "acceptedDate": "2017-04-27 16:02:04",
        "calendarYear": "2017",
        "period": "Q1",
        "revenue": 371317000,
        "costOfRevenue": 362856000,
        "grossProfit": 8461000,
        "grossProfitRatio": 0.0227864601,
        "researchAndDevelopmentExpenses": 0,
        "generalAndAdministrativeExpenses": 30617000,
        "sellingAndMarketingExpenses": 0,
        "sellingGeneralAndAdministrativeExpenses": 30617000,
        "otherExpenses": 17499000,
        "operatingExpenses": 48116000,
        "costAndExpenses": 410972000,
        "interestIncome": 610000,
        "interestExpense": 40406000,
        "depreciationAndAmortization": -8521000,
        "ebitda": -86027000,
        "ebitdaratio": -0.2316807472,
        "operatingIncome": -77506000,
        "operatingIncomeRatio": -0.2087327001,
        "totalOtherIncomeExpensesNet": -48941000,
        "incomeBeforeTax": -126447000,
        "incomeBeforeTaxRatio": -0.3405365227,
        "incomeTaxExpense": -39476000,
        "netIncome": -86957000,
        "netIncomeRatio": -0.2341853457,
        "eps": -0.96,
        "epsdiluted": -0.96,
        "weightedAverageShsOut": 1208706,
        "weightedAverageShsOutDil": 1208706,
        "link": "https://www.sec.gov/Archives/edgar/data/1255474/000125547417000010/0001255474-17-000010-index.htm",
        "finalLink": "https://www.sec.gov/Archives/edgar/data/1255474/000125547417000005/wll-20161231x10k.htm"
    },
    {
        "date": "2016-12-31",
        "symbol": "WLL",
        "reportedCurrency": "USD",
        "cik": "0001255474",
        "fillingDate": "2017-02-23",
        "acceptedDate": "2017-02-23 16:01:37",
        "calendarYear": "2016",
        "period": "Q4",
        "revenue": 342695000,
        "costOfRevenue": 387900000,
        "grossProfit": -45205000,
        "grossProfitRatio": -0.1319102992,
        "researchAndDevelopmentExpenses": 0,
        "generalAndAdministrativeExpenses": 34651000,
        "sellingAndMarketingExpenses": 0,
        "sellingGeneralAndAdministrativeExpenses": 34651000,
        "otherExpenses": 32444000,
        "operatingExpenses": 67095000,
        "costAndExpenses": 454995000,
        "interestIncome": 146000,
        "interestExpense": 49295000,
        "depreciationAndAmortization": -263030000,
        "ebitda": -394013000,
        "ebitdaratio": -1.1497483185,
        "operatingIncome": -130983000,
        "operatingIncomeRatio": -0.3822145056,
        "totalOtherIncomeExpensesNet": -312329000,
        "incomeBeforeTax": -443312000,
        "incomeBeforeTaxRatio": -1.2936051007,
        "incomeTaxExpense": -270047000,
        "netIncome": -173261000,
        "netIncomeRatio": -0.5055836823,
        "eps": -2.34,
        "epsdiluted": -2.34,
        "weightedAverageShsOut": 986186,
        "weightedAverageShsOutDil": 986186,
        "link": "https://www.sec.gov/Archives/edgar/data/1255474/000125547417000005/0001255474-17-000005-index.htm",
        "finalLink": "https://www.sec.gov/Archives/edgar/data/1255474/000125547417000005/wll-20161231x10k.htm"
    },
    {
        "date": "2016-09-30",
        "symbol": "WLL",
        "reportedCurrency": "USD",
        "cik": "0001255474",
        "fillingDate": "2016-10-27",
        "acceptedDate": "2016-10-27 16:12:26",
        "calendarYear": "2016",
        "period": "Q3",
        "revenue": 315554000,
        "costOfRevenue": 398923000,
        "grossProfit": -83369000,
        "grossProfitRatio": -0.2641988376,
        "researchAndDevelopmentExpenses": 0,
        "generalAndAdministrativeExpenses": 33908000,
        "sellingAndMarketingExpenses": 0,
        "sellingGeneralAndAdministrativeExpenses": 33908000,
        "otherExpenses": 20803000,
        "operatingExpenses": 54711000,
        "costAndExpenses": 453634000,
        "interestIncome": 115000,
        "interestExpense": 51139000,
        "depreciationAndAmortization": -146282000,
        "ebitda": -284362000,
        "ebitdaratio": -0.9011516254,
        "operatingIncome": -138080000,
        "operatingIncomeRatio": -0.4375796219,
        "totalOtherIncomeExpensesNet": -197424000,
        "incomeBeforeTax": -335504000,
        "incomeBeforeTaxRatio": -1.0632221426,
        "incomeTaxExpense": 357551000,
        "netIncome": -693052000,
        "netIncomeRatio": -2.1963023761,
        "eps": -9.89,
        "epsdiluted": -9.89,
        "weightedAverageShsOut": 934733,
        "weightedAverageShsOutDil": 934733,
        "link": "https://www.sec.gov/Archives/edgar/data/1255474/000125547416000041/0001255474-16-000041-index.htm",
        "finalLink": "https://www.sec.gov/Archives/edgar/data/1255474/000125547416000041/wll-20160930x10q.htm"
    },
    {
        "date": "2016-06-30",
        "symbol": "WLL",
        "reportedCurrency": "USD",
        "cik": "0001255474",
        "fillingDate": "2016-07-28",
        "acceptedDate": "2016-07-28 16:45:13",
        "calendarYear": "2016",
        "period": "Q2",
        "revenue": 337036000,
        "costOfRevenue": 436014000,
        "grossProfit": -98978000,
        "grossProfitRatio": -0.2936718926,
        "researchAndDevelopmentExpenses": 0,
        "generalAndAdministrativeExpenses": 33523000,
        "sellingAndMarketingExpenses": 0,
        "sellingGeneralAndAdministrativeExpenses": 33523000,
        "otherExpenses": 22009000,
        "operatingExpenses": 55532000,
        "costAndExpenses": 491546000,
        "interestIncome": 636000,
        "interestExpense": 61079000,
        "depreciationAndAmortization": -195436000,
        "ebitda": -349946000,
        "ebitdaratio": -1.0383045135,
        "operatingIncome": -154510000,
        "operatingIncomeRatio": -0.4584376743,
        "totalOtherIncomeExpensesNet": -256520000,
        "incomeBeforeTax": -411030000,
        "incomeBeforeTaxRatio": -1.2195433129,
        "incomeTaxExpense": -109984000,
        "netIncome": -301041000,
        "netIncomeRatio": -0.8932013197,
        "eps": -5.33,
        "epsdiluted": -5.33,
        "weightedAverageShsOut": 753466,
        "weightedAverageShsOutDil": 753466,
        "link": "https://www.sec.gov/Archives/edgar/data/1255474/000125547416000036/0001255474-16-000036-index.htm",
        "finalLink": "https://www.sec.gov/Archives/edgar/data/1255474/000125547416000036/wll-20160630x10q.htm"
    },
    {
        "date": "2016-03-31",
        "symbol": "WLL",
        "reportedCurrency": "USD",
        "cik": "0001255474",
        "fillingDate": "2016-04-28",
        "acceptedDate": "2016-04-28 16:42:48",
        "calendarYear": "2016",
        "period": "Q1",
        "revenue": 289697000,
        "costOfRevenue": 452595000,
        "grossProfit": -162898000,
        "grossProfitRatio": -0.5623047529,
        "researchAndDevelopmentExpenses": 0,
        "generalAndAdministrativeExpenses": 44796000,
        "sellingAndMarketingExpenses": 0,
        "sellingGeneralAndAdministrativeExpenses": 44796000,
        "otherExpenses": 31642000,
        "operatingExpenses": 76438000,
        "costAndExpenses": 529033000,
        "interestIncome": 395000,
        "interestExpense": 60538000,
        "depreciationAndAmortization": 62960000,
        "ebitda": -176376000,
        "ebitdaratio": -0.608829225,
        "operatingIncome": -239336000,
        "operatingIncomeRatio": -0.8261597462,
        "totalOtherIncomeExpensesNet": 2412000,
        "incomeBeforeTax": -236924000,
        "incomeBeforeTaxRatio": -0.8178338057,
        "incomeTaxExpense": -65166000,
        "netIncome": -171748000,
        "netIncomeRatio": -0.5928539129,
        "eps": -3.36,
        "epsdiluted": -3.36,
        "weightedAverageShsOut": 681226,
        "weightedAverageShsOutDil": 681226,
        "link": "https://www.sec.gov/Archives/edgar/data/1255474/000125547416000030/0001255474-16-000030-index.htm",
        "finalLink": "https://www.sec.gov/Archives/edgar/data/1255474/000125547416000024/wll-20151231x10k.htm"
    },
    {
        "date": "2015-12-31",
        "symbol": "WLL",
        "reportedCurrency": "USD",
        "cik": "0001255474",
        "fillingDate": "2016-02-25",
        "acceptedDate": "2016-02-25 15:22:42",
        "calendarYear": "2015",
        "period": "Q4",
        "revenue": 417952000,
        "costOfRevenue": 478918000,
        "grossProfit": -60966000,
        "grossProfitRatio": -0.1458684251,
        "researchAndDevelopmentExpenses": 0,
        "generalAndAdministrativeExpenses": 38828000,
        "sellingAndMarketingExpenses": 0,
        "sellingGeneralAndAdministrativeExpenses": 38828000,
        "otherExpenses": 49000000,
        "operatingExpenses": 87828000,
        "costAndExpenses": 566746000,
        "interestIncome": 907000,
        "interestExpense": 72674000,
        "depreciationAndAmortization": 74595000,
        "ebitda": -74199000,
        "ebitdaratio": -0.1775299556,
        "operatingIncome": -148794000,
        "operatingIncomeRatio": -0.3560073884,
        "totalOtherIncomeExpensesNet": 1883000,
        "incomeBeforeTax": -146911000,
        "incomeBeforeTaxRatio": -0.3515020864,
        "incomeTaxExpense": -48184000,
        "netIncome": -98689000,
        "netIncomeRatio": -0.236125201,
        "eps": -1.93,
        "epsdiluted": -1.93,
        "weightedAverageShsOut": 680479,
        "weightedAverageShsOutDil": 680479,
        "link": "https://www.sec.gov/Archives/edgar/data/1255474/000125547416000024/0001255474-16-000024-index.htm",
        "finalLink": "https://www.sec.gov/Archives/edgar/data/1255474/000125547416000024/wll-20151231x10k.htm"
    },
    {
        "date": "2015-09-30",
        "symbol": "WLL",
        "reportedCurrency": "USD",
        "cik": "0001255474",
        "fillingDate": "2015-10-29",
        "acceptedDate": "2015-10-29 16:42:04",
        "calendarYear": "2015",
        "period": "Q3",
        "revenue": 504155000,
        "costOfRevenue": 486025000,
        "grossProfit": 18130000,
        "grossProfitRatio": 0.0359611627,
        "researchAndDevelopmentExpenses": 0,
        "generalAndAdministrativeExpenses": 44821000,
        "sellingAndMarketingExpenses": 0,
        "sellingGeneralAndAdministrativeExpenses": 44821000,
        "otherExpenses": 1687013000,
        "operatingExpenses": 1731834000,
        "costAndExpenses": 2217859000,
        "interestIncome": 579000,
        "interestExpense": 71321000,
        "depreciationAndAmortization": -674930000,
        "ebitda": -2388634000,
        "ebitdaratio": -4.7378960835,
        "operatingIncome": -1713704000,
        "operatingIncomeRatio": -3.3991609723,
        "totalOtherIncomeExpensesNet": -746261000,
        "incomeBeforeTax": -2459965000,
        "incomeBeforeTaxRatio": -4.8793823328,
        "incomeTaxExpense": -594847000,
        "netIncome": -1865108000,
        "netIncomeRatio": -3.6994733762,
        "eps": -36.55,
        "epsdiluted": -36.55,
        "weightedAverageShsOut": 680479,
        "weightedAverageShsOutDil": 680479,
        "link": "https://www.sec.gov/Archives/edgar/data/1255474/000125547415000019/0001255474-15-000019-index.htm",
        "finalLink": "https://www.sec.gov/Archives/edgar/data/1255474/000125547415000019/wll-20150930x10q.htm"
    },
    {
        "date": "2015-06-30",
        "symbol": "WLL",
        "reportedCurrency": "USD",
        "cik": "0001255474",
        "fillingDate": "2015-07-30",
        "acceptedDate": "2015-07-30 17:00:04",
        "calendarYear": "2015",
        "period": "Q2",
        "revenue": 650527000,
        "costOfRevenue": 522515000,
        "grossProfit": 128012000,
        "grossProfitRatio": 0.1967819937,
        "researchAndDevelopmentExpenses": 0,
        "generalAndAdministrativeExpenses": 44987000,
        "sellingAndMarketingExpenses": 0,
        "sellingGeneralAndAdministrativeExpenses": 44987000,
        "otherExpenses": 53819000,
        "operatingExpenses": 98806000,
        "costAndExpenses": 621321000,
        "interestIncome": 520000,
        "interestExpense": 71348000,
        "depreciationAndAmortization": -184527000,
        "ebitda": -155321000,
        "ebitdaratio": -0.2387618039,
        "operatingIncome": 29206000,
        "operatingIncomeRatio": 0.0448959075,
        "totalOtherIncomeExpensesNet": -255896000,
        "incomeBeforeTax": -226690000,
        "incomeBeforeTaxRatio": -0.3484713163,
        "incomeTaxExpense": -77395000,
        "netIncome": -149274000,
        "netIncomeRatio": -0.2294662635,
        "eps": -2.93,
        "epsdiluted": -2.93,
        "weightedAverageShsOut": 680439,
        "weightedAverageShsOutDil": 680439,
        "link": "https://www.sec.gov/Archives/edgar/data/1255474/000125547415000014/0001255474-15-000014-index.htm",
        "finalLink": "https://www.sec.gov/Archives/edgar/data/1255474/000125547415000014/wll-20150630x10q.htm"
    },
    {
        "date": "2015-03-31",
        "symbol": "WLL",
        "reportedCurrency": "USD",
        "cik": "0001255474",
        "fillingDate": "2015-04-30",
        "acceptedDate": "2015-04-30 15:55:21",
        "calendarYear": "2015",
        "period": "Q1",
        "revenue": 519848000,
        "costOfRevenue": 494262000,
        "grossProfit": 25586000,
        "grossProfitRatio": 0.049218233,
        "researchAndDevelopmentExpenses": 0,
        "generalAndAdministrativeExpenses": 43980000,
        "sellingAndMarketingExpenses": 0,
        "sellingGeneralAndAdministrativeExpenses": 43980000,
        "otherExpenses": 75088000,
        "operatingExpenses": 119068000,
        "costAndExpenses": 613330000,
        "interestIncome": 350000,
        "interestExpense": 72258000,
        "depreciationAndAmortization": 5828000,
        "ebitda": -87654000,
        "ebitdaratio": -0.168614672,
        "operatingIncome": -93482000,
        "operatingIncomeRatio": -0.1798256413,
        "totalOtherIncomeExpensesNet": -66447000,
        "incomeBeforeTax": -159929000,
        "incomeBeforeTaxRatio": -0.3076456964,
        "incomeTaxExpense": -53801000,
        "netIncome": -106111000,
        "netIncomeRatio": -0.204119281,
        "eps": -2.51,
        "epsdiluted": -2.51,
        "weightedAverageShsOut": 563306,
        "weightedAverageShsOutDil": 563306,
        "link": "https://www.sec.gov/Archives/edgar/data/1255474/000125547415000010/0001255474-15-000010-index.htm",
        "finalLink": "https://www.sec.gov/Archives/edgar/data/1255474/000125547415000004/c474-20141231x10k.htm"
    },
    {
        "date": "2014-12-31",
        "symbol": "WLL",
        "reportedCurrency": "USD",
        "cik": "0001255474",
        "fillingDate": "2015-02-27",
        "acceptedDate": "2015-02-27 16:14:11",
        "calendarYear": "2014",
        "period": "Q4",
        "revenue": 672553000,
        "costOfRevenue": 494831000,
        "grossProfit": 177722000,
        "grossProfitRatio": 0.2642498063,
        "researchAndDevelopmentExpenses": 0,
        "generalAndAdministrativeExpenses": 72252000,
        "sellingAndMarketingExpenses": 0,
        "sellingGeneralAndAdministrativeExpenses": 72252000,
        "otherExpenses": 743298000,
        "operatingExpenses": 815550000,
        "costAndExpenses": 1310381000,
        "interestIncome": 602000,
        "interestExpense": 47180000,
        "depreciationAndAmortization": 140732000,
        "ebitda": -497096000,
        "ebitdaratio": -0.739117958,
        "operatingIncome": -637828000,
        "operatingIncomeRatio": -0.9483683814,
        "totalOtherIncomeExpensesNet": 93540000,
        "incomeBeforeTax": -544288000,
        "incomeBeforeTaxRatio": -0.8092864057,
        "incomeTaxExpense": -190595000,
        "netIncome": -353681000,
        "netIncomeRatio": -0.5258782579,
        "eps": -10.76,
        "epsdiluted": -10.73,
        "weightedAverageShsOut": 438453,
        "weightedAverageShsOutDil": 439466,
        "link": "https://www.sec.gov/Archives/edgar/data/1255474/000125547415000004/0001255474-15-000004-index.htm",
        "finalLink": "https://www.sec.gov/Archives/edgar/data/1255474/000125547415000004/c474-20141231x10k.htm"
    },
    {
        "date": "2014-09-30",
        "symbol": "WLL",
        "reportedCurrency": "USD",
        "cik": "0001255474",
        "fillingDate": "2014-10-30",
        "acceptedDate": "2014-10-30 16:39:01",
        "calendarYear": "2014",
        "period": "Q3",
        "revenue": 805054000,
        "costOfRevenue": 478839000,
        "grossProfit": 326215000,
        "grossProfitRatio": 0.4052088431,
        "researchAndDevelopmentExpenses": 0,
        "generalAndAdministrativeExpenses": 37070000,
        "sellingAndMarketingExpenses": 0,
        "sellingGeneralAndAdministrativeExpenses": 37070000,
        "otherExpenses": 22236000,
        "operatingExpenses": 59306000,
        "costAndExpenses": 538145000,
        "interestIncome": 438000,
        "interestExpense": 37631000,
        "depreciationAndAmortization": 22184000,
        "ebitda": 289093000,
        "ebitdaratio": 0.3590976506,
        "operatingIncome": 266909000,
        "operatingIncomeRatio": 0.3315417351,
        "totalOtherIncomeExpensesNet": -15461000,
        "incomeBeforeTax": 251448000,
        "incomeBeforeTaxRatio": 0.3123368122,
        "incomeTaxExpense": 93487000,
        "netIncome": 157975000,
        "netIncomeRatio": 0.1962290728,
        "eps": 5.31,
        "epsdiluted": 5.26,
        "weightedAverageShsOut": 396746,
        "weightedAverageShsOutDil": 400226,
        "link": "https://www.sec.gov/Archives/edgar/data/1255474/000125547414000015/0001255474-14-000015-index.htm",
        "finalLink": "https://www.sec.gov/Archives/edgar/data/1255474/000125547414000015/wll-20140930x10q.htm"
    },
    {
        "date": "2014-06-30",
        "symbol": "WLL",
        "reportedCurrency": "USD",
        "cik": "0001255474",
        "fillingDate": "2014-07-31",
        "acceptedDate": "2014-07-31 15:46:47",
        "calendarYear": "2014",
        "period": "Q2",
        "revenue": 825760000,
        "costOfRevenue": 455727000,
        "grossProfit": 370033000,
        "grossProfitRatio": 0.4481120422,
        "researchAndDevelopmentExpenses": 0,
        "generalAndAdministrativeExpenses": 35555000,
        "sellingAndMarketingExpenses": 0,
        "sellingGeneralAndAdministrativeExpenses": 35555000,
        "otherExpenses": 24039000,
        "operatingExpenses": 59594000,
        "costAndExpenses": 515321000,
        "interestIncome": 593000,
        "interestExpense": 37062000,
        "depreciationAndAmortization": -22016000,
        "ebitda": 288423000,
        "ebitdaratio": 0.3492818737,
        "operatingIncome": 310439000,
        "operatingIncomeRatio": 0.3759433734,
        "totalOtherIncomeExpensesNet": -59096000,
        "incomeBeforeTax": 251343000,
        "incomeBeforeTaxRatio": 0.3043777853,
        "incomeTaxExpense": 99917000,
        "netIncome": 151444000,
        "netIncomeRatio": 0.183399535,
        "eps": 5.09,
        "epsdiluted": 5.05,
        "weightedAverageShsOut": 396559,
        "weightedAverageShsOutDil": 400093,
        "link": "https://www.sec.gov/Archives/edgar/data/1255474/000156276214000190/0001562762-14-000190-index.htm",
        "finalLink": "https://www.sec.gov/Archives/edgar/data/1255474/000156276214000190/wll-20140630x10q.htm"
    },
    {
        "date": "2014-03-31",
        "symbol": "WLL",
        "reportedCurrency": "USD",
        "cik": "0001255474",
        "fillingDate": "2014-05-01",
        "acceptedDate": "2014-05-01 17:14:34",
        "calendarYear": "2014",
        "period": "Q1",
        "revenue": 721250000,
        "costOfRevenue": 410081000,
        "grossProfit": 311169000,
        "grossProfitRatio": 0.431430156,
        "researchAndDevelopmentExpenses": 0,
        "generalAndAdministrativeExpenses": 32334000,
        "sellingAndMarketingExpenses": 0,
        "sellingGeneralAndAdministrativeExpenses": 32334000,
        "otherExpenses": 34363000,
        "operatingExpenses": 66697000,
        "costAndExpenses": 476778000,
        "interestIncome": 696000,
        "interestExpense": 36784000,
        "depreciationAndAmortization": -22258000,
        "ebitda": 222214000,
        "ebitdaratio": 0.3080956672,
        "operatingIncome": 244472000,
        "operatingIncomeRatio": 0.3389559792,
        "totalOtherIncomeExpensesNet": -59060000,
        "incomeBeforeTax": 185412000,
        "incomeBeforeTaxRatio": 0.257070364,
        "incomeTaxExpense": 76361000,
        "netIncome": 109069000,
        "netIncomeRatio": 0.1512221837,
        "eps": 3.67,
        "epsdiluted": 3.64,
        "weightedAverageShsOut": 396413,
        "weightedAverageShsOutDil": 399773,
        "link": "https://www.sec.gov/Archives/edgar/data/1255474/000125547414000010/0001255474-14-000010-index.htm",
        "finalLink": "https://www.sec.gov/Archives/edgar/data/1255474/000125547414000005/form10-k.htm"
    },
    {
        "date": "2013-12-31",
        "symbol": "WLL",
        "reportedCurrency": "USD",
        "cik": "0001255474",
        "fillingDate": "2014-02-28",
        "acceptedDate": "2014-02-27 18:47:45",
        "calendarYear": "2013",
        "period": "Q4",
        "revenue": 703024000,
        "costOfRevenue": 422713000,
        "grossProfit": 280311000,
        "grossProfitRatio": 0.3987218075,
        "researchAndDevelopmentExpenses": 0,
        "generalAndAdministrativeExpenses": 29528000,
        "sellingAndMarketingExpenses": 0,
        "sellingGeneralAndAdministrativeExpenses": 29528000,
        "otherExpenses": 317388000,
        "operatingExpenses": 346916000,
        "costAndExpenses": 769629000,
        "interestIncome": 1082000,
        "interestExpense": 38752000,
        "depreciationAndAmortization": 26217000,
        "ebitda": -40388000,
        "ebitdaratio": -0.0574489633,
        "operatingIncome": -66605000,
        "operatingIncomeRatio": -0.0947407201,
        "totalOtherIncomeExpensesNet": -12546000,
        "incomeBeforeTax": -79151000,
        "incomeBeforeTaxRatio": -0.1125864835,
        "incomeTaxExpense": -19875000,
        "netIncome": -59265000,
        "netIncomeRatio": -0.0843001092,
        "eps": -2,
        "epsdiluted": -2,
        "weightedAverageShsOut": 395519,
        "weightedAverageShsOutDil": 395519,
        "link": "https://www.sec.gov/Archives/edgar/data/1255474/000125547414000005/0001255474-14-000005-index.htm",
        "finalLink": "https://www.sec.gov/Archives/edgar/data/1255474/000125547414000005/form10-k.htm"
    },
    {
        "date": "2013-09-30",
        "symbol": "WLL",
        "reportedCurrency": "USD",
        "cik": "0001255474",
        "fillingDate": "2013-10-25",
        "acceptedDate": "2013-10-25 14:57:00",
        "calendarYear": "2013",
        "period": "Q3",
        "revenue": 706543000,
        "costOfRevenue": 389779000,
        "grossProfit": 316764000,
        "grossProfitRatio": 0.448329401,
        "researchAndDevelopmentExpenses": 0,
        "generalAndAdministrativeExpenses": 50368000,
        "sellingAndMarketingExpenses": 0,
        "sellingGeneralAndAdministrativeExpenses": 50368000,
        "otherExpenses": 39342000,
        "operatingExpenses": 89710000,
        "costAndExpenses": 479489000,
        "interestIncome": 1083000,
        "interestExpense": 22139000,
        "depreciationAndAmortization": 100382000,
        "ebitda": 327436000,
        "ebitdaratio": 0.4634339311,
        "operatingIncome": 227054000,
        "operatingIncomeRatio": 0.321359068,
        "totalOtherIncomeExpensesNet": 78233000,
        "incomeBeforeTax": 305287000,
        "incomeBeforeTaxRatio": 0.4320855206,
        "incomeTaxExpense": 101196000,
        "netIncome": 204101000,
        "netIncomeRatio": 0.2888727225,
        "eps": 6.88,
        "epsdiluted": 6.83,
        "weightedAverageShsOut": 395519,
        "weightedAverageShsOutDil": 398359,
        "link": "https://www.sec.gov/Archives/edgar/data/1255474/000125547413000021/0001255474-13-000021-index.htm",
        "finalLink": "https://www.sec.gov/Archives/edgar/data/1255474/000125547413000021/form10-q.htm"
    },
    {
        "date": "2013-06-30",
        "symbol": "WLL",
        "reportedCurrency": "USD",
        "cik": "0001255474",
        "fillingDate": "2013-07-26",
        "acceptedDate": "2013-07-26 15:47:17",
        "calendarYear": "2013",
        "period": "Q2",
        "revenue": 651868000,
        "costOfRevenue": 382340000,
        "grossProfit": 269528000,
        "grossProfitRatio": 0.4134702118,
        "researchAndDevelopmentExpenses": 0,
        "generalAndAdministrativeExpenses": 29213000,
        "sellingAndMarketingExpenses": 0,
        "sellingGeneralAndAdministrativeExpenses": 29213000,
        "otherExpenses": 35439000,
        "operatingExpenses": 64652000,
        "costAndExpenses": 446992000,
        "interestIncome": 797000,
        "interestExpense": 20605000,
        "depreciationAndAmortization": 23712000,
        "ebitda": 228588000,
        "ebitdaratio": 0.3506660858,
        "operatingIncome": 204876000,
        "operatingIncomeRatio": 0.3142906233,
        "totalOtherIncomeExpensesNet": 3095000,
        "incomeBeforeTax": 207971000,
        "incomeBeforeTaxRatio": 0.319038517,
        "incomeTaxExpense": 73027000,
        "netIncome": 134956000,
        "netIncomeRatio": 0.207029644,
        "eps": 4.58,
        "epsdiluted": 4.54,
        "weightedAverageShsOut": 393106,
        "weightedAverageShsOutDil": 396333,
        "link": "https://www.sec.gov/Archives/edgar/data/1255474/000125547413000015/0001255474-13-000015-index.htm",
        "finalLink": "https://www.sec.gov/Archives/edgar/data/1255474/000125547413000015/form10-q.htm"
    },
    {
        "date": "2013-03-31",
        "symbol": "WLL",
        "reportedCurrency": "USD",
        "cik": "0001255474",
        "fillingDate": "2013-04-26",
        "acceptedDate": "2013-04-26 14:22:29",
        "calendarYear": "2013",
        "period": "Q1",
        "revenue": 605114000,
        "costOfRevenue": 352308000,
        "grossProfit": 252806000,
        "grossProfitRatio": 0.4177824344,
        "researchAndDevelopmentExpenses": 0,
        "generalAndAdministrativeExpenses": 28885000,
        "sellingAndMarketingExpenses": 0,
        "sellingGeneralAndAdministrativeExpenses": 28885000,
        "otherExpenses": 29304000,
        "operatingExpenses": 58189000,
        "costAndExpenses": 410497000,
        "interestIncome": 492000,
        "interestExpense": 19035000,
        "depreciationAndAmortization": -37799000,
        "ebitda": 156818000,
        "ebitdaratio": 0.2591544734,
        "operatingIncome": 194617000,
        "operatingIncomeRatio": 0.3216203889,
        "totalOtherIncomeExpensesNet": -56853000,
        "incomeBeforeTax": 137764000,
        "incomeBeforeTaxRatio": 0.2276661918,
        "incomeTaxExpense": 51520000,
        "netIncome": 86263000,
        "netIncomeRatio": 0.1425566092,
        "eps": 2.93,
        "epsdiluted": 2.89,
        "weightedAverageShsOut": 392626,
        "weightedAverageShsOutDil": 397546,
        "link": "https://www.sec.gov/Archives/edgar/data/1255474/000125547413000011/0001255474-13-000011-index.htm",
        "finalLink": "https://www.sec.gov/Archives/edgar/data/1255474/000125547413000005/form10-k.htm"
    },
    {
        "date": "2012-12-31",
        "symbol": "WLL",
        "reportedCurrency": "USD",
        "cik": "0001255474",
        "fillingDate": "2013-02-28",
        "acceptedDate": "2013-02-28 17:21:29",
        "calendarYear": "2012",
        "period": "Q4",
        "revenue": 565329000,
        "costOfRevenue": 825727000,
        "grossProfit": -260398000,
        "grossProfitRatio": -0.4606132005,
        "researchAndDevelopmentExpenses": 0,
        "generalAndAdministrativeExpenses": 23962000,
        "sellingAndMarketingExpenses": 0,
        "sellingGeneralAndAdministrativeExpenses": 23962000,
        "otherExpenses": -438144000,
        "operatingExpenses": -414182000,
        "costAndExpenses": 411545000,
        "interestIncome": 107000,
        "interestExpense": 10597000,
        "depreciationAndAmortization": -13116000,
        "ebitda": 140668000,
        "ebitdaratio": 0.2488250205,
        "operatingIncome": 153784000,
        "operatingIncomeRatio": 0.27202567,
        "totalOtherIncomeExpensesNet": -23727000,
        "incomeBeforeTax": 130057000,
        "incomeBeforeTaxRatio": 0.2300554191,
        "incomeTaxExpense": 48368000,
        "netIncome": 81703000,
        "netIncomeRatio": 0.1445229238,
        "eps": 2.78,
        "epsdiluted": 2.75,
        "weightedAverageShsOut": 392106,
        "weightedAverageShsOutDil": 396639,
        "link": "https://www.sec.gov/Archives/edgar/data/1255474/000125547413000005/0001255474-13-000005-index.htm",
        "finalLink": "https://www.sec.gov/Archives/edgar/data/1255474/000125547413000005/form10-k.htm"
    },
    {
        "date": "2012-09-30",
        "symbol": "WLL",
        "reportedCurrency": "USD",
        "cik": "0001255474",
        "fillingDate": "2012-10-25",
        "acceptedDate": "2012-10-25 16:48:51",
        "calendarYear": "2012",
        "period": "Q3",
        "revenue": 521294000,
        "costOfRevenue": 137378000,
        "grossProfit": 383916000,
        "grossProfitRatio": 0.7364673294,
        "researchAndDevelopmentExpenses": 0,
        "generalAndAdministrativeExpenses": 25034000,
        "sellingAndMarketingExpenses": 0,
        "sellingGeneralAndAdministrativeExpenses": 25034000,
        "otherExpenses": 203469000,
        "operatingExpenses": 228503000,
        "costAndExpenses": 365881000,
        "interestIncome": 154000,
        "interestExpense": 18734000,
        "depreciationAndAmortization": -12617000,
        "ebitda": 151984000,
        "ebitdaratio": 0.2915514086,
        "operatingIncome": 164601000,
        "operatingIncomeRatio": 0.3157546413,
        "totalOtherIncomeExpensesNet": -31372000,
        "incomeBeforeTax": 133229000,
        "incomeBeforeTaxRatio": 0.2555736302,
        "incomeTaxExpense": 50116000,
        "netIncome": 83134000,
        "netIncomeRatio": 0.1594762265,
        "eps": 2.83,
        "epsdiluted": 2.8,
        "weightedAverageShsOut": 392106,
        "weightedAverageShsOutDil": 396413,
        "link": "https://www.sec.gov/Archives/edgar/data/1255474/000125547412000020/0001255474-12-000020-index.htm",
        "finalLink": "https://www.sec.gov/Archives/edgar/data/1255474/000125547412000020/form10-q.htm"
    },
    {
        "date": "2012-06-30",
        "symbol": "WLL",
        "reportedCurrency": "USD",
        "cik": "0001255474",
        "fillingDate": "2012-07-27",
        "acceptedDate": "2012-07-27 16:36:17",
        "calendarYear": "2012",
        "period": "Q2",
        "revenue": 502045000,
        "costOfRevenue": 130267000,
        "grossProfit": 371778000,
        "grossProfitRatio": 0.7405272436,
        "researchAndDevelopmentExpenses": 0,
        "generalAndAdministrativeExpenses": 25209000,
        "sellingAndMarketingExpenses": 0,
        "sellingGeneralAndAdministrativeExpenses": 25209000,
        "otherExpenses": 188491000,
        "operatingExpenses": 213700000,
        "costAndExpenses": 343967000,
        "interestIncome": 129000,
        "interestExpense": 17905000,
        "depreciationAndAmortization": 101009000,
        "ebitda": 259216000,
        "ebitdaratio": 0.5163202502,
        "operatingIncome": 158207000,
        "operatingIncomeRatio": 0.3151251382,
        "totalOtherIncomeExpensesNet": 0,
        "incomeBeforeTax": 241280000,
        "incomeBeforeTaxRatio": 0.480594369,
        "incomeTaxExpense": 90429000,
        "netIncome": 150882000,
        "netIncomeRatio": 0.3005348126,
        "eps": 5.13,
        "epsdiluted": 5.08,
        "weightedAverageShsOut": 392079,
        "weightedAverageShsOutDil": 396173,
        "link": "https://www.sec.gov/Archives/edgar/data/1255474/000125547412000014/0001255474-12-000014-index.htm",
        "finalLink": "https://www.sec.gov/Archives/edgar/data/1255474/000125547412000014/form10-q.htm"
    },
    {
        "date": "2012-03-31",
        "symbol": "WLL",
        "reportedCurrency": "USD",
        "cik": "0001255474",
        "fillingDate": "2012-04-27",
        "acceptedDate": "2012-04-27 16:46:10",
        "calendarYear": "2012",
        "period": "Q1",
        "revenue": 563577000,
        "costOfRevenue": 166979000,
        "grossProfit": 396598000,
        "grossProfitRatio": 0.7037157301,
        "researchAndDevelopmentExpenses": 0,
        "generalAndAdministrativeExpenses": 34368000,
        "sellingAndMarketingExpenses": 0,
        "sellingGeneralAndAdministrativeExpenses": 34368000,
        "otherExpenses": 186458000,
        "operatingExpenses": 220826000,
        "costAndExpenses": 387805000,
        "interestIncome": 129000,
        "interestExpense": 18456000,
        "depreciationAndAmortization": -30314000,
        "ebitda": 175925000,
        "ebitdaratio": 0.3121578773,
        "operatingIncome": 206239000,
        "operatingIncomeRatio": 0.3659464456,
        "totalOtherIncomeExpensesNet": 0,
        "incomeBeforeTax": 157445000,
        "incomeBeforeTaxRatio": 0.2793673269,
        "incomeTaxExpense": 58999000,
        "netIncome": 98470000,
        "netIncomeRatio": 0.174723241,
        "eps": 3.35,
        "epsdiluted": 3.31,
        "weightedAverageShsOut": 391719,
        "weightedAverageShsOutDil": 396319,
        "link": "https://www.sec.gov/Archives/edgar/data/1255474/000125547412000010/0001255474-12-000010-index.htm",
        "finalLink": "https://www.sec.gov/Archives/edgar/data/1255474/000125547412000005/form10-k.htm"
    },
    {
        "date": "2011-12-31",
        "symbol": "WLL",
        "reportedCurrency": "USD",
        "cik": "0001255474",
        "fillingDate": "2012-02-23",
        "acceptedDate": "2012-02-23 17:27:58",
        "calendarYear": "2011",
        "period": "Q4",
        "revenue": 516301000,
        "costOfRevenue": 121328000,
        "grossProfit": 394973000,
        "grossProfitRatio": 0.7650052973,
        "researchAndDevelopmentExpenses": 0,
        "generalAndAdministrativeExpenses": 0,
        "sellingAndMarketingExpenses": 0,
        "sellingGeneralAndAdministrativeExpenses": 22515000,
        "otherExpenses": 150653000,
        "operatingExpenses": 173168000,
        "costAndExpenses": 294496000,
        "interestIncome": 117000,
        "interestExpense": 16649000,
        "depreciationAndAmortization": -89230000,
        "ebitda": 114911000,
        "ebitdaratio": 0.2225659063,
        "operatingIncome": 204141000,
        "operatingIncomeRatio": 0.395391448,
        "totalOtherIncomeExpensesNet": -105938000,
        "incomeBeforeTax": 98203000,
        "incomeBeforeTaxRatio": 0.1902049386,
        "incomeTaxExpense": 35373000,
        "netIncome": 62889000,
        "netIncomeRatio": 0.121806853,
        "eps": 2.14,
        "epsdiluted": 2.12,
        "weightedAverageShsOut": 391266,
        "weightedAverageShsOutDil": 395479,
        "link": "https://www.sec.gov/Archives/edgar/data/1255474/000125547412000005/0001255474-12-000005-index.htm",
        "finalLink": "https://www.sec.gov/Archives/edgar/data/1255474/000125547412000005/form10-k.htm"
    },
    {
        "date": "2011-09-30",
        "symbol": "WLL",
        "reportedCurrency": "USD",
        "cik": "0001255474",
        "fillingDate": "2011-11-03",
        "acceptedDate": "2011-11-03 16:24:02",
        "calendarYear": "2011",
        "period": "Q3",
        "revenue": 482078000,
        "costOfRevenue": 112140000,
        "grossProfit": 369938000,
        "grossProfitRatio": 0.7673820419,
        "researchAndDevelopmentExpenses": 0,
        "generalAndAdministrativeExpenses": 23144000,
        "sellingAndMarketingExpenses": 0,
        "sellingGeneralAndAdministrativeExpenses": 23144000,
        "otherExpenses": 141808000,
        "operatingExpenses": 164952000,
        "costAndExpenses": 277092000,
        "interestIncome": 90000,
        "interestExpense": 16130000,
        "depreciationAndAmortization": 138039000,
        "ebitda": 348504000,
        "ebitdaratio": 0.7229203573,
        "operatingIncome": 210465000,
        "operatingIncomeRatio": 0.4365787279,
        "totalOtherIncomeExpensesNet": 0,
        "incomeBeforeTax": 332374000,
        "incomeBeforeTaxRatio": 0.6894610416,
        "incomeTaxExpense": 126139000,
        "netIncome": 206235000,
        "netIncomeRatio": 0.4278042143,
        "eps": 7.03,
        "epsdiluted": 6.96,
        "weightedAverageShsOut": 391266,
        "weightedAverageShsOutDil": 395133,
        "link": "https://www.sec.gov/Archives/edgar/data/1255474/000125547411000018/0001255474-11-000018-index.htm",
        "finalLink": "https://www.sec.gov/Archives/edgar/data/1255474/000125547411000018/form10-q.htm"
    },
    {
        "date": "2011-06-30",
        "symbol": "WLL",
        "reportedCurrency": "USD",
        "cik": "0001255474",
        "fillingDate": "2011-07-29",
        "acceptedDate": "2011-07-29 13:49:13",
        "calendarYear": "2011",
        "period": "Q2",
        "revenue": 481053000,
        "costOfRevenue": 108043000,
        "grossProfit": 373010000,
        "grossProfitRatio": 0.7754031261,
        "researchAndDevelopmentExpenses": 0,
        "generalAndAdministrativeExpenses": 20913000,
        "sellingAndMarketingExpenses": 0,
        "sellingGeneralAndAdministrativeExpenses": 20913000,
        "otherExpenses": 130421000,
        "operatingExpenses": 151334000,
        "costAndExpenses": 259377000,
        "interestIncome": 153000,
        "interestExpense": 15279000,
        "depreciationAndAmortization": 110968000,
        "ebitda": 332797000,
        "ebitdaratio": 0.6918094264,
        "operatingIncome": 221829000,
        "operatingIncomeRatio": 0.4611321414,
        "totalOtherIncomeExpensesNet": 0,
        "incomeBeforeTax": 317518000,
        "incomeBeforeTaxRatio": 0.6600478534,
        "incomeTaxExpense": 114369000,
        "netIncome": 203149000,
        "netIncomeRatio": 0.4223006613,
        "eps": 6.92,
        "epsdiluted": 6.85,
        "weightedAverageShsOut": 391239,
        "weightedAverageShsOutDil": 395533,
        "link": "https://www.sec.gov/Archives/edgar/data/1255474/000125547411000013/0001255474-11-000013-index.htm",
        "finalLink": "https://www.sec.gov/Archives/edgar/data/1255474/000125547411000013/form10-q.htm"
    },
    {
        "date": "2011-03-31",
        "symbol": "WLL",
        "reportedCurrency": "USD",
        "cik": "0001255474",
        "fillingDate": "2011-04-29",
        "acceptedDate": "2011-04-29 13:43:34",
        "calendarYear": "2011",
        "period": "Q1",
        "revenue": 432113000,
        "costOfRevenue": 125403000,
        "grossProfit": 306710000,
        "grossProfitRatio": 0.7097911889,
        "researchAndDevelopmentExpenses": 0,
        "generalAndAdministrativeExpenses": 18413000,
        "sellingAndMarketingExpenses": 0,
        "sellingGeneralAndAdministrativeExpenses": 18413000,
        "otherExpenses": 241723000,
        "operatingExpenses": 260136000,
        "costAndExpenses": 385539000,
        "interestIncome": 108000,
        "interestExpense": 14458000,
        "depreciationAndAmortization": 108000,
        "ebitda": 46682000,
        "ebitdaratio": 0.1080319268,
        "operatingIncome": 46574000,
        "operatingIncomeRatio": 0.1077819922,
        "totalOtherIncomeExpensesNet": -14350000,
        "incomeBeforeTax": 32224000,
        "incomeBeforeTaxRatio": 0.0745730862,
        "incomeTaxExpense": 12810000,
        "netIncome": 19414000,
        "netIncomeRatio": 0.0449280628,
        "eps": 0.66,
        "epsdiluted": 0.66,
        "weightedAverageShsOut": 390813,
        "weightedAverageShsOutDil": 392786,
        "link": "https://www.sec.gov/Archives/edgar/data/1255474/000125547411000009/0001255474-11-000009-index.htm",
        "finalLink": "https://www.sec.gov/Archives/edgar/data/1255474/000125547411000004/form10-k.htm"
    },
    {
        "date": "2010-12-31",
        "symbol": "WLL",
        "reportedCurrency": "USD",
        "cik": "0001255474",
        "fillingDate": "2011-02-24",
        "acceptedDate": "2011-02-24 17:25:49",
        "calendarYear": "2010",
        "period": "Q4",
        "revenue": 412856000,
        "costOfRevenue": 59386000,
        "grossProfit": 353470000,
        "grossProfitRatio": 0.8561580793,
        "researchAndDevelopmentExpenses": 0,
        "generalAndAdministrativeExpenses": 16178000,
        "sellingAndMarketingExpenses": 0,
        "sellingGeneralAndAdministrativeExpenses": 16178000,
        "otherExpenses": 194301000,
        "operatingExpenses": 210479000,
        "costAndExpenses": 269865000,
        "interestIncome": 114000,
        "interestExpense": 13175000,
        "depreciationAndAmortization": -24776000,
        "ebitda": 118215000,
        "ebitdaratio": 0.2863347027,
        "operatingIncome": 142991000,
        "operatingIncomeRatio": 0.3463459414,
        "totalOtherIncomeExpensesNet": -37951000,
        "incomeBeforeTax": 105040000,
        "incomeBeforeTaxRatio": 0.2544228496,
        "incomeTaxExpense": 38847000,
        "netIncome": 66193000,
        "netIncomeRatio": 0.1603295096,
        "eps": 2.26,
        "epsdiluted": 2.25,
        "weightedAverageShsOut": 390813,
        "weightedAverageShsOutDil": 392786,
        "link": "https://www.sec.gov/Archives/edgar/data/1255474/000125547411000004/0001255474-11-000004-index.htm",
        "finalLink": "https://www.sec.gov/Archives/edgar/data/1255474/000125547411000004/form10-k.htm"
    },
    {
        "date": "2010-09-30",
        "symbol": "WLL",
        "reportedCurrency": "USD",
        "cik": "0001255474",
        "fillingDate": "2010-10-29",
        "acceptedDate": "2010-10-29 13:22:07",
        "calendarYear": "2010",
        "period": "Q3",
        "revenue": 373734000,
        "costOfRevenue": 105694000,
        "grossProfit": 268040000,
        "grossProfitRatio": 0.7171945822,
        "researchAndDevelopmentExpenses": 0,
        "generalAndAdministrativeExpenses": 19480000,
        "sellingAndMarketingExpenses": 0,
        "sellingGeneralAndAdministrativeExpenses": 19480000,
        "otherExpenses": 139562000,
        "operatingExpenses": 159042000,
        "costAndExpenses": 264736000,
        "interestIncome": 258000,
        "interestExpense": 14579000,
        "depreciationAndAmortization": 0,
        "ebitda": 108998000,
        "ebitdaratio": 0.29164593,
        "operatingIncome": 108998000,
        "operatingIncomeRatio": 0.29164593,
        "totalOtherIncomeExpensesNet": -14579000,
        "incomeBeforeTax": 94419000,
        "incomeBeforeTaxRatio": 0.2526369022,
        "incomeTaxExpense": 35887000,
        "netIncome": 58532000,
        "netIncomeRatio": 0.1566140624,
        "eps": 2.24,
        "epsdiluted": 2.23,
        "weightedAverageShsOut": 347653,
        "weightedAverageShsOutDil": 349693,
        "link": "https://www.sec.gov/Archives/edgar/data/1255474/000125547410000017/0001255474-10-000017-index.htm",
        "finalLink": "https://www.sec.gov/Archives/edgar/data/1255474/000125547410000017/form10-q.htm"
    },
    {
        "date": "2010-06-30",
        "symbol": "WLL",
        "reportedCurrency": "USD",
        "cik": "0001255474",
        "fillingDate": "2010-07-30",
        "acceptedDate": "2010-07-30 15:57:28",
        "calendarYear": "2010",
        "period": "Q2",
        "revenue": 377627000,
        "costOfRevenue": 108289000,
        "grossProfit": 269338000,
        "grossProfitRatio": 0.7132381954,
        "researchAndDevelopmentExpenses": 0,
        "generalAndAdministrativeExpenses": 15402000,
        "sellingAndMarketingExpenses": 0,
        "sellingGeneralAndAdministrativeExpenses": 15402000,
        "otherExpenses": 35834000,
        "operatingExpenses": 51236000,
        "costAndExpenses": 159525000,
        "interestIncome": 134000,
        "interestExpense": 15632000,
        "depreciationAndAmortization": 0,
        "ebitda": 218102000,
        "ebitdaratio": 0.5775593377,
        "operatingIncome": 218102000,
        "operatingIncomeRatio": 0.5775593377,
        "totalOtherIncomeExpensesNet": -15632000,
        "incomeBeforeTax": 202470000,
        "incomeBeforeTaxRatio": 0.5361639925,
        "incomeTaxExpense": 77153000,
        "netIncome": 125317000,
        "netIncomeRatio": 0.3318539193,
        "eps": 4.91,
        "epsdiluted": 4.23,
        "weightedAverageShsOut": 339973,
        "weightedAverageShsOutDil": 394839,
        "link": "https://www.sec.gov/Archives/edgar/data/1255474/000125547410000014/0001255474-10-000014-index.htm",
        "finalLink": "https://www.sec.gov/Archives/edgar/data/1255474/000125547410000014/form10q.htm"
    },
    {
        "date": "2010-03-31",
        "symbol": "WLL",
        "reportedCurrency": "USD",
        "cik": "0001255474",
        "fillingDate": "2010-04-29",
        "acceptedDate": "2010-04-29 16:49:53",
        "calendarYear": "2010",
        "period": "Q1",
        "revenue": 351270000,
        "costOfRevenue": 98859000,
        "grossProfit": 252411000,
        "grossProfitRatio": 0.7185669143,
        "researchAndDevelopmentExpenses": 0,
        "generalAndAdministrativeExpenses": 13634000,
        "sellingAndMarketingExpenses": 0,
        "sellingGeneralAndAdministrativeExpenses": 13634000,
        "otherExpenses": 83571000,
        "operatingExpenses": 97205000,
        "costAndExpenses": 196064000,
        "interestIncome": 106000,
        "interestExpense": 15692000,
        "depreciationAndAmortization": 0,
        "ebitda": 155206000,
        "ebitdaratio": 0.4418424574,
        "operatingIncome": 155206000,
        "operatingIncomeRatio": 0.4418424574,
        "totalOtherIncomeExpensesNet": -15692000,
        "incomeBeforeTax": 139514000,
        "incomeBeforeTaxRatio": 0.3971702679,
        "incomeTaxExpense": 52903000,
        "netIncome": 86611000,
        "netIncomeRatio": 0.2465653201,
        "eps": 3.4,
        "epsdiluted": 2.93,
        "weightedAverageShsOut": 339413,
        "weightedAverageShsOutDil": 394359,
        "link": "https://www.sec.gov/Archives/edgar/data/1255474/000125547410000006/0001255474-10-000006-index.htm",
        "finalLink": "https://www.sec.gov/Archives/edgar/data/1255474/000125547410000002/form10-k.htm"
    },
    {
        "date": "2009-12-31",
        "symbol": "WLL",
        "reportedCurrency": "USD",
        "cik": "0001255474",
        "fillingDate": "2010-03-01",
        "acceptedDate": "2010-02-26 19:13:48",
        "calendarYear": "2009",
        "period": "Q4",
        "revenue": 316036000,
        "costOfRevenue": 114860000,
        "grossProfit": 201176000,
        "grossProfitRatio": 0.6365603919,
        "researchAndDevelopmentExpenses": 0,
        "generalAndAdministrativeExpenses": 11781000,
        "sellingAndMarketingExpenses": 0,
        "sellingGeneralAndAdministrativeExpenses": 11781000,
        "otherExpenses": 183744000,
        "operatingExpenses": 195525000,
        "costAndExpenses": 310385000,
        "interestIncome": 104000,
        "interestExpense": 15588000,
        "depreciationAndAmortization": 0,
        "ebitda": 5651000,
        "ebitdaratio": 0.0178808743,
        "operatingIncome": 5651000,
        "operatingIncomeRatio": 0.0178808743,
        "totalOtherIncomeExpensesNet": -15588000,
        "incomeBeforeTax": -9937000,
        "incomeBeforeTaxRatio": -0.0314426205,
        "incomeTaxExpense": -4122000,
        "netIncome": -5815000,
        "netIncomeRatio": -0.0183998026,
        "eps": -0.23,
        "epsdiluted": -0.2,
        "weightedAverageShsOut": 339413,
        "weightedAverageShsOutDil": 394359,
        "link": "https://www.sec.gov/Archives/edgar/data/1255474/000125547410000002/0001255474-10-000002-index.htm",
        "finalLink": "https://www.sec.gov/Archives/edgar/data/1255474/000125547410000002/form10-k.htm"
    },
    {
        "date": "2009-09-30",
        "symbol": "WLL",
        "reportedCurrency": "USD",
        "cik": "0001255474",
        "fillingDate": "2009-10-29",
        "acceptedDate": "2009-10-29 16:41:49",
        "calendarYear": "2009",
        "period": "Q3",
        "revenue": 269327000,
        "costOfRevenue": 90021000,
        "grossProfit": 179306000,
        "grossProfitRatio": 0.6657557542,
        "researchAndDevelopmentExpenses": 0,
        "generalAndAdministrativeExpenses": 11314000,
        "sellingAndMarketingExpenses": 0,
        "sellingGeneralAndAdministrativeExpenses": 11314000,
        "otherExpenses": 90204000,
        "operatingExpenses": 101518000,
        "costAndExpenses": 191539000,
        "interestIncome": 156000,
        "interestExpense": 15647000,
        "depreciationAndAmortization": 0,
        "ebitda": 77788000,
        "ebitdaratio": 0.2888236233,
        "operatingIncome": 77788000,
        "operatingIncomeRatio": 0.2888236233,
        "totalOtherIncomeExpensesNet": -15647000,
        "incomeBeforeTax": 62141000,
        "incomeBeforeTaxRatio": 0.2307269602,
        "incomeTaxExpense": 26286000,
        "netIncome": 35855000,
        "netIncomeRatio": 0.1331281305,
        "eps": 1.41,
        "epsdiluted": 1.4,
        "weightedAverageShsOut": 338973,
        "weightedAverageShsOutDil": 341159,
        "link": "https://www.sec.gov/Archives/edgar/data/1255474/000125547409000013/0001255474-09-000013-index.htm",
        "finalLink": "https://www.sec.gov/Archives/edgar/data/1255474/000125547409000013/form10-q.htm"
    },
    {
        "date": "2009-06-30",
        "symbol": "WLL",
        "reportedCurrency": "USD",
        "cik": "0001255474",
        "fillingDate": "2009-07-30",
        "acceptedDate": "2009-07-30 16:54:55",
        "calendarYear": "2009",
        "period": "Q2",
        "revenue": 230158000,
        "costOfRevenue": 82288000,
        "grossProfit": 147870000,
        "grossProfitRatio": 0.6424716934,
        "researchAndDevelopmentExpenses": 0,
        "generalAndAdministrativeExpenses": 10282000,
        "sellingAndMarketingExpenses": 0,
        "sellingGeneralAndAdministrativeExpenses": 10282000,
        "otherExpenses": 264131000,
        "operatingExpenses": 274413000,
        "costAndExpenses": 356701000,
        "interestIncome": 125000,
        "interestExpense": 18693000,
        "depreciationAndAmortization": 0,
        "ebitda": -126543000,
        "ebitdaratio": -0.5498092615,
        "operatingIncome": -126543000,
        "operatingIncomeRatio": -0.5498092615,
        "totalOtherIncomeExpensesNet": -18693000,
        "incomeBeforeTax": -145236000,
        "incomeBeforeTaxRatio": -0.6310273812,
        "incomeTaxExpense": -52073000,
        "netIncome": -93163000,
        "netIncomeRatio": -0.4047784565,
        "eps": -3.66,
        "epsdiluted": -3.66,
        "weightedAverageShsOut": 338946,
        "weightedAverageShsOutDil": 338946,
        "link": "https://www.sec.gov/Archives/edgar/data/1255474/000125547409000010/0001255474-09-000010-index.htm",
        "finalLink": "https://www.sec.gov/Archives/edgar/data/1255474/000125547409000010/form10-q.htm"
    },
    {
        "date": "2009-03-31",
        "symbol": "WLL",
        "reportedCurrency": "USD",
        "cik": "0001255474",
        "fillingDate": "2009-04-30",
        "acceptedDate": "2009-04-30 17:10:22",
        "calendarYear": "2009",
        "period": "Q1",
        "revenue": 163839000,
        "costOfRevenue": 87787000,
        "grossProfit": 76052000,
        "grossProfitRatio": 0.4641874035,
        "researchAndDevelopmentExpenses": 0,
        "generalAndAdministrativeExpenses": 8980000,
        "sellingAndMarketingExpenses": 0,
        "sellingGeneralAndAdministrativeExpenses": 8980000,
        "otherExpenses": 122195000,
        "operatingExpenses": 131175000,
        "costAndExpenses": 218962000,
        "interestIncome": 115000,
        "interestExpense": 14680000,
        "depreciationAndAmortization": 0,
        "ebitda": -55123000,
        "ebitdaratio": -0.3364461453,
        "operatingIncome": -55123000,
        "operatingIncomeRatio": -0.3364461453,
        "totalOtherIncomeExpensesNet": -14680000,
        "incomeBeforeTax": -69803000,
        "incomeBeforeTaxRatio": -0.4260463016,
        "incomeTaxExpense": -26044000,
        "netIncome": -43759000,
        "netIncomeRatio": -0.2670853704,
        "eps": -1.84,
        "epsdiluted": -1.84,
        "weightedAverageShsOut": 317333,
        "weightedAverageShsOutDil": 317333,
        "link": "https://www.sec.gov/Archives/edgar/data/1255474/000125547409000008/0001255474-09-000008-index.htm",
        "finalLink": "https://www.sec.gov/Archives/edgar/data/1255474/000125547409000003/form10k.htm"
    },
    {
        "date": "2008-12-31",
        "symbol": "WLL",
        "reportedCurrency": "USD",
        "cik": "0001255474",
        "fillingDate": "2009-02-25",
        "acceptedDate": "2009-02-25 11:31:14",
        "calendarYear": "2008",
        "period": "Q4",
        "revenue": 119461000,
        "costOfRevenue": 206187000,
        "grossProfit": -86726000,
        "grossProfitRatio": -0.7259775157,
        "researchAndDevelopmentExpenses": 0,
        "generalAndAdministrativeExpenses": 0,
        "sellingAndMarketingExpenses": 0,
        "sellingGeneralAndAdministrativeExpenses": 9781000,
        "otherExpenses": 58618000,
        "operatingExpenses": 68399000,
        "costAndExpenses": 274586000,
        "interestIncome": 226000,
        "interestExpense": 16318000,
        "depreciationAndAmortization": 176671000,
        "ebitda": 21546000,
        "ebitdaratio": 0.1803601175,
        "operatingIncome": -155125000,
        "operatingIncomeRatio": -1.2985409464,
        "totalOtherIncomeExpensesNet": 160353000,
        "incomeBeforeTax": 5228000,
        "incomeBeforeTaxRatio": 0.0437632365,
        "incomeTaxExpense": 8264000,
        "netIncome": -3036000,
        "netIncomeRatio": -0.0254141519,
        "eps": -0.13,
        "epsdiluted": -0.13,
        "weightedAverageShsOut": 317333,
        "weightedAverageShsOutDil": 317333,
        "link": "https://www.sec.gov/Archives/edgar/data/1255474/000125547409000003/0001255474-09-000003-index.htm",
        "finalLink": "https://www.sec.gov/Archives/edgar/data/1255474/000125547409000003/form10k.htm"
    },
    {
        "date": "2008-09-30",
        "symbol": "WLL",
        "reportedCurrency": "USD",
        "cik": "0001255474",
        "fillingDate": "2008-10-30",
        "acceptedDate": "2008-10-30 17:05:18",
        "calendarYear": "2008",
        "period": "Q3",
        "revenue": 425392000,
        "costOfRevenue": 64690000,
        "grossProfit": 360702000,
        "grossProfitRatio": 0.8479284989,
        "researchAndDevelopmentExpenses": 0,
        "generalAndAdministrativeExpenses": 0,
        "sellingAndMarketingExpenses": 0,
        "sellingGeneralAndAdministrativeExpenses": 17281000,
        "otherExpenses": 97758000,
        "operatingExpenses": 115039000,
        "costAndExpenses": 179729000,
        "interestIncome": 201000,
        "interestExpense": 17543000,
        "depreciationAndAmortization": 70708000,
        "ebitda": 265198000,
        "ebitdaratio": 0.6234202806,
        "operatingIncome": 225607000,
        "operatingIncomeRatio": 0.5303508294,
        "totalOtherIncomeExpensesNet": 0,
        "incomeBeforeTax": 176947000,
        "incomeBeforeTaxRatio": 0.4159622184,
        "incomeTaxExpense": 64530000,
        "netIncome": 112417000,
        "netIncomeRatio": 0.2642668409,
        "eps": 5.31,
        "epsdiluted": 5.29,
        "weightedAverageShsOut": 282146,
        "weightedAverageShsOutDil": 283106,
        "link": "https://www.sec.gov/Archives/edgar/data/1255474/000125547408000011/0001255474-08-000011-index.htm",
        "finalLink": "https://www.sec.gov/Archives/edgar/data/1255474/000125547408000011/form10q.htm"
    },
    {
        "date": "2008-06-30",
        "symbol": "WLL",
        "reportedCurrency": "USD",
        "cik": "0001255474",
        "fillingDate": "2008-07-31",
        "acceptedDate": "2008-07-31 16:31:04",
        "calendarYear": "2008",
        "period": "Q2",
        "revenue": 390536000,
        "costOfRevenue": 66113000,
        "grossProfit": 324423000,
        "grossProfitRatio": 0.8307121495,
        "researchAndDevelopmentExpenses": 0,
        "generalAndAdministrativeExpenses": 0,
        "sellingAndMarketingExpenses": 0,
        "sellingGeneralAndAdministrativeExpenses": 23007000,
        "otherExpenses": 77911000,
        "operatingExpenses": 100918000,
        "costAndExpenses": 167031000,
        "interestIncome": 393000,
        "interestExpense": 15671000,
        "depreciationAndAmortization": 53060000,
        "ebitda": 196595000,
        "ebitdaratio": 0.5033978942,
        "operatingIncome": 223505000,
        "operatingIncomeRatio": 0.5723031936,
        "totalOtherIncomeExpensesNet": -95641000,
        "incomeBeforeTax": 127864000,
        "incomeBeforeTaxRatio": 0.3274064363,
        "incomeTaxExpense": 47415000,
        "netIncome": 80449000,
        "netIncomeRatio": 0.2059963742,
        "eps": 3.8,
        "epsdiluted": 3.79,
        "weightedAverageShsOut": 282133,
        "weightedAverageShsOutDil": 282973,
        "link": "https://www.sec.gov/Archives/edgar/data/1255474/000125547408000009/0001255474-08-000009-index.htm",
        "finalLink": "https://www.sec.gov/Archives/edgar/data/1255474/000125547408000009/form10q.htm"
    },
    {
        "date": "2008-03-31",
        "symbol": "WLL",
        "reportedCurrency": "USD",
        "cik": "0001255474",
        "fillingDate": "2008-05-05",
        "acceptedDate": "2008-05-05 17:28:54",
        "calendarYear": "2008",
        "period": "Q1",
        "revenue": 286962000,
        "costOfRevenue": 66690000,
        "grossProfit": 220272000,
        "grossProfitRatio": 0.7675998913,
        "researchAndDevelopmentExpenses": 0,
        "generalAndAdministrativeExpenses": 0,
        "sellingAndMarketingExpenses": 0,
        "sellingGeneralAndAdministrativeExpenses": 17772000,
        "otherExpenses": 68197000,
        "operatingExpenses": 85969000,
        "costAndExpenses": 152659000,
        "interestIncome": 231000,
        "interestExpense": 15546000,
        "depreciationAndAmortization": 51728000,
        "ebitda": 166056000,
        "ebitdaratio": 0.5786689527,
        "operatingIncome": 134303000,
        "operatingIncomeRatio": 0.4680166712,
        "totalOtherIncomeExpensesNet": -35521000,
        "incomeBeforeTax": 98782000,
        "incomeBeforeTaxRatio": 0.3442337313,
        "incomeTaxExpense": 36468000,
        "netIncome": 62314000,
        "netIncomeRatio": 0.2171507029,
        "eps": 2.95,
        "epsdiluted": 2.94,
        "weightedAverageShsOut": 281813,
        "weightedAverageShsOutDil": 282706,
        "link": "https://www.sec.gov/Archives/edgar/data/1255474/000125547408000006/0001255474-08-000006-index.htm",
        "finalLink": "https://www.sec.gov/Archives/edgar/data/1255474/000125547408000004/form10-k.htm"
    },
    {
        "date": "2007-12-31",
        "symbol": "WLL",
        "reportedCurrency": "USD",
        "cik": "0001255474",
        "fillingDate": "2008-02-28",
        "acceptedDate": "2008-02-28 17:00:38",
        "calendarYear": "2007",
        "period": "Q4",
        "revenue": 220561000,
        "costOfRevenue": 28115000,
        "grossProfit": 192446000,
        "grossProfitRatio": 0.872529595,
        "researchAndDevelopmentExpenses": 0,
        "generalAndAdministrativeExpenses": 0,
        "sellingAndMarketingExpenses": 0,
        "sellingGeneralAndAdministrativeExpenses": 4701000,
        "otherExpenses": 67116000,
        "operatingExpenses": 71817000,
        "costAndExpenses": 99932000,
        "interestIncome": 387000,
        "interestExpense": 15990000,
        "depreciationAndAmortization": 50826000,
        "ebitda": 138513000,
        "ebitdaratio": 0.6280031375,
        "operatingIncome": 83306000,
        "operatingIncomeRatio": 0.3777005001,
        "totalOtherIncomeExpensesNet": -11609000,
        "incomeBeforeTax": 71697000,
        "incomeBeforeTaxRatio": 0.3250665349,
        "incomeTaxExpense": 25947000,
        "netIncome": 45750000,
        "netIncomeRatio": 0.2074256101,
        "eps": 2.16,
        "epsdiluted": 2.16,
        "weightedAverageShsOut": 281813,
        "weightedAverageShsOutDil": 282706,
        "link": "https://www.sec.gov/Archives/edgar/data/1255474/000125547408000004/0001255474-08-000004-index.htm",
        "finalLink": "https://www.sec.gov/Archives/edgar/data/1255474/000125547408000004/form10-k.htm"
    },
    {
        "date": "2007-09-30",
        "symbol": "WLL",
        "reportedCurrency": "USD",
        "cik": "0001255474",
        "fillingDate": "2007-10-31",
        "acceptedDate": "2007-10-31 17:27:50",
        "calendarYear": "2007",
        "period": "Q3",
        "revenue": 235629000,
        "costOfRevenue": 63892000,
        "grossProfit": 171737000,
        "grossProfitRatio": 0.7288449215,
        "researchAndDevelopmentExpenses": 0,
        "generalAndAdministrativeExpenses": 0,
        "sellingAndMarketingExpenses": 0,
        "sellingGeneralAndAdministrativeExpenses": 13034000,
        "otherExpenses": 62505000,
        "operatingExpenses": 75539000,
        "costAndExpenses": 139431000,
        "interestIncome": 353000,
        "interestExpense": 16263000,
        "depreciationAndAmortization": 50559000,
        "ebitda": 144169000,
        "ebitdaratio": 0.6118474381,
        "operatingIncome": 96198000,
        "operatingIncomeRatio": 0.4082604433,
        "totalOtherIncomeExpensesNet": -18851000,
        "incomeBeforeTax": 77347000,
        "incomeBeforeTaxRatio": 0.3282575574,
        "incomeTaxExpense": 29634000,
        "netIncome": 47713000,
        "netIncomeRatio": 0.2024920532,
        "eps": 2.27,
        "epsdiluted": 2.26,
        "weightedAverageShsOut": 280186,
        "weightedAverageShsOutDil": 281013,
        "link": "https://www.sec.gov/Archives/edgar/data/1255474/000125547407000014/0001255474-07-000014-index.htm",
        "finalLink": "https://www.sec.gov/Archives/edgar/data/1255474/000125547407000014/form10q.htm"
    },
    {
        "date": "2007-06-30",
        "symbol": "WLL",
        "reportedCurrency": "USD",
        "cik": "0001255474",
        "fillingDate": "2007-07-26",
        "acceptedDate": "2007-07-26 16:54:10",
        "calendarYear": "2007",
        "period": "Q2",
        "revenue": 192904000,
        "costOfRevenue": 58626000,
        "grossProfit": 134278000,
        "grossProfitRatio": 0.6960871729,
        "researchAndDevelopmentExpenses": 0,
        "generalAndAdministrativeExpenses": 0,
        "sellingAndMarketingExpenses": 0,
        "sellingGeneralAndAdministrativeExpenses": 10934000,
        "otherExpenses": 61414000,
        "operatingExpenses": 72348000,
        "costAndExpenses": 130974000,
        "interestIncome": 258000,
        "interestExpense": 20754000,
        "depreciationAndAmortization": 50601000,
        "ebitda": 112954000,
        "ebitdaratio": 0.5855451416,
        "operatingIncome": 61930000,
        "operatingIncomeRatio": 0.3210405176,
        "totalOtherIncomeExpensesNet": -20331000,
        "incomeBeforeTax": 41599000,
        "incomeBeforeTaxRatio": 0.2156461245,
        "incomeTaxExpense": 15128000,
        "netIncome": 26471000,
        "netIncomeRatio": 0.1372236968,
        "eps": 1.44,
        "epsdiluted": 1.43,
        "weightedAverageShsOut": 245386,
        "weightedAverageShsOutDil": 246039,
        "link": "https://www.sec.gov/Archives/edgar/data/1255474/000125547407000010/0001255474-07-000010-index.htm",
        "finalLink": "https://www.sec.gov/Archives/edgar/data/1255474/000125547407000010/form10q.htm"
    },
    {
        "date": "2007-03-31",
        "symbol": "WLL",
        "reportedCurrency": "USD",
        "cik": "0001255474",
        "fillingDate": "2007-04-27",
        "acceptedDate": "2007-04-27 16:58:39",
        "calendarYear": "2007",
        "period": "Q1",
        "revenue": 159923000,
        "costOfRevenue": 58233000,
        "grossProfit": 101690000,
        "grossProfitRatio": 0.6358685117,
        "researchAndDevelopmentExpenses": 0,
        "generalAndAdministrativeExpenses": 0,
        "sellingAndMarketingExpenses": 0,
        "sellingGeneralAndAdministrativeExpenses": 8285000,
        "otherExpenses": 54183000,
        "operatingExpenses": 62468000,
        "costAndExpenses": 120701000,
        "interestIncome": 0,
        "interestExpense": 0,
        "depreciationAndAmortization": 45847000,
        "ebitda": 62366000,
        "ebitdaratio": 0.3899751756,
        "operatingIncome": 39222000,
        "operatingIncomeRatio": 0.2452555292,
        "totalOtherIncomeExpensesNet": -22703000,
        "incomeBeforeTax": 16519000,
        "incomeBeforeTaxRatio": 0.10329346,
        "incomeTaxExpense": 5853000,
        "netIncome": 10666000,
        "netIncomeRatio": 0.0666945968,
        "eps": 0.58,
        "epsdiluted": 0.58,
        "weightedAverageShsOut": 245146,
        "weightedAverageShsOutDil": 245746,
        "link": "https://www.sec.gov/Archives/edgar/data/1255474/000125547407000005/0001255474-07-000005-index.htm",
        "finalLink": "https://www.sec.gov/Archives/edgar/data/1255474/000095013407004406/d43925e10vk.htm"
    },
    {
        "date": "2006-12-31",
        "symbol": "WLL",
        "reportedCurrency": "USD",
        "cik": "0001255474",
        "fillingDate": "2007-02-28",
        "acceptedDate": "2007-02-28 17:22:35",
        "calendarYear": "2006",
        "period": "Q4",
        "revenue": 171025000,
        "costOfRevenue": 60037000,
        "grossProfit": 110988000,
        "grossProfitRatio": 0.6489577547,
        "researchAndDevelopmentExpenses": 0,
        "generalAndAdministrativeExpenses": 0,
        "sellingAndMarketingExpenses": 0,
        "sellingGeneralAndAdministrativeExpenses": 8737000,
        "otherExpenses": 56160000,
        "operatingExpenses": 64897000,
        "costAndExpenses": 124934000,
        "interestIncome": 280000,
        "interestExpense": 19010000,
        "depreciationAndAmortization": 47170000,
        "ebitda": 108827000,
        "ebitdaratio": 0.6363221751,
        "operatingIncome": 46091000,
        "operatingIncomeRatio": 0.2694986113,
        "totalOtherIncomeExpensesNet": -3444000,
        "incomeBeforeTax": 42647000,
        "incomeBeforeTaxRatio": 0.2493612045,
        "incomeTaxExpense": 14697000,
        "netIncome": 27950000,
        "netIncomeRatio": 0.1634263996,
        "eps": 1.52,
        "epsdiluted": 1.52,
        "weightedAverageShsOut": 245146,
        "weightedAverageShsOutDil": 245746,
        "link": "https://www.sec.gov/Archives/edgar/data/1255474/000095013407004406/0000950134-07-004406-index.htm",
        "finalLink": "https://www.sec.gov/Archives/edgar/data/1255474/000095013407004406/d43925e10vk.htm"
    },
    {
        "date": "2006-09-30",
        "symbol": "WLL",
        "reportedCurrency": "USD",
        "cik": "0001255474",
        "fillingDate": "2006-10-31",
        "acceptedDate": "2006-10-31 15:06:44",
        "calendarYear": "2006",
        "period": "Q3",
        "revenue": 207962000,
        "costOfRevenue": 52830000,
        "grossProfit": 155132000,
        "grossProfitRatio": 0.7459632048,
        "researchAndDevelopmentExpenses": 0,
        "generalAndAdministrativeExpenses": 0,
        "sellingAndMarketingExpenses": 0,
        "sellingGeneralAndAdministrativeExpenses": 11834000,
        "otherExpenses": 55229000,
        "operatingExpenses": 67063000,
        "costAndExpenses": 119893000,
        "interestIncome": 210000,
        "interestExpense": 18879000,
        "depreciationAndAmortization": 44028000,
        "ebitda": 131722000,
        "ebitdaratio": 0.6333945625,
        "operatingIncome": 88069000,
        "operatingIncomeRatio": 0.4234860215,
        "totalOtherIncomeExpensesNet": -19254000,
        "incomeBeforeTax": 68815000,
        "incomeBeforeTaxRatio": 0.3309017994,
        "incomeTaxExpense": 19271000,
        "netIncome": 49544000,
        "netIncomeRatio": 0.2382358315,
        "eps": 2.7,
        "epsdiluted": 2.69,
        "weightedAverageShsOut": 245013,
        "weightedAverageShsOutDil": 245586,
        "link": "https://www.sec.gov/Archives/edgar/data/1255474/000095013406020044/0000950134-06-020044-index.htm",
        "finalLink": "https://www.sec.gov/Archives/edgar/data/1255474/000095013406020044/d40674e10vq.htm"
    },
    {
        "date": "2006-06-30",
        "symbol": "WLL",
        "reportedCurrency": "USD",
        "cik": "0001255474",
        "fillingDate": "2006-07-26",
        "acceptedDate": "2006-07-26 16:13:05",
        "calendarYear": "2006",
        "period": "Q2",
        "revenue": 203643000,
        "costOfRevenue": 53299000,
        "grossProfit": 150344000,
        "grossProfitRatio": 0.7382723688,
        "researchAndDevelopmentExpenses": 0,
        "generalAndAdministrativeExpenses": 0,
        "sellingAndMarketingExpenses": 0,
        "sellingGeneralAndAdministrativeExpenses": 11707000,
        "otherExpenses": 51303000,
        "operatingExpenses": 63010000,
        "costAndExpenses": 116309000,
        "interestIncome": 338000,
        "interestExpense": 18627000,
        "depreciationAndAmortization": 39439000,
        "ebitda": 126579000,
        "ebitdaratio": 0.6215730469,
        "operatingIncome": 86762000,
        "operatingIncomeRatio": 0.4260495082,
        "totalOtherIncomeExpensesNet": 0,
        "incomeBeforeTax": 68513000,
        "incomeBeforeTaxRatio": 0.3364368036,
        "incomeTaxExpense": 22633000,
        "netIncome": 45880000,
        "netIncomeRatio": 0.2252962292,
        "eps": 2.5,
        "epsdiluted": 2.49,
        "weightedAverageShsOut": 244986,
        "weightedAverageShsOutDil": 245413,
        "link": "https://www.sec.gov/Archives/edgar/data/1255474/000103570406000492/0001035704-06-000492-index.htm",
        "finalLink": "https://www.sec.gov/Archives/edgar/data/1255474/000103570406000492/d37892e10vq.htm"
    },
    {
        "date": "2006-03-31",
        "symbol": "WLL",
        "reportedCurrency": "USD",
        "cik": "0001255474",
        "fillingDate": "2006-04-28",
        "acceptedDate": "2006-04-28 16:09:29",
        "calendarYear": "2006",
        "period": "Q1",
        "revenue": 189865000,
        "costOfRevenue": 51440000,
        "grossProfit": 138425000,
        "grossProfitRatio": 0.7290706555,
        "researchAndDevelopmentExpenses": 0,
        "generalAndAdministrativeExpenses": 0,
        "sellingAndMarketingExpenses": 0,
        "sellingGeneralAndAdministrativeExpenses": 11685000,
        "otherExpenses": 47235000,
        "operatingExpenses": 58920000,
        "costAndExpenses": 110360000,
        "interestIncome": 289000,
        "interestExpense": 16973000,
        "depreciationAndAmortization": 37402000,
        "ebitda": 107672000,
        "ebitdaratio": 0.5670976747,
        "operatingIncome": 79505000,
        "operatingIncomeRatio": 0.4187448977,
        "totalOtherIncomeExpensesNet": -26208000,
        "incomeBeforeTax": 53297000,
        "incomeBeforeTaxRatio": 0.2807099781,
        "incomeTaxExpense": 20307000,
        "netIncome": 32990000,
        "netIncomeRatio": 0.1737550365,
        "eps": 1.8,
        "epsdiluted": 1.8,
        "weightedAverageShsOut": 244839,
        "weightedAverageShsOutDil": 244959,
        "link": "https://www.sec.gov/Archives/edgar/data/1255474/000095013406008260/0000950134-06-008260-index.htm",
        "finalLink": "https://www.sec.gov/Archives/edgar/data/1255474/000095013406003950/d33453e10vk.htm"
    },
    {
        "date": "2005-12-31",
        "symbol": "WLL",
        "reportedCurrency": "USD",
        "cik": "0001255474",
        "fillingDate": "2006-02-28",
        "acceptedDate": "2006-02-28 16:58:07",
        "calendarYear": "2005",
        "period": "Q4",
        "revenue": 198417000,
        "costOfRevenue": 57527000,
        "grossProfit": 140890000,
        "grossProfitRatio": 0.7100702057,
        "researchAndDevelopmentExpenses": 0,
        "generalAndAdministrativeExpenses": 0,
        "sellingAndMarketingExpenses": 0,
        "sellingGeneralAndAdministrativeExpenses": 6680000,
        "otherExpenses": 44773000,
        "operatingExpenses": 51453000,
        "costAndExpenses": 108980000,
        "interestIncome": 260000,
        "interestExpense": 17027000,
        "depreciationAndAmortization": 35200000,
        "ebitda": 112209000,
        "ebitdaratio": 0.5655210995,
        "operatingIncome": 89437000,
        "operatingIncomeRatio": 0.4507527077,
        "totalOtherIncomeExpensesNet": -29455000,
        "incomeBeforeTax": 59982000,
        "incomeBeforeTaxRatio": 0.3023027261,
        "incomeTaxExpense": 21635000,
        "netIncome": 38347000,
        "netIncomeRatio": 0.19326469,
        "eps": 2.09,
        "epsdiluted": 2.09,
        "weightedAverageShsOut": 244839,
        "weightedAverageShsOutDil": 244959,
        "link": "https://www.sec.gov/Archives/edgar/data/1255474/000095013406003950/0000950134-06-003950-index.htm",
        "finalLink": "https://www.sec.gov/Archives/edgar/data/1255474/000095013406003950/d33453e10vk.htm"
    },
    {
        "date": "2005-09-30",
        "symbol": "WLL",
        "reportedCurrency": "USD",
        "cik": "0001255474",
        "fillingDate": "2005-10-27",
        "acceptedDate": "2005-10-27 13:55:37",
        "calendarYear": "2005",
        "period": "Q3",
        "revenue": 153386000,
        "costOfRevenue": 27792000,
        "grossProfit": 125594000,
        "grossProfitRatio": 0.8188100609,
        "researchAndDevelopmentExpenses": 0,
        "generalAndAdministrativeExpenses": 0,
        "sellingAndMarketingExpenses": 0,
        "sellingGeneralAndAdministrativeExpenses": 12737000,
        "otherExpenses": 33421000,
        "operatingExpenses": 46158000,
        "costAndExpenses": 73950000,
        "interestIncome": 0,
        "interestExpense": 0,
        "depreciationAndAmortization": 25051000,
        "ebitda": 79256000,
        "ebitdaratio": 0.516709478,
        "operatingIncome": 79436000,
        "operatingIncomeRatio": 0.517882988,
        "totalOtherIncomeExpensesNet": -25231000,
        "incomeBeforeTax": 54205000,
        "incomeBeforeTaxRatio": 0.353389488,
        "incomeTaxExpense": 20923000,
        "netIncome": 33282000,
        "netIncomeRatio": 0.2169819931,
        "eps": 2.24,
        "epsdiluted": 2.24,
        "weightedAverageShsOut": 198053,
        "weightedAverageShsOutDil": 198173,
        "link": "https://www.sec.gov/Archives/edgar/data/1255474/000095013405019858/0000950134-05-019858-index.htm",
        "finalLink": "https://www.sec.gov/Archives/edgar/data/1255474/000095013405019858/d29645e10vq.htm"
    },
    {
        "date": "2005-06-30",
        "symbol": "WLL",
        "reportedCurrency": "USD",
        "cik": "0001255474",
        "fillingDate": "2005-08-02",
        "acceptedDate": "2005-08-02 16:05:23",
        "calendarYear": "2005",
        "period": "Q2",
        "revenue": 111123000,
        "costOfRevenue": 22110000,
        "grossProfit": 89013000,
        "grossProfitRatio": 0.8010312897,
        "researchAndDevelopmentExpenses": 0,
        "generalAndAdministrativeExpenses": 0,
        "sellingAndMarketingExpenses": 0,
        "sellingGeneralAndAdministrativeExpenses": 12772000,
        "otherExpenses": 28650000,
        "operatingExpenses": 41422000,
        "costAndExpenses": 63532000,
        "interestIncome": 35000,
        "interestExpense": 8122000,
        "depreciationAndAmortization": 23009000,
        "ebitda": 70600000,
        "ebitdaratio": 0.6353320195,
        "operatingIncome": 47591000,
        "operatingIncomeRatio": 0.4282731748,
        "totalOtherIncomeExpensesNet": -8122000,
        "incomeBeforeTax": 39469000,
        "incomeBeforeTaxRatio": 0.3551829954,
        "incomeTaxExpense": 15231000,
        "netIncome": 24238000,
        "netIncomeRatio": 0.2181186613,
        "eps": 1.63,
        "epsdiluted": 1.63,
        "weightedAverageShsOut": 197879,
        "weightedAverageShsOutDil": 197999,
        "link": "https://www.sec.gov/Archives/edgar/data/1255474/000095013405014583/0000950134-05-014583-index.htm",
        "finalLink": "https://www.sec.gov/Archives/edgar/data/1255474/000095013405014583/d27286e10vq.htm"
    },
    {
        "date": "2005-03-31",
        "symbol": "WLL",
        "reportedCurrency": "USD",
        "cik": "0001255474",
        "fillingDate": "2005-04-26",
        "acceptedDate": "2005-04-26 12:00:34",
        "calendarYear": "2005",
        "period": "Q1",
        "revenue": 105465000,
        "costOfRevenue": 22228000,
        "grossProfit": 83237000,
        "grossProfitRatio": 0.7892381359,
        "researchAndDevelopmentExpenses": 0,
        "generalAndAdministrativeExpenses": 0,
        "sellingAndMarketingExpenses": 0,
        "sellingGeneralAndAdministrativeExpenses": 6728000,
        "otherExpenses": 26887000,
        "operatingExpenses": 33615000,
        "costAndExpenses": 55843000,
        "interestIncome": 131000,
        "interestExpense": 5256000,
        "depreciationAndAmortization": 21316000,
        "ebitda": 69014000,
        "ebitdaratio": 0.6543782297,
        "operatingIncome": 49622000,
        "operatingIncomeRatio": 0.4705068032,
        "totalOtherIncomeExpensesNet": -7180000,
        "incomeBeforeTax": 42442000,
        "incomeBeforeTaxRatio": 0.4024273456,
        "incomeTaxExpense": 16387000,
        "netIncome": 26055000,
        "netIncomeRatio": 0.247048784,
        "eps": 1.76,
        "epsdiluted": 1.75,
        "weightedAverageShsOut": 197826,
        "weightedAverageShsOutDil": 198053,
        "link": "https://www.sec.gov/Archives/edgar/data/1255474/000095013405008105/0000950134-05-008105-index.htm",
        "finalLink": "https://www.sec.gov/Archives/edgar/data/1255474/000089706905000552/sdc914.htm"
    },
    {
        "date": "2004-12-31",
        "symbol": "WLL",
        "reportedCurrency": "USD",
        "cik": "0001255474",
        "fillingDate": "2005-02-28",
        "acceptedDate": "2005-02-28 13:24:31",
        "calendarYear": "2004",
        "period": "Q4",
        "revenue": 112502000,
        "costOfRevenue": 0,
        "grossProfit": 112502000,
        "grossProfitRatio": 1,
        "researchAndDevelopmentExpenses": 0,
        "generalAndAdministrativeExpenses": 0,
        "sellingAndMarketingExpenses": 0,
        "sellingGeneralAndAdministrativeExpenses": -32592000,
        "otherExpenses": 26135000,
        "operatingExpenses": -6457000,
        "costAndExpenses": 54084000,
        "interestIncome": -63000,
        "interestExpense": 6265000,
        "depreciationAndAmortization": 20109000,
        "ebitda": 79424000,
        "ebitdaratio": 0.7059785604,
        "operatingIncome": 58418000,
        "operatingIncomeRatio": 0.5192618798,
        "totalOtherIncomeExpensesNet": -5368000,
        "incomeBeforeTax": 53050000,
        "incomeBeforeTaxRatio": 0.4715471725,
        "incomeTaxExpense": 20430000,
        "netIncome": 32620000,
        "netIncomeRatio": 0.2899504009,
        "eps": 2.2,
        "epsdiluted": 2.2,
        "weightedAverageShsOut": 197826,
        "weightedAverageShsOutDil": 198053,
        "link": "https://www.sec.gov/Archives/edgar/data/1255474/000089706905000552/0000897069-05-000552-index.htm",
        "finalLink": "https://www.sec.gov/Archives/edgar/data/1255474/000089706905000552/sdc914.htm"
    },
    {
        "date": "2004-09-30",
        "symbol": "WLL",
        "reportedCurrency": "USD",
        "cik": "0001255474",
        "fillingDate": "2004-10-18",
        "acceptedDate": "2004-10-18 06:50:06",
        "calendarYear": "2004",
        "period": "Q3",
        "revenue": 67238000,
        "costOfRevenue": 0,
        "grossProfit": 67238000,
        "grossProfitRatio": 1,
        "researchAndDevelopmentExpenses": 0,
        "generalAndAdministrativeExpenses": 0,
        "sellingAndMarketingExpenses": 0,
        "sellingGeneralAndAdministrativeExpenses": 22840000,
        "otherExpenses": 16960000,
        "operatingExpenses": 39800000,
        "costAndExpenses": 39800000,
        "interestIncome": 0,
        "interestExpense": 0,
        "depreciationAndAmortization": 13571000,
        "ebitda": 36889000,
        "ebitdaratio": 0.5486332134,
        "operatingIncome": 27438000,
        "operatingIncomeRatio": 0.408072816,
        "totalOtherIncomeExpensesNet": -4120000,
        "incomeBeforeTax": 23318000,
        "incomeBeforeTaxRatio": 0.3467979416,
        "incomeTaxExpense": 9001000,
        "netIncome": 14317000,
        "netIncomeRatio": 0.2129301883,
        "eps": 1.4,
        "epsdiluted": 1.39,
        "weightedAverageShsOut": 136773,
        "weightedAverageShsOutDil": 137026,
        "link": "https://www.sec.gov/Archives/edgar/data/1255474/000119312504172643/0001193125-04-172643-index.htm",
        "finalLink": "https://www.sec.gov/Archives/edgar/data/1255474/000119312504172643/d10q.htm"
    },
    {
        "date": "2004-06-30",
        "symbol": "WLL",
        "reportedCurrency": "USD",
        "cik": "0001255474",
        "fillingDate": "2004-07-30",
        "acceptedDate": "2004-07-30 16:49:32",
        "calendarYear": "2004",
        "period": "Q2",
        "revenue": 54731000,
        "costOfRevenue": 11144000,
        "grossProfit": 43587000,
        "grossProfitRatio": 0.7963859604,
        "researchAndDevelopmentExpenses": 0,
        "generalAndAdministrativeExpenses": 0,
        "sellingAndMarketingExpenses": 0,
        "sellingGeneralAndAdministrativeExpenses": 4575000,
        "otherExpenses": 13973000,
        "operatingExpenses": 18548000,
        "costAndExpenses": 29692000,
        "interestIncome": 35000,
        "interestExpense": 3100000,
        "depreciationAndAmortization": 11300000,
        "ebitda": 36339000,
        "ebitdaratio": 0.6639564415,
        "operatingIncome": 25039000,
        "operatingIncomeRatio": 0.4574920977,
        "totalOtherIncomeExpensesNet": -3100000,
        "incomeBeforeTax": 21939000,
        "incomeBeforeTaxRatio": 0.400851437,
        "incomeTaxExpense": 8468000,
        "netIncome": 13471000,
        "netIncomeRatio": 0.2461310775,
        "eps": 1.44,
        "epsdiluted": 1.43,
        "weightedAverageShsOut": 125039,
        "weightedAverageShsOutDil": 125173,
        "link": "https://www.sec.gov/Archives/edgar/data/1255474/000119312504128248/0001193125-04-128248-index.htm",
        "finalLink": "https://www.sec.gov/Archives/edgar/data/1255474/000119312504128248/d10q.htm"
    },
    {
        "date": "2004-03-31",
        "symbol": "WLL",
        "reportedCurrency": "USD",
        "cik": "0001255474",
        "fillingDate": "2004-05-12",
        "acceptedDate": "2004-05-12 11:46:19",
        "calendarYear": "2004",
        "period": "Q1",
        "revenue": 47636000,
        "costOfRevenue": 10967000,
        "grossProfit": 36669000,
        "grossProfitRatio": 0.7697749601,
        "researchAndDevelopmentExpenses": 0,
        "generalAndAdministrativeExpenses": 0,
        "sellingAndMarketingExpenses": 0,
        "sellingGeneralAndAdministrativeExpenses": 4001000,
        "otherExpenses": 13735000,
        "operatingExpenses": 17736000,
        "costAndExpenses": 28703000,
        "interestIncome": 99000,
        "interestExpense": 2319000,
        "depreciationAndAmortization": 11076000,
        "ebitda": 29093000,
        "ebitdaratio": 0.6107355781,
        "operatingIncome": 18933000,
        "operatingIncomeRatio": 0.3974515073,
        "totalOtherIncomeExpensesNet": -3235000,
        "incomeBeforeTax": 15698000,
        "incomeBeforeTaxRatio": 0.3295406835,
        "incomeTaxExpense": 6060000,
        "netIncome": 9638000,
        "netIncomeRatio": 0.202325972,
        "eps": 1.03,
        "epsdiluted": 1.03,
        "weightedAverageShsOut": 125019,
        "weightedAverageShsOutDil": 125019,
        "link": "https://www.sec.gov/Archives/edgar/data/1255474/000119312504085902/0001193125-04-085902-index.htm",
        "finalLink": "https://www.sec.gov/Archives/edgar/data/1255474/000119312504085902/d10q.htm"
    },
    {
        "date": "2003-12-31",
        "symbol": "WLL",
        "reportedCurrency": "USD",
        "cik": "0001255474",
        "fillingDate": "2003-12-31",
        "acceptedDate": "2003-12-30 19:00:00",
        "calendarYear": "2003",
        "period": "Q4",
        "revenue": 42093294,
        "costOfRevenue": 0,
        "grossProfit": 42093294,
        "grossProfitRatio": 1,
        "researchAndDevelopmentExpenses": 0,
        "generalAndAdministrativeExpenses": 0,
        "sellingAndMarketingExpenses": 0,
        "sellingGeneralAndAdministrativeExpenses": 0,
        "otherExpenses": -111151000,
        "operatingExpenses": -111151000,
        "costAndExpenses": -111151000,
        "interestIncome": 0,
        "interestExpense": 0,
        "depreciationAndAmortization": 68741315,
        "ebitda": -316391,
        "ebitdaratio": -0.0075164229,
        "operatingIncome": -69057706,
        "operatingIncomeRatio": -1.640586883,
        "totalOtherIncomeExpensesNet": 0,
        "incomeBeforeTax": 0,
        "incomeBeforeTaxRatio": 0,
        "incomeTaxExpense": -68741315,
        "netIncome": -316391,
        "netIncomeRatio": -0.0075164229,
        "eps": -0.0337,
        "epsdiluted": -0.0337,
        "weightedAverageShsOut": 125019,
        "weightedAverageShsOutDil": 125019,
        "link": "",
        "finalLink": ""
    },
    {
        "date": "2003-09-30",
        "symbol": "WLL",
        "reportedCurrency": "USD",
        "cik": "0001255474",
        "fillingDate": "2003-09-30",
        "acceptedDate": "2003-09-29 20:00:00",
        "calendarYear": "2003",
        "period": "Q3",
        "revenue": 44545902,
        "costOfRevenue": 0,
        "grossProfit": 44545902,
        "grossProfitRatio": 1,
        "researchAndDevelopmentExpenses": 0,
        "generalAndAdministrativeExpenses": 0,
        "sellingAndMarketingExpenses": 0,
        "sellingGeneralAndAdministrativeExpenses": 0,
        "otherExpenses": 0,
        "operatingExpenses": 0,
        "costAndExpenses": 0,
        "interestIncome": 0,
        "interestExpense": 0,
        "depreciationAndAmortization": -38345438,
        "ebitda": 6200464,
        "ebitdaratio": 0.1391926916,
        "operatingIncome": 44545902,
        "operatingIncomeRatio": 1,
        "totalOtherIncomeExpensesNet": 0,
        "incomeBeforeTax": 0,
        "incomeBeforeTaxRatio": 0,
        "incomeTaxExpense": 38345438,
        "netIncome": 6200464,
        "netIncomeRatio": 0.1391926916,
        "eps": 0.66,
        "epsdiluted": 0.66,
        "weightedAverageShsOut": 124918,
        "weightedAverageShsOutDil": 124918,
        "link": "",
        "finalLink": ""
    },
    {
        "date": "2003-06-30",
        "symbol": "WLL",
        "reportedCurrency": "USD",
        "cik": "0001255474",
        "fillingDate": "2003-06-30",
        "acceptedDate": "2003-06-29 20:00:00",
        "calendarYear": "2003",
        "period": "Q2",
        "revenue": 44545902,
        "costOfRevenue": 0,
        "grossProfit": 44545902,
        "grossProfitRatio": 1,
        "researchAndDevelopmentExpenses": 0,
        "generalAndAdministrativeExpenses": 0,
        "sellingAndMarketingExpenses": 0,
        "sellingGeneralAndAdministrativeExpenses": 0,
        "otherExpenses": 0,
        "operatingExpenses": 0,
        "costAndExpenses": 0,
        "interestIncome": 0,
        "interestExpense": 0,
        "depreciationAndAmortization": -38345438,
        "ebitda": 6200464,
        "ebitdaratio": 0.1391926916,
        "operatingIncome": 44545902,
        "operatingIncomeRatio": 1,
        "totalOtherIncomeExpensesNet": 0,
        "incomeBeforeTax": 0,
        "incomeBeforeTaxRatio": 0,
        "incomeTaxExpense": 38345438,
        "netIncome": 6200464,
        "netIncomeRatio": 0.1391926916,
        "eps": 0.66,
        "epsdiluted": 0.66,
        "weightedAverageShsOut": 124918,
        "weightedAverageShsOutDil": 124918,
        "link": "",
        "finalLink": ""
    },
    {
        "date": "2003-03-31",
        "symbol": "WLL",
        "reportedCurrency": "USD",
        "cik": "0001255474",
        "fillingDate": "2003-03-31",
        "acceptedDate": "2003-03-30 19:00:00",
        "calendarYear": "2003",
        "period": "Q1",
        "revenue": 44545902,
        "costOfRevenue": 0,
        "grossProfit": 44545902,
        "grossProfitRatio": 1,
        "researchAndDevelopmentExpenses": 0,
        "generalAndAdministrativeExpenses": 0,
        "sellingAndMarketingExpenses": 0,
        "sellingGeneralAndAdministrativeExpenses": 0,
        "otherExpenses": 0,
        "operatingExpenses": 0,
        "costAndExpenses": 0,
        "interestIncome": 0,
        "interestExpense": 0,
        "depreciationAndAmortization": -38345438,
        "ebitda": 6200464,
        "ebitdaratio": 0.1391926916,
        "operatingIncome": 44545902,
        "operatingIncomeRatio": 1,
        "totalOtherIncomeExpensesNet": 0,
        "incomeBeforeTax": 0,
        "incomeBeforeTaxRatio": 0,
        "incomeTaxExpense": 38345438,
        "netIncome": 6200464,
        "netIncomeRatio": 0.1391926916,
        "eps": 0.66,
        "epsdiluted": 0.66,
        "weightedAverageShsOut": 124918,
        "weightedAverageShsOutDil": 124918,
        "link": "",
        "finalLink": ""
    }
]