[
    {
        "date": "2025-08-31",
        "symbol": "WOR",
        "reportedCurrency": "USD",
        "cik": "0000108516",
        "fillingDate": "2025-10-08",
        "acceptedDate": "2025-10-08 14:53:34",
        "calendarYear": "2026",
        "period": "Q1",
        "revenue": 303707000,
        "costOfRevenue": 221423000,
        "grossProfit": 82284000,
        "grossProfitRatio": 0.2709321813,
        "researchAndDevelopmentExpenses": 0,
        "generalAndAdministrativeExpenses": 0,
        "sellingAndMarketingExpenses": 0,
        "sellingGeneralAndAdministrativeExpenses": 70565000,
        "otherExpenses": 0,
        "operatingExpenses": 70565000,
        "costAndExpenses": 291988000,
        "interestIncome": 0,
        "interestExpense": 63000,
        "depreciationAndAmortization": 13086000,
        "ebitda": 58829999,
        "ebitdaratio": 0.1937064309,
        "operatingIncome": 9243000,
        "operatingIncomeRatio": 0.030433938,
        "totalOtherIncomeExpensesNet": 36438000,
        "incomeBeforeTax": 45681000,
        "incomeBeforeTaxRatio": 0.1504114163,
        "incomeTaxExpense": 10860000,
        "netIncome": 35148000,
        "netIncomeRatio": 0.1157299634,
        "eps": 0.71,
        "epsdiluted": 0.71,
        "weightedAverageShsOut": 49264000,
        "weightedAverageShsOutDil": 49264000,
        "link": "https://www.sec.gov/Archives/edgar/data/108516/000119312525234399/0001193125-25-234399-index.htm",
        "finalLink": "https://www.sec.gov/Archives/edgar/data/108516/000119312525234399/wor-20250831.htm"
    },
    {
        "date": "2025-05-31",
        "symbol": "WOR",
        "reportedCurrency": "USD",
        "cik": "0000108516",
        "fillingDate": "2025-07-30",
        "acceptedDate": "2025-07-30 14:55:50",
        "calendarYear": "2025",
        "period": "Q4",
        "revenue": 317884000,
        "costOfRevenue": 224650000,
        "grossProfit": 93234000,
        "grossProfitRatio": 0.2932956676,
        "researchAndDevelopmentExpenses": 0,
        "generalAndAdministrativeExpenses": 43219000,
        "sellingAndMarketingExpenses": 28235000,
        "sellingGeneralAndAdministrativeExpenses": 71454000,
        "otherExpenses": 52185000,
        "operatingExpenses": 123639000,
        "costAndExpenses": 348289000,
        "interestIncome": 0,
        "interestExpense": -60000,
        "depreciationAndAmortization": 12555000,
        "ebitda": 20826000,
        "ebitdaratio": 0.0655144644,
        "operatingIncome": -30405000,
        "operatingIncomeRatio": -0.095648098,
        "totalOtherIncomeExpensesNet": 38736000,
        "incomeBeforeTax": 8331000,
        "incomeBeforeTaxRatio": 0.0262076732,
        "incomeTaxExpense": 4717000,
        "netIncome": 3877000,
        "netIncomeRatio": 0.0121962729,
        "eps": 0.0787,
        "epsdiluted": 0.0775,
        "weightedAverageShsOut": 49253000,
        "weightedAverageShsOutDil": 49997000,
        "link": "https://www.sec.gov/Archives/edgar/data/108516/000095017025100137/0000950170-25-100137-index.htm",
        "finalLink": "https://www.sec.gov/Archives/edgar/data/108516/000095017025100137/wor-20250531.htm"
    },
    {
        "date": "2025-02-28",
        "symbol": "WOR",
        "reportedCurrency": "USD",
        "cik": "0000108516",
        "fillingDate": "2025-04-09",
        "acceptedDate": "2025-04-09 14:24:03",
        "calendarYear": "2025",
        "period": "Q3",
        "revenue": 304524000,
        "costOfRevenue": 215277000,
        "grossProfit": 89247000,
        "grossProfitRatio": 0.2930704969,
        "researchAndDevelopmentExpenses": 0,
        "generalAndAdministrativeExpenses": 0,
        "sellingAndMarketingExpenses": 0,
        "sellingGeneralAndAdministrativeExpenses": 63005000,
        "otherExpenses": 5374000,
        "operatingExpenses": 68379000,
        "costAndExpenses": 278282000,
        "interestIncome": 0,
        "interestExpense": 628000,
        "depreciationAndAmortization": 11950000,
        "ebitda": 65209000,
        "ebitdaratio": 0.2141341898,
        "operatingIncome": 20868000,
        "operatingIncomeRatio": 0.0685266186,
        "totalOtherIncomeExpensesNet": 31711000,
        "incomeBeforeTax": 52579000,
        "incomeBeforeTaxRatio": 0.1726596262,
        "incomeTaxExpense": 13240000,
        "netIncome": 39663000,
        "netIncomeRatio": 0.1302458919,
        "eps": 0.8,
        "epsdiluted": 0.79,
        "weightedAverageShsOut": 49377000,
        "weightedAverageShsOutDil": 49981000,
        "link": "https://www.sec.gov/Archives/edgar/data/108516/000095017025052413/0000950170-25-052413-index.htm",
        "finalLink": "https://www.sec.gov/Archives/edgar/data/108516/000095017025052413/wor-20250228.htm"
    },
    {
        "date": "2024-11-30",
        "symbol": "WOR",
        "reportedCurrency": "USD",
        "cik": "0000108516",
        "fillingDate": "2025-01-10",
        "acceptedDate": "2025-01-10 12:46:35",
        "calendarYear": "2025",
        "period": "Q2",
        "revenue": 274046000,
        "costOfRevenue": 199987000,
        "grossProfit": 74059000,
        "grossProfitRatio": 0.2702429519,
        "researchAndDevelopmentExpenses": 0,
        "generalAndAdministrativeExpenses": 0,
        "sellingAndMarketingExpenses": 0,
        "sellingGeneralAndAdministrativeExpenses": 67918000,
        "otherExpenses": 2620000,
        "operatingExpenses": 70538000,
        "costAndExpenses": 270525000,
        "interestIncome": 0,
        "interestExpense": 1033000,
        "depreciationAndAmortization": 11927000,
        "ebitda": 50069000,
        "ebitdaratio": 0.1827029039,
        "operatingIncome": 3521000,
        "operatingIncomeRatio": 0.012848208,
        "totalOtherIncomeExpensesNet": 33588000,
        "incomeBeforeTax": 37109000,
        "incomeBeforeTaxRatio": 0.1354115732,
        "incomeTaxExpense": 9100000,
        "netIncome": 28260000,
        "netIncomeRatio": 0.1031213738,
        "eps": 0.57,
        "epsdiluted": 0.56,
        "weightedAverageShsOut": 49475000,
        "weightedAverageShsOutDil": 50264000,
        "link": "https://www.sec.gov/Archives/edgar/data/108516/000095017025004028/0000950170-25-004028-index.htm",
        "finalLink": "https://www.sec.gov/Archives/edgar/data/108516/000095017025004028/wor-20241130.htm"
    },
    {
        "date": "2024-08-31",
        "symbol": "WOR",
        "reportedCurrency": "USD",
        "cik": "0000108516",
        "fillingDate": "2024-10-07",
        "acceptedDate": "2024-10-07 16:14:36",
        "calendarYear": "2025",
        "period": "Q1",
        "revenue": 257308000,
        "costOfRevenue": 194813000,
        "grossProfit": 62495000,
        "grossProfitRatio": 0.2428801281,
        "researchAndDevelopmentExpenses": 0,
        "generalAndAdministrativeExpenses": 0,
        "sellingAndMarketingExpenses": 0,
        "sellingGeneralAndAdministrativeExpenses": 66036000,
        "otherExpenses": 0,
        "operatingExpenses": 67194000,
        "costAndExpenses": 262007000,
        "interestIncome": 0,
        "interestExpense": 489000,
        "depreciationAndAmortization": 11830000,
        "ebitda": 43161000,
        "ebitdaratio": 0.1677406066,
        "operatingIncome": -4699000,
        "operatingIncomeRatio": -0.0182621605,
        "totalOtherIncomeExpensesNet": 35489000,
        "incomeBeforeTax": 30790000,
        "incomeBeforeTaxRatio": 0.1196620393,
        "incomeTaxExpense": 6782000,
        "netIncome": 24253000,
        "netIncomeRatio": 0.0942566885,
        "eps": 0.49,
        "epsdiluted": 0.48,
        "weightedAverageShsOut": 49487000,
        "weightedAverageShsOutDil": 50365000,
        "link": "https://www.sec.gov/Archives/edgar/data/108516/000095017024113225/0000950170-24-113225-index.htm",
        "finalLink": "https://www.sec.gov/Archives/edgar/data/108516/000095017024113225/wor-20240831.htm"
    },
    {
        "date": "2024-05-31",
        "symbol": "WOR",
        "reportedCurrency": "USD",
        "cik": "0000108516",
        "fillingDate": "2024-07-30",
        "acceptedDate": "2024-07-30 17:05:55",
        "calendarYear": "2024",
        "period": "Q4",
        "revenue": 318801000,
        "costOfRevenue": 240701000,
        "grossProfit": 78100000,
        "grossProfitRatio": 0.244980411,
        "researchAndDevelopmentExpenses": 0,
        "generalAndAdministrativeExpenses": 43592000,
        "sellingAndMarketingExpenses": 29618000,
        "sellingGeneralAndAdministrativeExpenses": 73210000,
        "otherExpenses": 0,
        "operatingExpenses": 73210000,
        "costAndExpenses": 313911000,
        "interestIncome": 9000,
        "interestExpense": 0,
        "depreciationAndAmortization": 12423000,
        "ebitda": -14332000,
        "ebitdaratio": -0.0449559443,
        "operatingIncome": 4890000,
        "operatingIncomeRatio": 0.0153387223,
        "totalOtherIncomeExpensesNet": 29251000,
        "incomeBeforeTax": -26798000,
        "incomeBeforeTaxRatio": -0.0840587075,
        "incomeTaxExpense": 4986000,
        "netIncome": -31786000,
        "netIncomeRatio": -0.0997048315,
        "eps": -0.64,
        "epsdiluted": -0.64,
        "weightedAverageShsOut": 49437000,
        "weightedAverageShsOutDil": 49437000,
        "link": "https://www.sec.gov/Archives/edgar/data/108516/000095017024087983/0000950170-24-087983-index.htm",
        "finalLink": "https://www.sec.gov/Archives/edgar/data/108516/000095017024087983/wor-20240531.htm"
    },
    {
        "date": "2024-02-29",
        "symbol": "WOR",
        "reportedCurrency": "USD",
        "cik": "0000108516",
        "fillingDate": "2024-04-09",
        "acceptedDate": "2024-04-09 16:06:00",
        "calendarYear": "2024",
        "period": "Q3",
        "revenue": 316755000,
        "costOfRevenue": 245282000,
        "grossProfit": 71473000,
        "grossProfitRatio": 0.2256412685,
        "researchAndDevelopmentExpenses": 0,
        "generalAndAdministrativeExpenses": 0,
        "sellingAndMarketingExpenses": 0,
        "sellingGeneralAndAdministrativeExpenses": 65134000,
        "otherExpenses": 0,
        "operatingExpenses": 65134000,
        "costAndExpenses": 310416000,
        "interestIncome": 0,
        "interestExpense": 50000,
        "depreciationAndAmortization": 11949000,
        "ebitda": 19927000,
        "ebitdaratio": 0.0629098199,
        "operatingIncome": 6339000,
        "operatingIncomeRatio": 0.0200123124,
        "totalOtherIncomeExpensesNet": 36190000,
        "incomeBeforeTax": 40471000,
        "incomeBeforeTaxRatio": 0.1277675175,
        "incomeTaxExpense": 18471000,
        "netIncome": 22000000,
        "netIncomeRatio": 0.0694543101,
        "eps": 0.45,
        "epsdiluted": 0.44,
        "weightedAverageShsOut": 49315000,
        "weightedAverageShsOutDil": 50417000,
        "link": "https://www.sec.gov/Archives/edgar/data/108516/000095017024042963/0000950170-24-042963-index.htm",
        "finalLink": "https://www.sec.gov/Archives/edgar/data/108516/000095017024042963/wor-20240229.htm"
    },
    {
        "date": "2023-11-30",
        "symbol": "WOR",
        "reportedCurrency": "USD",
        "cik": "0000108516",
        "fillingDate": "2024-01-09",
        "acceptedDate": "2024-01-09 15:21:06",
        "calendarYear": "2024",
        "period": "Q2",
        "revenue": 1086918000,
        "costOfRevenue": 963204000,
        "grossProfit": 123714000,
        "grossProfitRatio": 0.1138209138,
        "researchAndDevelopmentExpenses": 0,
        "generalAndAdministrativeExpenses": 0,
        "sellingAndMarketingExpenses": 0,
        "sellingGeneralAndAdministrativeExpenses": 107688000,
        "otherExpenses": 1020000,
        "operatingExpenses": 107688000,
        "costAndExpenses": 1070892000,
        "interestIncome": 0,
        "interestExpense": 2169000,
        "depreciationAndAmortization": 28007000,
        "ebitda": 20701000,
        "ebitdaratio": 0.019045595,
        "operatingIncome": -5932000,
        "operatingIncomeRatio": -0.0054576334,
        "totalOtherIncomeExpensesNet": 41297000,
        "incomeBeforeTax": 35365000,
        "incomeBeforeTaxRatio": 0.0325369531,
        "incomeTaxExpense": 7198000,
        "netIncome": 24302000,
        "netIncomeRatio": 0.0223586324,
        "eps": 0.49,
        "epsdiluted": 0.49,
        "weightedAverageShsOut": 49186000,
        "weightedAverageShsOutDil": 50042000,
        "link": "https://www.sec.gov/Archives/edgar/data/108516/000095017024003302/0000950170-24-003302-index.htm",
        "finalLink": "https://www.sec.gov/Archives/edgar/data/108516/000095017024003302/wor-20231130.htm"
    },
    {
        "date": "2023-08-31",
        "symbol": "WOR",
        "reportedCurrency": "USD",
        "cik": "0000108516",
        "fillingDate": "2023-10-04",
        "acceptedDate": "2023-10-04 16:12:06",
        "calendarYear": "2024",
        "period": "Q1",
        "revenue": 1193256000,
        "costOfRevenue": 995767000,
        "grossProfit": 197489000,
        "grossProfitRatio": 0.1655043008,
        "researchAndDevelopmentExpenses": 0,
        "generalAndAdministrativeExpenses": 0,
        "sellingAndMarketingExpenses": 0,
        "sellingGeneralAndAdministrativeExpenses": 112348000,
        "otherExpenses": 1011000,
        "operatingExpenses": 112348000,
        "costAndExpenses": 1108115000,
        "interestIncome": 0,
        "interestExpense": 1074000,
        "depreciationAndAmortization": 28325000,
        "ebitda": 23411000,
        "ebitdaratio": 0.0196194279,
        "operatingIncome": 77705000,
        "operatingIncomeRatio": 0.0651201419,
        "totalOtherIncomeExpensesNet": 43115000,
        "incomeBeforeTax": 128480000,
        "incomeBeforeTaxRatio": 0.1076717821,
        "incomeTaxExpense": 28777000,
        "netIncome": 96106000,
        "netIncomeRatio": 0.0805409736,
        "eps": 1.97,
        "epsdiluted": 1.93,
        "weightedAverageShsOut": 48842000,
        "weightedAverageShsOutDil": 49886000,
        "link": "https://www.sec.gov/Archives/edgar/data/108516/000095017023051904/0000950170-23-051904-index.htm",
        "finalLink": "https://www.sec.gov/Archives/edgar/data/108516/000095017023051904/wor-20230831.htm"
    },
    {
        "date": "2023-05-31",
        "symbol": "WOR",
        "reportedCurrency": "USD",
        "cik": "0000108516",
        "fillingDate": "2023-07-31",
        "acceptedDate": "2023-07-31 15:34:57",
        "calendarYear": "2023",
        "period": "Q4",
        "revenue": 1228864000,
        "costOfRevenue": 984496000,
        "grossProfit": 244368000,
        "grossProfitRatio": 0.1988568304,
        "researchAndDevelopmentExpenses": 0,
        "generalAndAdministrativeExpenses": 82017000,
        "sellingAndMarketingExpenses": 29537000,
        "sellingGeneralAndAdministrativeExpenses": 111554000,
        "otherExpenses": 0,
        "operatingExpenses": 111554000,
        "costAndExpenses": 1096050000,
        "interestIncome": 4514000,
        "interestExpense": 4514000,
        "depreciationAndAmortization": 28292000,
        "ebitda": 46542000,
        "ebitdaratio": 0.037874004,
        "operatingIncome": 189433000,
        "operatingIncomeRatio": 0.1541529413,
        "totalOtherIncomeExpensesNet": 159376000,
        "incomeBeforeTax": 174677000,
        "incomeBeforeTaxRatio": 0.1421451031,
        "incomeTaxExpense": 40514000,
        "netIncome": 129903000,
        "netIncomeRatio": 0.1057098263,
        "eps": 2.67,
        "epsdiluted": 2.61,
        "weightedAverageShsOut": 48643000,
        "weightedAverageShsOutDil": 49779000,
        "link": "https://www.sec.gov/Archives/edgar/data/108516/000095017023035904/0000950170-23-035904-index.htm",
        "finalLink": "https://www.sec.gov/Archives/edgar/data/108516/000095017023035904/wor-20230531.htm"
    },
    {
        "date": "2023-02-28",
        "symbol": "WOR",
        "reportedCurrency": "USD",
        "cik": "0000108516",
        "fillingDate": "2023-04-10",
        "acceptedDate": "2023-04-10 11:10:59",
        "calendarYear": "2023",
        "period": "Q3",
        "revenue": 346315000,
        "costOfRevenue": 267344000,
        "grossProfit": 78971000,
        "grossProfitRatio": 0.2280322827,
        "researchAndDevelopmentExpenses": 0,
        "generalAndAdministrativeExpenses": 0,
        "sellingAndMarketingExpenses": 0,
        "sellingGeneralAndAdministrativeExpenses": 71359000,
        "otherExpenses": 3612000,
        "operatingExpenses": 74971000,
        "costAndExpenses": 342315000,
        "interestIncome": 0,
        "interestExpense": 4186000,
        "depreciationAndAmortization": 28153000,
        "ebitda": 69481000,
        "ebitdaratio": 0.2006294847,
        "operatingIncome": 4000000,
        "operatingIncomeRatio": 0.0115501783,
        "totalOtherIncomeExpensesNet": 33142000,
        "incomeBeforeTax": 37142000,
        "incomeBeforeTaxRatio": 0.1072491807,
        "incomeTaxExpense": 7391000,
        "netIncome": 46325000,
        "netIncomeRatio": 0.1337655025,
        "eps": 0.95,
        "epsdiluted": 0.94,
        "weightedAverageShsOut": 48587000,
        "weightedAverageShsOutDil": 49493000,
        "link": "https://www.sec.gov/Archives/edgar/data/108516/000095017023012255/0000950170-23-012255-index.htm",
        "finalLink": "https://www.sec.gov/Archives/edgar/data/108516/000095017023012255/wor-20230228.htm"
    },
    {
        "date": "2022-11-30",
        "symbol": "WOR",
        "reportedCurrency": "USD",
        "cik": "0000108516",
        "fillingDate": "2023-01-09",
        "acceptedDate": "2023-01-09 11:16:40",
        "calendarYear": "2023",
        "period": "Q2",
        "revenue": 1175541000,
        "costOfRevenue": 1069778000,
        "grossProfit": 105763000,
        "grossProfitRatio": 0.0899696395,
        "researchAndDevelopmentExpenses": 0,
        "generalAndAdministrativeExpenses": 0,
        "sellingAndMarketingExpenses": 0,
        "sellingGeneralAndAdministrativeExpenses": 107813000,
        "otherExpenses": 0,
        "operatingExpenses": 107813000,
        "costAndExpenses": 1177591000,
        "interestIncome": 0,
        "interestExpense": 7612000,
        "depreciationAndAmortization": 28354000,
        "ebitda": -26964000,
        "ebitdaratio": -0.0229375241,
        "operatingIncome": 36212000,
        "operatingIncomeRatio": 0.0308045402,
        "totalOtherIncomeExpensesNet": 30650000,
        "incomeBeforeTax": 23636000,
        "incomeBeforeTaxRatio": 0.0201064871,
        "incomeTaxExpense": 4131000,
        "netIncome": 16218000,
        "netIncomeRatio": 0.0137962011,
        "eps": 0.33,
        "epsdiluted": 0.33,
        "weightedAverageShsOut": 48558000,
        "weightedAverageShsOutDil": 49330000,
        "link": "https://www.sec.gov/Archives/edgar/data/108516/000095017023000486/0000950170-23-000486-index.htm",
        "finalLink": "https://www.sec.gov/Archives/edgar/data/108516/000095017023000486/wor-20221130.htm"
    },
    {
        "date": "2022-08-31",
        "symbol": "WOR",
        "reportedCurrency": "USD",
        "cik": "0000108516",
        "fillingDate": "2022-10-11",
        "acceptedDate": "2022-10-11 12:30:47",
        "calendarYear": "2023",
        "period": "Q1",
        "revenue": 1408665000,
        "costOfRevenue": 1239291000,
        "grossProfit": 169374000,
        "grossProfitRatio": 0.1202372459,
        "researchAndDevelopmentExpenses": 0,
        "generalAndAdministrativeExpenses": 0,
        "sellingAndMarketingExpenses": 0,
        "sellingGeneralAndAdministrativeExpenses": 103448000,
        "otherExpenses": 0,
        "operatingExpenses": 103448000,
        "costAndExpenses": 1342739000,
        "interestIncome": 0,
        "interestExpense": 8598000,
        "depreciationAndAmortization": 28001000,
        "ebitda": 93927000,
        "ebitdaratio": 0.0666780249,
        "operatingIncome": 92552000,
        "operatingIncomeRatio": 0.0657019235,
        "totalOtherIncomeExpensesNet": 18028000,
        "incomeBeforeTax": 84742000,
        "incomeBeforeTaxRatio": 0.060157667,
        "incomeTaxExpense": 19498000,
        "netIncome": 64082000,
        "netIncomeRatio": 0.0454912985,
        "eps": 1.32,
        "epsdiluted": 1.3,
        "weightedAverageShsOut": 48478000,
        "weightedAverageShsOutDil": 49238000,
        "link": "https://www.sec.gov/Archives/edgar/data/108516/000095017022019426/0000950170-22-019426-index.htm",
        "finalLink": "https://www.sec.gov/Archives/edgar/data/108516/000095017022019426/wor-20220831.htm"
    },
    {
        "date": "2022-05-31",
        "symbol": "WOR",
        "reportedCurrency": "USD",
        "cik": "0000108516",
        "fillingDate": "2022-08-01",
        "acceptedDate": "2022-08-01 14:34:22",
        "calendarYear": "2022",
        "period": "Q4",
        "revenue": 1520305000,
        "costOfRevenue": 1352582000,
        "grossProfit": 167723000,
        "grossProfitRatio": 0.110321942,
        "researchAndDevelopmentExpenses": 0,
        "generalAndAdministrativeExpenses": 83029000,
        "sellingAndMarketingExpenses": 21613000,
        "sellingGeneralAndAdministrativeExpenses": 104642000,
        "otherExpenses": 651000,
        "operatingExpenses": 104642000,
        "costAndExpenses": 1457224000,
        "interestIncome": 0,
        "interestExpense": 8167000,
        "depreciationAndAmortization": 28248000,
        "ebitda": 91329000,
        "ebitdaratio": 0.0600728143,
        "operatingIncome": 116773000,
        "operatingIncomeRatio": 0.0768089298,
        "totalOtherIncomeExpensesNet": 38759000,
        "incomeBeforeTax": 110920000,
        "incomeBeforeTaxRatio": 0.0729590444,
        "incomeTaxExpense": 24963000,
        "netIncome": 80252000,
        "netIncomeRatio": 0.0527867763,
        "eps": 1.65,
        "epsdiluted": 1.61,
        "weightedAverageShsOut": 48767000,
        "weightedAverageShsOutDil": 49701000,
        "link": "https://www.sec.gov/Archives/edgar/data/108516/000095017022013641/0000950170-22-013641-index.htm",
        "finalLink": "https://www.sec.gov/Archives/edgar/data/108516/000095017022013641/wor-20220531.htm"
    },
    {
        "date": "2022-02-28",
        "symbol": "WOR",
        "reportedCurrency": "USD",
        "cik": "0000108516",
        "fillingDate": "2022-04-11",
        "acceptedDate": "2022-04-11 13:30:55",
        "calendarYear": "2022",
        "period": "Q3",
        "revenue": 1378235000,
        "costOfRevenue": 1235107000,
        "grossProfit": 143128000,
        "grossProfitRatio": 0.1038487631,
        "researchAndDevelopmentExpenses": 0,
        "generalAndAdministrativeExpenses": 0,
        "sellingAndMarketingExpenses": 0,
        "sellingGeneralAndAdministrativeExpenses": 102945000,
        "otherExpenses": 393000,
        "operatingExpenses": 102945000,
        "costAndExpenses": 1338052000,
        "interestIncome": 0,
        "interestExpense": 8140000,
        "depreciationAndAmortization": 27425000,
        "ebitda": 67608000,
        "ebitdaratio": 0.0490540438,
        "operatingIncome": 88042000,
        "operatingIncomeRatio": 0.0638802526,
        "totalOtherIncomeExpensesNet": 39719000,
        "incomeBeforeTax": 77330000,
        "incomeBeforeTaxRatio": 0.0561079932,
        "incomeTaxExpense": 18683000,
        "netIncome": 56342000,
        "netIncomeRatio": 0.0408798209,
        "eps": 1.11,
        "epsdiluted": 1.11,
        "weightedAverageShsOut": 49749000,
        "weightedAverageShsOutDil": 50641000,
        "link": "https://www.sec.gov/Archives/edgar/data/108516/000156459022014083/0001564590-22-014083-index.htm",
        "finalLink": "https://www.sec.gov/Archives/edgar/data/108516/000156459022014083/wor-10q_20220228.htm"
    },
    {
        "date": "2021-11-30",
        "symbol": "WOR",
        "reportedCurrency": "USD",
        "cik": "0000108516",
        "fillingDate": "2022-01-10",
        "acceptedDate": "2022-01-10 11:55:01",
        "calendarYear": "2022",
        "period": "Q2",
        "revenue": 1232861000,
        "costOfRevenue": 1048270000,
        "grossProfit": 184591000,
        "grossProfitRatio": 0.1497257193,
        "researchAndDevelopmentExpenses": 0,
        "generalAndAdministrativeExpenses": 0,
        "sellingAndMarketingExpenses": 0,
        "sellingGeneralAndAdministrativeExpenses": 96130000,
        "otherExpenses": 0,
        "operatingExpenses": 96130000,
        "costAndExpenses": 1144400000,
        "interestIncome": 0,
        "interestExpense": 7312000,
        "depreciationAndAmortization": 21090000,
        "ebitda": 109551000,
        "ebitdaratio": 0.0888591658,
        "operatingIncome": 90465000,
        "operatingIncomeRatio": 0.0733781018,
        "totalOtherIncomeExpensesNet": 53946000,
        "incomeBeforeTax": 144411000,
        "incomeBeforeTaxRatio": 0.1171348595,
        "incomeTaxExpense": 31226000,
        "netIncome": 110301000,
        "netIncomeRatio": 0.0894675069,
        "eps": 2.19,
        "epsdiluted": 2.15,
        "weightedAverageShsOut": 50381000,
        "weightedAverageShsOutDil": 51214000,
        "link": "https://www.sec.gov/Archives/edgar/data/108516/000156459022000808/0001564590-22-000808-index.htm",
        "finalLink": "https://www.sec.gov/Archives/edgar/data/108516/000156459022000808/wor-10q_20211130.htm"
    },
    {
        "date": "2021-08-31",
        "symbol": "WOR",
        "reportedCurrency": "USD",
        "cik": "0000108516",
        "fillingDate": "2021-10-12",
        "acceptedDate": "2021-10-12 15:28:59",
        "calendarYear": "2022",
        "period": "Q1",
        "revenue": 1110818000,
        "costOfRevenue": 891444000,
        "grossProfit": 219374000,
        "grossProfitRatio": 0.1974886975,
        "researchAndDevelopmentExpenses": 0,
        "generalAndAdministrativeExpenses": 0,
        "sellingAndMarketingExpenses": 0,
        "sellingGeneralAndAdministrativeExpenses": 95851000,
        "otherExpenses": 630000,
        "operatingExpenses": 95851000,
        "costAndExpenses": 987295000,
        "interestIncome": 0,
        "interestExpense": 7718000,
        "depreciationAndAmortization": 22064000,
        "ebitda": 145587000,
        "ebitdaratio": 0.1310628744,
        "operatingIncome": 135797000,
        "operatingIncomeRatio": 0.1222495494,
        "totalOtherIncomeExpensesNet": 45828000,
        "incomeBeforeTax": 181625000,
        "incomeBeforeTaxRatio": 0.1635056328,
        "incomeTaxExpense": 40150000,
        "netIncome": 132491000,
        "netIncomeRatio": 0.1192733643,
        "eps": 2.61,
        "epsdiluted": 2.55,
        "weightedAverageShsOut": 50852000,
        "weightedAverageShsOutDil": 51865000,
        "link": "https://www.sec.gov/Archives/edgar/data/108516/000156459021050628/0001564590-21-050628-index.htm",
        "finalLink": "https://www.sec.gov/Archives/edgar/data/108516/000156459021050628/wor-10q_20210831.htm"
    },
    {
        "date": "2021-05-31",
        "symbol": "WOR",
        "reportedCurrency": "USD",
        "cik": "0000108516",
        "fillingDate": "2021-07-30",
        "acceptedDate": "2021-07-30 17:15:00",
        "calendarYear": "2021",
        "period": "Q4",
        "revenue": 978319000,
        "costOfRevenue": 752171000,
        "grossProfit": 226148000,
        "grossProfitRatio": 0.2311597751,
        "researchAndDevelopmentExpenses": 0,
        "generalAndAdministrativeExpenses": 82196000,
        "sellingAndMarketingExpenses": 17462000,
        "sellingGeneralAndAdministrativeExpenses": 99925000,
        "otherExpenses": 797000,
        "operatingExpenses": 99925000,
        "costAndExpenses": 852096000,
        "interestIncome": 0,
        "interestExpense": 7650000,
        "depreciationAndAmortization": 21990000,
        "ebitda": 148213000,
        "ebitdaratio": 0.1514976199,
        "operatingIncome": 110458000,
        "operatingIncomeRatio": 0.1129059131,
        "totalOtherIncomeExpensesNet": 35533000,
        "incomeBeforeTax": 145991000,
        "incomeBeforeTaxRatio": 0.1492263771,
        "incomeTaxExpense": 27449000,
        "netIncome": 113555000,
        "netIncomeRatio": 0.1160715472,
        "eps": 2.2,
        "epsdiluted": 2.15,
        "weightedAverageShsOut": 51587000,
        "weightedAverageShsOutDil": 52862000,
        "link": "https://www.sec.gov/Archives/edgar/data/108516/000156459021039550/0001564590-21-039550-index.htm",
        "finalLink": "https://www.sec.gov/Archives/edgar/data/108516/000156459021039550/wor-10k_20210531.htm"
    },
    {
        "date": "2021-02-28",
        "symbol": "WOR",
        "reportedCurrency": "USD",
        "cik": "0000108516",
        "fillingDate": "2021-04-09",
        "acceptedDate": "2021-04-09 14:42:54",
        "calendarYear": "2021",
        "period": "Q3",
        "revenue": 759109000,
        "costOfRevenue": 595011000,
        "grossProfit": 164098000,
        "grossProfitRatio": 0.2161718541,
        "researchAndDevelopmentExpenses": 0,
        "generalAndAdministrativeExpenses": 0,
        "sellingAndMarketingExpenses": 0,
        "sellingGeneralAndAdministrativeExpenses": 86895000,
        "otherExpenses": 539000,
        "operatingExpenses": 86895000,
        "costAndExpenses": 681906000,
        "interestIncome": 0,
        "interestExpense": 7558000,
        "depreciationAndAmortization": 21893000,
        "ebitda": 99096000,
        "ebitdaratio": 0.1305425176,
        "operatingIncome": 49772000,
        "operatingIncomeRatio": 0.0655663416,
        "totalOtherIncomeExpensesNet": 27395000,
        "incomeBeforeTax": 77167000,
        "incomeBeforeTaxRatio": 0.1016547031,
        "incomeTaxExpense": 4485000,
        "netIncome": 67609000,
        "netIncomeRatio": 0.0890636259,
        "eps": 1.3,
        "epsdiluted": 1.27,
        "weightedAverageShsOut": 52149000,
        "weightedAverageShsOutDil": 53217000,
        "link": "https://www.sec.gov/Archives/edgar/data/108516/000156459021018309/0001564590-21-018309-index.htm",
        "finalLink": "https://www.sec.gov/Archives/edgar/data/108516/000156459021018309/wor-10q_20210228.htm"
    },
    {
        "date": "2020-11-30",
        "symbol": "WOR",
        "reportedCurrency": "USD",
        "cik": "0000108516",
        "fillingDate": "2021-01-11",
        "acceptedDate": "2021-01-11 16:03:45",
        "calendarYear": "2021",
        "period": "Q2",
        "revenue": 731092000,
        "costOfRevenue": 595618000,
        "grossProfit": 135474000,
        "grossProfitRatio": 0.185303628,
        "researchAndDevelopmentExpenses": 0,
        "generalAndAdministrativeExpenses": 0,
        "sellingAndMarketingExpenses": 0,
        "sellingGeneralAndAdministrativeExpenses": 82129000,
        "otherExpenses": 376000,
        "operatingExpenses": 82129000,
        "costAndExpenses": 677747000,
        "interestIncome": 0,
        "interestExpense": 7548000,
        "depreciationAndAmortization": 21560000,
        "ebitda": -59319000,
        "ebitdaratio": -0.0811375313,
        "operatingIncome": 37364000,
        "operatingIncomeRatio": 0.051107111,
        "totalOtherIncomeExpensesNet": -125321000,
        "incomeBeforeTax": -87957000,
        "incomeBeforeTaxRatio": -0.1203090719,
        "incomeTaxExpense": -19445000,
        "netIncome": -74044000,
        "netIncomeRatio": -0.1012786352,
        "eps": -1.4,
        "epsdiluted": -1.4,
        "weightedAverageShsOut": 52888571,
        "weightedAverageShsOutDil": 52988000,
        "link": "https://www.sec.gov/Archives/edgar/data/108516/000156459021000850/0001564590-21-000850-index.htm",
        "finalLink": "https://www.sec.gov/Archives/edgar/data/108516/000156459021000850/wor-10q_20201130.htm"
    },
    {
        "date": "2020-08-31",
        "symbol": "WOR",
        "reportedCurrency": "USD",
        "cik": "0000108516",
        "fillingDate": "2020-10-13",
        "acceptedDate": "2020-10-13 16:37:38",
        "calendarYear": "2021",
        "period": "Q1",
        "revenue": 702909000,
        "costOfRevenue": 589551000,
        "grossProfit": 113358000,
        "grossProfitRatio": 0.1612698088,
        "researchAndDevelopmentExpenses": 0,
        "generalAndAdministrativeExpenses": 82196000,
        "sellingAndMarketingExpenses": 0,
        "sellingGeneralAndAdministrativeExpenses": 82196000,
        "otherExpenses": 452000,
        "operatingExpenses": 82196000,
        "costAndExpenses": 671747000,
        "interestIncome": 0,
        "interestExpense": 7590000,
        "depreciationAndAmortization": 22211000,
        "ebitda": 53373000,
        "ebitdaratio": 0.0759315929,
        "operatingIncome": -30121000,
        "operatingIncomeRatio": -0.0428519197,
        "totalOtherIncomeExpensesNet": 812637000,
        "incomeBeforeTax": 782516000,
        "incomeBeforeTaxRatio": 1.113253636,
        "incomeTaxExpense": 163778000,
        "netIncome": 616675000,
        "netIncomeRatio": 0.8773184011,
        "eps": 11.41,
        "epsdiluted": 11.22,
        "weightedAverageShsOut": 54070000,
        "weightedAverageShsOutDil": 54942000,
        "link": "https://www.sec.gov/Archives/edgar/data/108516/000156459020046316/0001564590-20-046316-index.htm",
        "finalLink": "https://www.sec.gov/Archives/edgar/data/108516/000156459020046316/wor-10q_20200831.htm"
    },
    {
        "date": "2020-05-31",
        "symbol": "WOR",
        "reportedCurrency": "USD",
        "cik": "0000108516",
        "fillingDate": "2020-07-30",
        "acceptedDate": "2020-07-30 20:56:10",
        "calendarYear": "2020",
        "period": "Q4",
        "revenue": 611627000,
        "costOfRevenue": 521737000,
        "grossProfit": 89890000,
        "grossProfitRatio": 0.146968659,
        "researchAndDevelopmentExpenses": 0,
        "generalAndAdministrativeExpenses": 50213000,
        "sellingAndMarketingExpenses": 17603000,
        "sellingGeneralAndAdministrativeExpenses": 67816000,
        "otherExpenses": 0,
        "operatingExpenses": 67816000,
        "costAndExpenses": 589553000,
        "interestIncome": 0,
        "interestExpense": 7459000,
        "depreciationAndAmortization": 23125000,
        "ebitda": 45199000,
        "ebitdaratio": 0.0738996153,
        "operatingIncome": 6345000,
        "operatingIncomeRatio": 0.0103739698,
        "totalOtherIncomeExpensesNet": 10580000,
        "incomeBeforeTax": 16925000,
        "incomeBeforeTaxRatio": 0.0276720943,
        "incomeTaxExpense": 5836000,
        "netIncome": 16175000,
        "netIncomeRatio": 0.0264458567,
        "eps": 0.3,
        "epsdiluted": 0.29,
        "weightedAverageShsOut": 54604000,
        "weightedAverageShsOutDil": 55206000,
        "link": "https://www.sec.gov/Archives/edgar/data/108516/000156459020034955/0001564590-20-034955-index.htm",
        "finalLink": "https://www.sec.gov/Archives/edgar/data/108516/000156459020034955/wor-10k_20200531.htm"
    },
    {
        "date": "2020-02-29",
        "symbol": "WOR",
        "reportedCurrency": "USD",
        "cik": "0000108516",
        "fillingDate": "2020-04-09",
        "acceptedDate": "2020-04-09 16:50:12",
        "calendarYear": "2020",
        "period": "Q3",
        "revenue": 763996000,
        "costOfRevenue": 648451000,
        "grossProfit": 115545000,
        "grossProfitRatio": 0.1512377028,
        "researchAndDevelopmentExpenses": 0,
        "generalAndAdministrativeExpenses": 80928000,
        "sellingAndMarketingExpenses": 0,
        "sellingGeneralAndAdministrativeExpenses": 80928000,
        "otherExpenses": 0,
        "operatingExpenses": 80928000,
        "costAndExpenses": 729379000,
        "interestIncome": 0,
        "interestExpense": 7362000,
        "depreciationAndAmortization": 22780000,
        "ebitda": 57397000,
        "ebitdaratio": 0.0751273567,
        "operatingIncome": -1386000,
        "operatingIncomeRatio": -0.0018141456,
        "totalOtherIncomeExpensesNet": 25102000,
        "incomeBeforeTax": 23716000,
        "incomeBeforeTaxRatio": 0.0310420473,
        "incomeTaxExpense": 4828000,
        "netIncome": 15311000,
        "netIncomeRatio": 0.0200406808,
        "eps": 0.28,
        "epsdiluted": 0.27,
        "weightedAverageShsOut": 54930000,
        "weightedAverageShsOutDil": 55898000,
        "link": "https://www.sec.gov/Archives/edgar/data/108516/000156459020016132/0001564590-20-016132-index.htm",
        "finalLink": "https://www.sec.gov/Archives/edgar/data/108516/000156459020016132/wor-10q_20200229.htm"
    },
    {
        "date": "2019-11-30",
        "symbol": "WOR",
        "reportedCurrency": "USD",
        "cik": "0000108516",
        "fillingDate": "2020-01-09",
        "acceptedDate": "2020-01-09 16:40:02",
        "calendarYear": "2020",
        "period": "Q2",
        "revenue": 827637000,
        "costOfRevenue": 707026000,
        "grossProfit": 120611000,
        "grossProfitRatio": 0.1457293475,
        "researchAndDevelopmentExpenses": 0,
        "generalAndAdministrativeExpenses": 88543000,
        "sellingAndMarketingExpenses": 0,
        "sellingGeneralAndAdministrativeExpenses": 88543000,
        "otherExpenses": 636000,
        "operatingExpenses": 88543000,
        "costAndExpenses": 795569000,
        "interestIncome": 0,
        "interestExpense": 7315000,
        "depreciationAndAmortization": 22596000,
        "ebitda": 102689000,
        "ebitdaratio": 0.1240749266,
        "operatingIncome": 32118000,
        "operatingIncomeRatio": 0.0388068682,
        "totalOtherIncomeExpensesNet": 40667000,
        "incomeBeforeTax": 72785000,
        "incomeBeforeTaxRatio": 0.0879431442,
        "incomeTaxExpense": 15863000,
        "netIncome": 52086000,
        "netIncomeRatio": 0.0629333875,
        "eps": 0.95,
        "epsdiluted": 0.93,
        "weightedAverageShsOut": 55059000,
        "weightedAverageShsOutDil": 56072000,
        "link": "https://www.sec.gov/Archives/edgar/data/108516/000156459020000643/0001564590-20-000643-index.htm",
        "finalLink": "https://www.sec.gov/Archives/edgar/data/108516/000156459020000643/wor-10q_20191130.htm"
    },
    {
        "date": "2019-08-31",
        "symbol": "WOR",
        "reportedCurrency": "USD",
        "cik": "0000108516",
        "fillingDate": "2019-10-10",
        "acceptedDate": "2019-10-10 15:01:02",
        "calendarYear": "2020",
        "period": "Q1",
        "revenue": 855859000,
        "costOfRevenue": 738568000,
        "grossProfit": 117291000,
        "grossProfitRatio": 0.1370447702,
        "researchAndDevelopmentExpenses": 0,
        "generalAndAdministrativeExpenses": 90823000,
        "sellingAndMarketingExpenses": 0,
        "sellingGeneralAndAdministrativeExpenses": 90823000,
        "otherExpenses": 695000,
        "operatingExpenses": 90823000,
        "costAndExpenses": 829391000,
        "interestIncome": 0,
        "interestExpense": 9480000,
        "depreciationAndAmortization": 24177000,
        "ebitda": 50645000,
        "ebitdaratio": 0.0591744668,
        "operatingIncome": -14588000,
        "operatingIncomeRatio": -0.0170448637,
        "totalOtherIncomeExpensesNet": 11948000,
        "incomeBeforeTax": -2640000,
        "incomeBeforeTaxRatio": -0.0030846202,
        "incomeTaxExpense": -185000,
        "netIncome": -4776000,
        "netIncomeRatio": -0.0055803584,
        "eps": -0.09,
        "epsdiluted": -0.0865,
        "weightedAverageShsOut": 53066666,
        "weightedAverageShsOutDil": 55241000,
        "link": "https://www.sec.gov/Archives/edgar/data/108516/000156459019036773/0001564590-19-036773-index.htm",
        "finalLink": "https://www.sec.gov/Archives/edgar/data/108516/000156459019036773/wor-10q_20190831.htm"
    },
    {
        "date": "2019-05-31",
        "symbol": "WOR",
        "reportedCurrency": "USD",
        "cik": "0000108516",
        "fillingDate": "2019-07-30",
        "acceptedDate": "2019-07-30 17:20:41",
        "calendarYear": "2019",
        "period": "Q4",
        "revenue": 938842000,
        "costOfRevenue": 812839000,
        "grossProfit": 126003000,
        "grossProfitRatio": 0.1342110813,
        "researchAndDevelopmentExpenses": 0,
        "generalAndAdministrativeExpenses": 72289000,
        "sellingAndMarketingExpenses": 15574000,
        "sellingGeneralAndAdministrativeExpenses": 87863000,
        "otherExpenses": 494000,
        "operatingExpenses": 87863000,
        "costAndExpenses": 900702000,
        "interestIncome": 0,
        "interestExpense": 9522000,
        "depreciationAndAmortization": 23959000,
        "ebitda": 62099000,
        "ebitdaratio": 0.06614425,
        "operatingIncome": 32012000,
        "operatingIncomeRatio": 0.0340973242,
        "totalOtherIncomeExpensesNet": 16114000,
        "incomeBeforeTax": 48126000,
        "incomeBeforeTaxRatio": 0.0512610216,
        "incomeTaxExpense": 9151000,
        "netIncome": 37738000,
        "netIncomeRatio": 0.040196327,
        "eps": 0.68,
        "epsdiluted": 0.66,
        "weightedAverageShsOut": 55850000,
        "weightedAverageShsOutDil": 57325000,
        "link": "https://www.sec.gov/Archives/edgar/data/108516/000156459019027053/0001564590-19-027053-index.htm",
        "finalLink": "https://www.sec.gov/Archives/edgar/data/108516/000156459019027053/wor-10k_20190531.htm"
    },
    {
        "date": "2019-02-28",
        "symbol": "WOR",
        "reportedCurrency": "USD",
        "cik": "0000108516",
        "fillingDate": "2019-04-09",
        "acceptedDate": "2019-04-09 15:18:07",
        "calendarYear": "2019",
        "period": "Q3",
        "revenue": 874381000,
        "costOfRevenue": 784360000,
        "grossProfit": 90021000,
        "grossProfitRatio": 0.1029539754,
        "researchAndDevelopmentExpenses": 0,
        "generalAndAdministrativeExpenses": 75220000,
        "sellingAndMarketingExpenses": 0,
        "sellingGeneralAndAdministrativeExpenses": 75220000,
        "otherExpenses": 525000,
        "operatingExpenses": 75220000,
        "costAndExpenses": 859580000,
        "interestIncome": 0,
        "interestExpense": 9341000,
        "depreciationAndAmortization": 23625000,
        "ebitda": 38426000,
        "ebitdaratio": 0.0439465176,
        "operatingIncome": 25977000,
        "operatingIncomeRatio": 0.029709017,
        "totalOtherIncomeExpensesNet": 11986000,
        "incomeBeforeTax": 37963000,
        "incomeBeforeTaxRatio": 0.0434170001,
        "incomeTaxExpense": 8415000,
        "netIncome": 26773000,
        "netIncomeRatio": 0.0306193753,
        "eps": 0.47,
        "epsdiluted": 0.46,
        "weightedAverageShsOut": 56478000,
        "weightedAverageShsOutDil": 57974000,
        "link": "https://www.sec.gov/Archives/edgar/data/108516/000156459019011110/0001564590-19-011110-index.htm",
        "finalLink": "https://www.sec.gov/Archives/edgar/data/108516/000156459019011110/wor-10q_20190228.htm"
    },
    {
        "date": "2018-11-30",
        "symbol": "WOR",
        "reportedCurrency": "USD",
        "cik": "0000108516",
        "fillingDate": "2019-01-09",
        "acceptedDate": "2019-01-09 11:25:17",
        "calendarYear": "2019",
        "period": "Q2",
        "revenue": 958226000,
        "costOfRevenue": 837292000,
        "grossProfit": 120934000,
        "grossProfitRatio": 0.1262061351,
        "researchAndDevelopmentExpenses": 0,
        "generalAndAdministrativeExpenses": 84668000,
        "sellingAndMarketingExpenses": 0,
        "sellingGeneralAndAdministrativeExpenses": 84668000,
        "otherExpenses": 0,
        "operatingExpenses": 84668000,
        "costAndExpenses": 921960000,
        "interestIncome": 0,
        "interestExpense": 9472000,
        "depreciationAndAmortization": 23525000,
        "ebitda": 59791000,
        "ebitdaratio": 0.0623975972,
        "operatingIncome": 35864000,
        "operatingIncomeRatio": 0.0374274962,
        "totalOtherIncomeExpensesNet": 13047000,
        "incomeBeforeTax": 48911000,
        "incomeBeforeTaxRatio": 0.0510432821,
        "incomeTaxExpense": 11119000,
        "netIncome": 34002000,
        "netIncomeRatio": 0.0354843221,
        "eps": 0.59,
        "epsdiluted": 0.57,
        "weightedAverageShsOut": 57716000,
        "weightedAverageShsOutDil": 59338000,
        "link": "https://www.sec.gov/Archives/edgar/data/108516/000156459019000433/0001564590-19-000433-index.htm",
        "finalLink": "https://www.sec.gov/Archives/edgar/data/108516/000156459019000433/wor-10q_20181130.htm"
    },
    {
        "date": "2018-08-31",
        "symbol": "WOR",
        "reportedCurrency": "USD",
        "cik": "0000108516",
        "fillingDate": "2018-10-10",
        "acceptedDate": "2018-10-10 11:06:35",
        "calendarYear": "2019",
        "period": "Q1",
        "revenue": 988107000,
        "costOfRevenue": 845110000,
        "grossProfit": 142997000,
        "grossProfitRatio": 0.1447181328,
        "researchAndDevelopmentExpenses": 0,
        "generalAndAdministrativeExpenses": 90641000,
        "sellingAndMarketingExpenses": 0,
        "sellingGeneralAndAdministrativeExpenses": 90641000,
        "otherExpenses": 265000,
        "operatingExpenses": 90641000,
        "costAndExpenses": 935751000,
        "interestIncome": 0,
        "interestExpense": 9728000,
        "depreciationAndAmortization": 24493000,
        "ebitda": 76849000,
        "ebitdaratio": 0.0777739658,
        "operatingIncome": 50911000,
        "operatingIncomeRatio": 0.0515237722,
        "totalOtherIncomeExpensesNet": 20545000,
        "incomeBeforeTax": 71456000,
        "incomeBeforeTaxRatio": 0.0723160548,
        "incomeTaxExpense": 14498000,
        "netIncome": 54942000,
        "netIncomeRatio": 0.0556032899,
        "eps": 0.94,
        "epsdiluted": 0.91,
        "weightedAverageShsOut": 58731000,
        "weightedAverageShsOutDil": 60621000,
        "link": "https://www.sec.gov/Archives/edgar/data/108516/000156459018024100/0001564590-18-024100-index.htm",
        "finalLink": "https://www.sec.gov/Archives/edgar/data/108516/000156459018024100/wor-10q_20180831.htm"
    },
    {
        "date": "2018-05-31",
        "symbol": "WOR",
        "reportedCurrency": "USD",
        "cik": "0000108516",
        "fillingDate": "2018-07-30",
        "acceptedDate": "2018-07-30 16:19:26",
        "calendarYear": "2018",
        "period": "Q4",
        "revenue": 1020460000,
        "costOfRevenue": 857514000,
        "grossProfit": 162946000,
        "grossProfitRatio": 0.1596789683,
        "researchAndDevelopmentExpenses": 0,
        "generalAndAdministrativeExpenses": 90256000,
        "sellingAndMarketingExpenses": 15236000,
        "sellingGeneralAndAdministrativeExpenses": 105492000,
        "otherExpenses": -173000,
        "operatingExpenses": 105492000,
        "costAndExpenses": 963006000,
        "interestIncome": 0,
        "interestExpense": 10055000,
        "depreciationAndAmortization": 26373000,
        "ebitda": 83827000,
        "ebitdaratio": 0.082146287,
        "operatingIncome": 4563000,
        "operatingIncomeRatio": 0.0044715128,
        "totalOtherIncomeExpensesNet": 29390000,
        "incomeBeforeTax": 33953000,
        "incomeBeforeTaxRatio": 0.0332722498,
        "incomeTaxExpense": 1096000,
        "netIncome": 30769000,
        "netIncomeRatio": 0.0301520883,
        "eps": 0.52,
        "epsdiluted": 0.5,
        "weightedAverageShsOut": 59355000,
        "weightedAverageShsOutDil": 61401000,
        "link": "https://www.sec.gov/Archives/edgar/data/108516/000156459018017896/0001564590-18-017896-index.htm",
        "finalLink": "https://www.sec.gov/Archives/edgar/data/108516/000156459018017896/wor-10k_20180531.htm"
    },
    {
        "date": "2018-02-28",
        "symbol": "WOR",
        "reportedCurrency": "USD",
        "cik": "0000108516",
        "fillingDate": "2018-04-09",
        "acceptedDate": "2018-04-09 17:30:00",
        "calendarYear": "2018",
        "period": "Q3",
        "revenue": 841657000,
        "costOfRevenue": 714603000,
        "grossProfit": 127054000,
        "grossProfitRatio": 0.1509569813,
        "researchAndDevelopmentExpenses": 0,
        "generalAndAdministrativeExpenses": 84294000,
        "sellingAndMarketingExpenses": 0,
        "sellingGeneralAndAdministrativeExpenses": 84294000,
        "otherExpenses": 0,
        "operatingExpenses": 84294000,
        "costAndExpenses": 798897000,
        "interestIncome": 0,
        "interestExpense": 9775000,
        "depreciationAndAmortization": 25338000,
        "ebitda": 68098000,
        "ebitdaratio": 0.0809094441,
        "operatingIncome": 42763000,
        "operatingIncomeRatio": 0.0508081083,
        "totalOtherIncomeExpensesNet": 11495000,
        "incomeBeforeTax": 54258000,
        "incomeBeforeTaxRatio": 0.0644656909,
        "incomeTaxExpense": -24039000,
        "netIncome": 79088000,
        "netIncomeRatio": 0.0939670198,
        "eps": 1.31,
        "epsdiluted": 1.27,
        "weightedAverageShsOut": 60383000,
        "weightedAverageShsOutDil": 62345000,
        "link": "https://www.sec.gov/Archives/edgar/data/108516/000119312518111703/0001193125-18-111703-index.htm",
        "finalLink": "https://www.sec.gov/Archives/edgar/data/108516/000119312518111703/d519400d10q.htm"
    },
    {
        "date": "2017-11-30",
        "symbol": "WOR",
        "reportedCurrency": "USD",
        "cik": "0000108516",
        "fillingDate": "2018-01-09",
        "acceptedDate": "2018-01-09 15:59:37",
        "calendarYear": "2018",
        "period": "Q2",
        "revenue": 871266000,
        "costOfRevenue": 731187000,
        "grossProfit": 140079000,
        "grossProfitRatio": 0.1607763875,
        "researchAndDevelopmentExpenses": 0,
        "generalAndAdministrativeExpenses": 89425000,
        "sellingAndMarketingExpenses": 0,
        "sellingGeneralAndAdministrativeExpenses": 89425000,
        "otherExpenses": 0,
        "operatingExpenses": 89425000,
        "costAndExpenses": 820612000,
        "interestIncome": 0,
        "interestExpense": 10038000,
        "depreciationAndAmortization": 26283000,
        "ebitda": 76937000,
        "ebitdaratio": 0.0883048346,
        "operatingIncome": 52059000,
        "operatingIncomeRatio": 0.0597509831,
        "totalOtherIncomeExpensesNet": 7728000,
        "incomeBeforeTax": 59787000,
        "incomeBeforeTaxRatio": 0.0686208345,
        "incomeTaxExpense": 18165000,
        "netIncome": 39403000,
        "netIncomeRatio": 0.0452249944,
        "eps": 0.64,
        "epsdiluted": 0.62,
        "weightedAverageShsOut": 61503000,
        "weightedAverageShsOutDil": 63468000,
        "link": "https://www.sec.gov/Archives/edgar/data/108516/000119312518007209/0001193125-18-007209-index.htm",
        "finalLink": "https://www.sec.gov/Archives/edgar/data/108516/000119312518007209/d498052d10q.htm"
    },
    {
        "date": "2017-08-31",
        "symbol": "WOR",
        "reportedCurrency": "USD",
        "cik": "0000108516",
        "fillingDate": "2017-10-10",
        "acceptedDate": "2017-10-10 16:48:02",
        "calendarYear": "2018",
        "period": "Q1",
        "revenue": 848237000,
        "costOfRevenue": 715459000,
        "grossProfit": 132778000,
        "grossProfitRatio": 0.1565340819,
        "researchAndDevelopmentExpenses": 0,
        "generalAndAdministrativeExpenses": 88249000,
        "sellingAndMarketingExpenses": 0,
        "sellingGeneralAndAdministrativeExpenses": 88249000,
        "otherExpenses": 348000,
        "operatingExpenses": 88249000,
        "costAndExpenses": 803708000,
        "interestIncome": 0,
        "interestExpense": 8807000,
        "depreciationAndAmortization": 25365000,
        "ebitda": 69894000,
        "ebitdaratio": 0.0823991408,
        "operatingIncome": 42225000,
        "operatingIncomeRatio": 0.0497797196,
        "totalOtherIncomeExpensesNet": 18847000,
        "incomeBeforeTax": 61072000,
        "incomeBeforeTaxRatio": 0.0719987456,
        "incomeTaxExpense": 12998000,
        "netIncome": 45534000,
        "netIncomeRatio": 0.053680752,
        "eps": 0.73,
        "epsdiluted": 0.7,
        "weightedAverageShsOut": 62444000,
        "weightedAverageShsOutDil": 64590000,
        "link": "https://www.sec.gov/Archives/edgar/data/108516/000119312517307152/0001193125-17-307152-index.htm",
        "finalLink": "https://www.sec.gov/Archives/edgar/data/108516/000119312517307152/d465502d10q.htm"
    },
    {
        "date": "2017-05-31",
        "symbol": "WOR",
        "reportedCurrency": "USD",
        "cik": "0000108516",
        "fillingDate": "2017-07-24",
        "acceptedDate": "2017-07-24 17:25:39",
        "calendarYear": "2017",
        "period": "Q4",
        "revenue": 845343000,
        "costOfRevenue": 690513000,
        "grossProfit": 154830000,
        "grossProfitRatio": 0.1831564229,
        "researchAndDevelopmentExpenses": 0,
        "generalAndAdministrativeExpenses": 68732000,
        "sellingAndMarketingExpenses": 14822000,
        "sellingGeneralAndAdministrativeExpenses": 83554000,
        "otherExpenses": 0,
        "operatingExpenses": 83554000,
        "costAndExpenses": 774067000,
        "interestIncome": 0,
        "interestExpense": 6594000,
        "depreciationAndAmortization": 21639000,
        "ebitda": 92915000,
        "ebitdaratio": 0.1099139639,
        "operatingIncome": 70859000,
        "operatingIncomeRatio": 0.0838227796,
        "totalOtherIncomeExpensesNet": 20359000,
        "incomeBeforeTax": 91218000,
        "incomeBeforeTaxRatio": 0.1079064948,
        "incomeTaxExpense": 30635000,
        "netIncome": 56494000,
        "netIncomeRatio": 0.0668296774,
        "eps": 0.9,
        "epsdiluted": 0.87,
        "weightedAverageShsOut": 62792000,
        "weightedAverageShsOutDil": 64950000,
        "link": "https://www.sec.gov/Archives/edgar/data/108516/000119312517234020/0001193125-17-234020-index.htm",
        "finalLink": "https://www.sec.gov/Archives/edgar/data/108516/000119312517234020/d410625d10k.htm"
    },
    {
        "date": "2017-02-28",
        "symbol": "WOR",
        "reportedCurrency": "USD",
        "cik": "0000108516",
        "fillingDate": "2017-04-10",
        "acceptedDate": "2017-04-10 16:37:01",
        "calendarYear": "2017",
        "period": "Q3",
        "revenue": 703436000,
        "costOfRevenue": 592446000,
        "grossProfit": 110990000,
        "grossProfitRatio": 0.1577826554,
        "researchAndDevelopmentExpenses": 0,
        "generalAndAdministrativeExpenses": 75276000,
        "sellingAndMarketingExpenses": 0,
        "sellingGeneralAndAdministrativeExpenses": 75276000,
        "otherExpenses": 749000,
        "operatingExpenses": 75276000,
        "costAndExpenses": 667722000,
        "interestIncome": 0,
        "interestExpense": 7674000,
        "depreciationAndAmortization": 21677000,
        "ebitda": 57391000,
        "ebitdaratio": 0.0815866689,
        "operatingIncome": 34320000,
        "operatingIncomeRatio": 0.0487890867,
        "totalOtherIncomeExpensesNet": 15772000,
        "incomeBeforeTax": 50092000,
        "incomeBeforeTaxRatio": 0.0712104584,
        "incomeTaxExpense": 11141000,
        "netIncome": 35889000,
        "netIncomeRatio": 0.0510195668,
        "eps": 0.57,
        "epsdiluted": 0.55,
        "weightedAverageShsOut": 62750000,
        "weightedAverageShsOutDil": 64977000,
        "link": "https://www.sec.gov/Archives/edgar/data/108516/000119312517118557/0001193125-17-118557-index.htm",
        "finalLink": "https://www.sec.gov/Archives/edgar/data/108516/000119312517118557/d355195d10q.htm"
    },
    {
        "date": "2016-11-30",
        "symbol": "WOR",
        "reportedCurrency": "USD",
        "cik": "0000108516",
        "fillingDate": "2017-01-06",
        "acceptedDate": "2017-01-06 15:52:58",
        "calendarYear": "2017",
        "period": "Q2",
        "revenue": 727780000,
        "costOfRevenue": 604977000,
        "grossProfit": 122803000,
        "grossProfitRatio": 0.1687364313,
        "researchAndDevelopmentExpenses": 0,
        "generalAndAdministrativeExpenses": 76487000,
        "sellingAndMarketingExpenses": 0,
        "sellingGeneralAndAdministrativeExpenses": 76487000,
        "otherExpenses": 0,
        "operatingExpenses": 76487000,
        "costAndExpenses": 681464000,
        "interestIncome": 0,
        "interestExpense": 7658000,
        "depreciationAndAmortization": 21645000,
        "ebitda": 67961000,
        "ebitdaratio": 0.0933812416,
        "operatingIncome": 43044000,
        "operatingIncomeRatio": 0.0591442469,
        "totalOtherIncomeExpensesNet": 20338000,
        "incomeBeforeTax": 63382000,
        "incomeBeforeTaxRatio": 0.0870895051,
        "incomeTaxExpense": 13515000,
        "netIncome": 46565000,
        "netIncomeRatio": 0.0639822474,
        "eps": 0.75,
        "epsdiluted": 0.72,
        "weightedAverageShsOut": 62348000,
        "weightedAverageShsOutDil": 64725000,
        "link": "https://www.sec.gov/Archives/edgar/data/108516/000119312517004485/0001193125-17-004485-index.htm",
        "finalLink": "https://www.sec.gov/Archives/edgar/data/108516/000119312517004485/d313735d10q.htm"
    },
    {
        "date": "2016-08-31",
        "symbol": "WOR",
        "reportedCurrency": "USD",
        "cik": "0000108516",
        "fillingDate": "2016-10-11",
        "acceptedDate": "2016-10-11 15:12:05",
        "calendarYear": "2017",
        "period": "Q1",
        "revenue": 737549000,
        "costOfRevenue": 590267000,
        "grossProfit": 147282000,
        "grossProfitRatio": 0.1996911392,
        "researchAndDevelopmentExpenses": 0,
        "generalAndAdministrativeExpenses": 81056000,
        "sellingAndMarketingExpenses": 0,
        "sellingGeneralAndAdministrativeExpenses": 81056000,
        "otherExpenses": 0,
        "operatingExpenses": 81056000,
        "costAndExpenses": 671323000,
        "interestIncome": 0,
        "interestExpense": 7870000,
        "depreciationAndAmortization": 21831000,
        "ebitda": 88057000,
        "ebitdaratio": 0.1193913896,
        "operatingIncome": 64898000,
        "operatingIncomeRatio": 0.0879914419,
        "totalOtherIncomeExpensesNet": 27537000,
        "incomeBeforeTax": 92435000,
        "incomeBeforeTaxRatio": 0.1253272664,
        "incomeTaxExpense": 23899000,
        "netIncome": 65567000,
        "netIncomeRatio": 0.0888985003,
        "eps": 1.06,
        "epsdiluted": 1.02,
        "weightedAverageShsOut": 61885000,
        "weightedAverageShsOutDil": 64337000,
        "link": "https://www.sec.gov/Archives/edgar/data/108516/000119312516735608/0001193125-16-735608-index.htm",
        "finalLink": "https://www.sec.gov/Archives/edgar/data/108516/000119312516735608/d240057d10q.htm"
    },
    {
        "date": "2016-05-31",
        "symbol": "WOR",
        "reportedCurrency": "USD",
        "cik": "0000108516",
        "fillingDate": "2016-08-01",
        "acceptedDate": "2016-08-01 16:28:52",
        "calendarYear": "2016",
        "period": "Q4",
        "revenue": 714671000,
        "costOfRevenue": 580196000,
        "grossProfit": 134475000,
        "grossProfitRatio": 0.1881635046,
        "researchAndDevelopmentExpenses": 0,
        "generalAndAdministrativeExpenses": 78580000,
        "sellingAndMarketingExpenses": 0,
        "sellingGeneralAndAdministrativeExpenses": 78580000,
        "otherExpenses": 0,
        "operatingExpenses": 78580000,
        "costAndExpenses": 658776000,
        "interestIncome": 0,
        "interestExpense": 8131000,
        "depreciationAndAmortization": 21951000,
        "ebitda": 77846000,
        "ebitdaratio": 0.1089256455,
        "operatingIncome": 54012000,
        "operatingIncomeRatio": 0.0755760343,
        "totalOtherIncomeExpensesNet": 33557000,
        "incomeBeforeTax": 87569000,
        "incomeBeforeTaxRatio": 0.122530507,
        "incomeTaxExpense": 24831000,
        "netIncome": 58523000,
        "netIncomeRatio": 0.0818880296,
        "eps": 0.95,
        "epsdiluted": 0.92,
        "weightedAverageShsOut": 61453000,
        "weightedAverageShsOutDil": 63933000,
        "link": "https://www.sec.gov/Archives/edgar/data/108516/000119312516666636/0001193125-16-666636-index.htm",
        "finalLink": "https://www.sec.gov/Archives/edgar/data/108516/000119312516666636/d174336d10k.htm"
    },
    {
        "date": "2016-02-29",
        "symbol": "WOR",
        "reportedCurrency": "USD",
        "cik": "0000108516",
        "fillingDate": "2016-04-11",
        "acceptedDate": "2016-04-11 16:36:46",
        "calendarYear": "2016",
        "period": "Q3",
        "revenue": 647080000,
        "costOfRevenue": 551157000,
        "grossProfit": 95923000,
        "grossProfitRatio": 0.1482397849,
        "researchAndDevelopmentExpenses": 0,
        "generalAndAdministrativeExpenses": 70149000,
        "sellingAndMarketingExpenses": 0,
        "sellingGeneralAndAdministrativeExpenses": 70149000,
        "otherExpenses": 0,
        "operatingExpenses": 70149000,
        "costAndExpenses": 621306000,
        "interestIncome": 0,
        "interestExpense": 7886000,
        "depreciationAndAmortization": 20761000,
        "ebitda": 46535000,
        "ebitdaratio": 0.0719153737,
        "operatingIncome": 25072000,
        "operatingIncomeRatio": 0.0387463683,
        "totalOtherIncomeExpensesNet": 20413000,
        "incomeBeforeTax": 45485000,
        "incomeBeforeTaxRatio": 0.0702926995,
        "incomeTaxExpense": 11613000,
        "netIncome": 29576000,
        "netIncomeRatio": 0.0457068678,
        "eps": 0.48,
        "epsdiluted": 0.46,
        "weightedAverageShsOut": 61747000,
        "weightedAverageShsOutDil": 63727000,
        "link": "https://www.sec.gov/Archives/edgar/data/108516/000119312516537196/0001193125-16-537196-index.htm",
        "finalLink": "https://www.sec.gov/Archives/edgar/data/108516/000119312516537196/d145066d10q.htm"
    },
    {
        "date": "2015-11-30",
        "symbol": "WOR",
        "reportedCurrency": "USD",
        "cik": "0000108516",
        "fillingDate": "2016-01-11",
        "acceptedDate": "2016-01-11 16:46:02",
        "calendarYear": "2016",
        "period": "Q2",
        "revenue": 699816000,
        "costOfRevenue": 590637000,
        "grossProfit": 109179000,
        "grossProfitRatio": 0.1560110086,
        "researchAndDevelopmentExpenses": 0,
        "generalAndAdministrativeExpenses": 72722000,
        "sellingAndMarketingExpenses": 0,
        "sellingGeneralAndAdministrativeExpenses": 72722000,
        "otherExpenses": 0,
        "operatingExpenses": 72722000,
        "costAndExpenses": 663359000,
        "interestIncome": 0,
        "interestExpense": 7799000,
        "depreciationAndAmortization": 20547000,
        "ebitda": 57004000,
        "ebitdaratio": 0.0814556969,
        "operatingIncome": 11972000,
        "operatingIncomeRatio": 0.0171073539,
        "totalOtherIncomeExpensesNet": 22444000,
        "incomeBeforeTax": 34416000,
        "incomeBeforeTaxRatio": 0.0491786412,
        "incomeTaxExpense": 8800000,
        "netIncome": 23241000,
        "netIncomeRatio": 0.0332101581,
        "eps": 0.37,
        "epsdiluted": 0.36,
        "weightedAverageShsOut": 62676000,
        "weightedAverageShsOutDil": 64527000,
        "link": "https://www.sec.gov/Archives/edgar/data/108516/000119312516426594/0001193125-16-426594-index.htm",
        "finalLink": "https://www.sec.gov/Archives/edgar/data/108516/000119312516426594/d17537d10q.htm"
    },
    {
        "date": "2015-08-31",
        "symbol": "WOR",
        "reportedCurrency": "USD",
        "cik": "0000108516",
        "fillingDate": "2015-10-13",
        "acceptedDate": "2015-10-13 17:09:14",
        "calendarYear": "2016",
        "period": "Q1",
        "revenue": 758147000,
        "costOfRevenue": 645131000,
        "grossProfit": 113016000,
        "grossProfitRatio": 0.1490687162,
        "researchAndDevelopmentExpenses": 0,
        "generalAndAdministrativeExpenses": 75951000,
        "sellingAndMarketingExpenses": 0,
        "sellingGeneralAndAdministrativeExpenses": 75951000,
        "otherExpenses": -578000,
        "operatingExpenses": 75951000,
        "costAndExpenses": 721082000,
        "interestIncome": 0,
        "interestExpense": 7854000,
        "depreciationAndAmortization": 21440000,
        "ebitda": 58505000,
        "ebitdaratio": 0.0771684119,
        "operatingIncome": 30996000,
        "operatingIncomeRatio": 0.0408838919,
        "totalOtherIncomeExpensesNet": 18149000,
        "incomeBeforeTax": 49145000,
        "incomeBeforeTaxRatio": 0.0648225212,
        "incomeTaxExpense": 14708000,
        "netIncome": 31410000,
        "netIncomeRatio": 0.0414299602,
        "eps": 0.49,
        "epsdiluted": 0.48,
        "weightedAverageShsOut": 63993000,
        "weightedAverageShsOutDil": 65729000,
        "link": "https://www.sec.gov/Archives/edgar/data/108516/000119312515342800/0001193125-15-342800-index.htm",
        "finalLink": "https://www.sec.gov/Archives/edgar/data/108516/000119312515342800/d61603d10q.htm"
    },
    {
        "date": "2015-05-31",
        "symbol": "WOR",
        "reportedCurrency": "USD",
        "cik": "0000108516",
        "fillingDate": "2015-07-30",
        "acceptedDate": "2015-07-30 17:26:57",
        "calendarYear": "2015",
        "period": "Q4",
        "revenue": 846023000,
        "costOfRevenue": 735711000,
        "grossProfit": 110312000,
        "grossProfitRatio": 0.1303888901,
        "researchAndDevelopmentExpenses": 0,
        "generalAndAdministrativeExpenses": 76593000,
        "sellingAndMarketingExpenses": 0,
        "sellingGeneralAndAdministrativeExpenses": 76593000,
        "otherExpenses": 0,
        "operatingExpenses": 76593000,
        "costAndExpenses": 812304000,
        "interestIncome": 0,
        "interestExpense": 8227000,
        "depreciationAndAmortization": 21760000,
        "ebitda": 53310000,
        "ebitdaratio": 0.0630124713,
        "operatingIncome": 27213000,
        "operatingIncomeRatio": 0.0321657922,
        "totalOtherIncomeExpensesNet": 9245000,
        "incomeBeforeTax": 36458000,
        "incomeBeforeTaxRatio": 0.0430933911,
        "incomeTaxExpense": 6232000,
        "netIncome": 28865000,
        "netIncomeRatio": 0.0341184578,
        "eps": 0.45,
        "epsdiluted": 0.44,
        "weightedAverageShsOut": 64217000,
        "weightedAverageShsOutDil": 65767000,
        "link": "https://www.sec.gov/Archives/edgar/data/108516/000119312515271107/0001193125-15-271107-index.htm",
        "finalLink": "https://www.sec.gov/Archives/edgar/data/108516/000119312515271107/d943911d10k.htm"
    },
    {
        "date": "2015-02-28",
        "symbol": "WOR",
        "reportedCurrency": "USD",
        "cik": "0000108516",
        "fillingDate": "2015-04-09",
        "acceptedDate": "2015-04-09 16:23:46",
        "calendarYear": "2015",
        "period": "Q3",
        "revenue": 804785000,
        "costOfRevenue": 706294000,
        "grossProfit": 98491000,
        "grossProfitRatio": 0.1223817541,
        "researchAndDevelopmentExpenses": 0,
        "generalAndAdministrativeExpenses": 66764000,
        "sellingAndMarketingExpenses": 0,
        "sellingGeneralAndAdministrativeExpenses": 66764000,
        "otherExpenses": 213000,
        "operatingExpenses": 66764000,
        "costAndExpenses": 773058000,
        "interestIncome": 0,
        "interestExpense": 8381000,
        "depreciationAndAmortization": 21762000,
        "ebitda": -11275000,
        "ebitdaratio": -0.014009953,
        "operatingIncome": -52050000,
        "operatingIncomeRatio": -0.0646756587,
        "totalOtherIncomeExpensesNet": 10632000,
        "incomeBeforeTax": -41418000,
        "incomeBeforeTaxRatio": -0.0514646769,
        "incomeTaxExpense": -18173000,
        "netIncome": -25710000,
        "netIncomeRatio": -0.0319464205,
        "eps": -0.39,
        "epsdiluted": -0.39,
        "weightedAverageShsOut": 65923076,
        "weightedAverageShsOutDil": 66359000,
        "link": "https://www.sec.gov/Archives/edgar/data/108516/000119312515124271/0001193125-15-124271-index.htm",
        "finalLink": "https://www.sec.gov/Archives/edgar/data/108516/000119312515124271/d888383d10q.htm"
    },
    {
        "date": "2014-11-30",
        "symbol": "WOR",
        "reportedCurrency": "USD",
        "cik": "0000108516",
        "fillingDate": "2015-01-09",
        "acceptedDate": "2015-01-09 16:29:04",
        "calendarYear": "2015",
        "period": "Q2",
        "revenue": 871012000,
        "costOfRevenue": 745789000,
        "grossProfit": 125223000,
        "grossProfitRatio": 0.14376725,
        "researchAndDevelopmentExpenses": 0,
        "generalAndAdministrativeExpenses": 77308000,
        "sellingAndMarketingExpenses": 0,
        "sellingGeneralAndAdministrativeExpenses": 77308000,
        "otherExpenses": 0,
        "operatingExpenses": 77308000,
        "costAndExpenses": 823097000,
        "interestIncome": 0,
        "interestExpense": 9676000,
        "depreciationAndAmortization": 21200000,
        "ebitda": 69032000,
        "ebitdaratio": 0.0792549356,
        "operatingIncome": 33192000,
        "operatingIncomeRatio": 0.0381073969,
        "totalOtherIncomeExpensesNet": 13863000,
        "incomeBeforeTax": 47055000,
        "incomeBeforeTaxRatio": 0.0540233659,
        "incomeTaxExpense": 15600000,
        "netIncome": 29462000,
        "netIncomeRatio": 0.0338250219,
        "eps": 0.44,
        "epsdiluted": 0.43,
        "weightedAverageShsOut": 67105000,
        "weightedAverageShsOutDil": 69181000,
        "link": "https://www.sec.gov/Archives/edgar/data/108516/000119312515006521/0001193125-15-006521-index.htm",
        "finalLink": "https://www.sec.gov/Archives/edgar/data/108516/000119312515006521/d833854d10q.htm"
    },
    {
        "date": "2014-08-31",
        "symbol": "WOR",
        "reportedCurrency": "USD",
        "cik": "0000108516",
        "fillingDate": "2014-10-09",
        "acceptedDate": "2014-10-09 16:15:24",
        "calendarYear": "2015",
        "period": "Q1",
        "revenue": 862414000,
        "costOfRevenue": 732907000,
        "grossProfit": 129507000,
        "grossProfitRatio": 0.1501680168,
        "researchAndDevelopmentExpenses": 0,
        "generalAndAdministrativeExpenses": 75255000,
        "sellingAndMarketingExpenses": 0,
        "sellingGeneralAndAdministrativeExpenses": 75255000,
        "otherExpenses": 323000,
        "operatingExpenses": 75255000,
        "costAndExpenses": 808162000,
        "interestIncome": 0,
        "interestExpense": 9516000,
        "depreciationAndAmortization": 20367000,
        "ebitda": 74619000,
        "ebitdaratio": 0.0865234099,
        "operatingIncome": 52202000,
        "operatingIncomeRatio": 0.0605300934,
        "totalOtherIncomeExpensesNet": 18731000,
        "incomeBeforeTax": 70933000,
        "incomeBeforeTaxRatio": 0.0822493605,
        "incomeTaxExpense": 22113000,
        "netIncome": 44168000,
        "netIncomeRatio": 0.051214382,
        "eps": 0.65,
        "epsdiluted": 0.63,
        "weightedAverageShsOut": 67567000,
        "weightedAverageShsOutDil": 69738000,
        "link": "https://www.sec.gov/Archives/edgar/data/108516/000119312514367842/0001193125-14-367842-index.htm",
        "finalLink": "https://www.sec.gov/Archives/edgar/data/108516/000119312514367842/d787497d10q.htm"
    },
    {
        "date": "2014-05-31",
        "symbol": "WOR",
        "reportedCurrency": "USD",
        "cik": "0000108516",
        "fillingDate": "2014-07-30",
        "acceptedDate": "2014-07-30 17:16:29",
        "calendarYear": "2014",
        "period": "Q4",
        "revenue": 891005000,
        "costOfRevenue": 760169000,
        "grossProfit": 130836000,
        "grossProfitRatio": 0.1468409268,
        "researchAndDevelopmentExpenses": 0,
        "generalAndAdministrativeExpenses": 74781000,
        "sellingAndMarketingExpenses": 0,
        "sellingGeneralAndAdministrativeExpenses": 74781000,
        "otherExpenses": 0,
        "operatingExpenses": 74781000,
        "costAndExpenses": 834950000,
        "interestIncome": 0,
        "interestExpense": 7977000,
        "depreciationAndAmortization": 19967000,
        "ebitda": 75591000,
        "ebitdaratio": 0.0848379078,
        "operatingIncome": 32327000,
        "operatingIncomeRatio": 0.0362815023,
        "totalOtherIncomeExpensesNet": 17322000,
        "incomeBeforeTax": 49649000,
        "incomeBeforeTaxRatio": 0.0557224707,
        "incomeTaxExpense": 18401000,
        "netIncome": 33163000,
        "netIncomeRatio": 0.0372197687,
        "eps": 0.49,
        "epsdiluted": 0.47,
        "weightedAverageShsOut": 67980000,
        "weightedAverageShsOutDil": 70441000,
        "link": "https://www.sec.gov/Archives/edgar/data/108516/000119312514287164/0001193125-14-287164-index.htm",
        "finalLink": "https://www.sec.gov/Archives/edgar/data/108516/000119312514287164/d745471d10k.htm"
    },
    {
        "date": "2014-02-28",
        "symbol": "WOR",
        "reportedCurrency": "USD",
        "cik": "0000108516",
        "fillingDate": "2014-04-07",
        "acceptedDate": "2014-04-07 16:16:28",
        "calendarYear": "2014",
        "period": "Q3",
        "revenue": 773230000,
        "costOfRevenue": 650743000,
        "grossProfit": 122487000,
        "grossProfitRatio": 0.1584095289,
        "researchAndDevelopmentExpenses": 0,
        "generalAndAdministrativeExpenses": 75680000,
        "sellingAndMarketingExpenses": 0,
        "sellingGeneralAndAdministrativeExpenses": 75680000,
        "otherExpenses": 488000,
        "operatingExpenses": 75680000,
        "costAndExpenses": 726423000,
        "interestIncome": 0,
        "interestExpense": 6196000,
        "depreciationAndAmortization": 20208000,
        "ebitda": 67015000,
        "ebitdaratio": 0.0866689083,
        "operatingIncome": 45289000,
        "operatingIncomeRatio": 0.0585711884,
        "totalOtherIncomeExpensesNet": 15478000,
        "incomeBeforeTax": 60767000,
        "incomeBeforeTaxRatio": 0.0785885183,
        "incomeTaxExpense": 16556000,
        "netIncome": 40603000,
        "netIncomeRatio": 0.0525108959,
        "eps": 0.59,
        "epsdiluted": 0.57,
        "weightedAverageShsOut": 68895000,
        "weightedAverageShsOutDil": 71528000,
        "link": "https://www.sec.gov/Archives/edgar/data/108516/000119312514133530/0001193125-14-133530-index.htm",
        "finalLink": "https://www.sec.gov/Archives/edgar/data/108516/000119312514133530/d694428d10q.htm"
    },
    {
        "date": "2013-11-30",
        "symbol": "WOR",
        "reportedCurrency": "USD",
        "cik": "0000108516",
        "fillingDate": "2014-01-09",
        "acceptedDate": "2014-01-09 16:27:59",
        "calendarYear": "2014",
        "period": "Q2",
        "revenue": 769900000,
        "costOfRevenue": 641668000,
        "grossProfit": 128232000,
        "grossProfitRatio": 0.1665566957,
        "researchAndDevelopmentExpenses": 0,
        "generalAndAdministrativeExpenses": 78395000,
        "sellingAndMarketingExpenses": 0,
        "sellingGeneralAndAdministrativeExpenses": 78395000,
        "otherExpenses": 0,
        "operatingExpenses": 78395000,
        "costAndExpenses": 720063000,
        "interestIncome": 0,
        "interestExpense": 6258000,
        "depreciationAndAmortization": 20095000,
        "ebitda": 69932000,
        "ebitdaratio": 0.0908325757,
        "operatingIncome": 19499000,
        "operatingIncomeRatio": 0.0253266658,
        "totalOtherIncomeExpensesNet": 17300000,
        "incomeBeforeTax": 36799000,
        "incomeBeforeTaxRatio": 0.0477971165,
        "incomeTaxExpense": 8459000,
        "netIncome": 22977000,
        "netIncomeRatio": 0.0298441356,
        "eps": 0.33,
        "epsdiluted": 0.32,
        "weightedAverageShsOut": 69304000,
        "weightedAverageShsOutDil": 71826000,
        "link": "https://www.sec.gov/Archives/edgar/data/108516/000119312514006679/0001193125-14-006679-index.htm",
        "finalLink": "https://www.sec.gov/Archives/edgar/data/108516/000119312514006679/d636238d10q.htm"
    },
    {
        "date": "2013-08-31",
        "symbol": "WOR",
        "reportedCurrency": "USD",
        "cik": "0000108516",
        "fillingDate": "2013-10-10",
        "acceptedDate": "2013-10-10 15:09:01",
        "calendarYear": "2014",
        "period": "Q1",
        "revenue": 692291000,
        "costOfRevenue": 581327000,
        "grossProfit": 110964000,
        "grossProfitRatio": 0.160285198,
        "researchAndDevelopmentExpenses": 0,
        "generalAndAdministrativeExpenses": 71540000,
        "sellingAndMarketingExpenses": 0,
        "sellingGeneralAndAdministrativeExpenses": 71540000,
        "otherExpenses": 0,
        "operatingExpenses": 71540000,
        "costAndExpenses": 652867000,
        "interestIncome": 0,
        "interestExpense": 6240000,
        "depreciationAndAmortization": 19460000,
        "ebitda": 95986000,
        "ebitdaratio": 0.1386497874,
        "operatingIncome": 38638000,
        "operatingIncomeRatio": 0.0558117901,
        "totalOtherIncomeExpensesNet": 31648000,
        "incomeBeforeTax": 70286000,
        "incomeBeforeTaxRatio": 0.1015266701,
        "incomeTaxExpense": 13933000,
        "netIncome": 54557000,
        "netIncomeRatio": 0.0788064557,
        "eps": 0.78,
        "epsdiluted": 0.76,
        "weightedAverageShsOut": 69601000,
        "weightedAverageShsOutDil": 72083000,
        "link": "https://www.sec.gov/Archives/edgar/data/108516/000119312513396507/0001193125-13-396507-index.htm",
        "finalLink": "https://www.sec.gov/Archives/edgar/data/108516/000119312513396507/d596239d10q.htm"
    },
    {
        "date": "2013-05-31",
        "symbol": "WOR",
        "reportedCurrency": "USD",
        "cik": "0000108516",
        "fillingDate": "2013-07-30",
        "acceptedDate": "2013-07-30 17:13:50",
        "calendarYear": "2013",
        "period": "Q4",
        "revenue": 704060000,
        "costOfRevenue": 592950000,
        "grossProfit": 111110000,
        "grossProfitRatio": 0.1578132546,
        "researchAndDevelopmentExpenses": 0,
        "generalAndAdministrativeExpenses": 70580000,
        "sellingAndMarketingExpenses": 0,
        "sellingGeneralAndAdministrativeExpenses": 70580000,
        "otherExpenses": 388000,
        "operatingExpenses": 70580000,
        "costAndExpenses": 663530000,
        "interestIncome": 0,
        "interestExpense": 6167000,
        "depreciationAndAmortization": 18333000,
        "ebitda": 73261000,
        "ebitdaratio": 0.1040550521,
        "operatingIncome": 33496000,
        "operatingIncomeRatio": 0.0475754907,
        "totalOtherIncomeExpensesNet": 15265000,
        "incomeBeforeTax": 48761000,
        "incomeBeforeTaxRatio": 0.0692568815,
        "incomeTaxExpense": 16744000,
        "netIncome": 33523000,
        "netIncomeRatio": 0.0476138397,
        "eps": 0.48,
        "epsdiluted": 0.46,
        "weightedAverageShsOut": 70201000,
        "weightedAverageShsOutDil": 72999000,
        "link": "https://www.sec.gov/Archives/edgar/data/108516/000119312513310489/0001193125-13-310489-index.htm",
        "finalLink": "https://www.sec.gov/Archives/edgar/data/108516/000119312513310489/d548609d10k.htm"
    },
    {
        "date": "2013-02-28",
        "symbol": "WOR",
        "reportedCurrency": "USD",
        "cik": "0000108516",
        "fillingDate": "2013-04-08",
        "acceptedDate": "2013-04-08 17:03:16",
        "calendarYear": "2013",
        "period": "Q3",
        "revenue": 619527000,
        "costOfRevenue": 522501000,
        "grossProfit": 97026000,
        "grossProfitRatio": 0.156613029,
        "researchAndDevelopmentExpenses": 0,
        "generalAndAdministrativeExpenses": 63221000,
        "sellingAndMarketingExpenses": 0,
        "sellingGeneralAndAdministrativeExpenses": 63221000,
        "otherExpenses": 596000,
        "operatingExpenses": 63221000,
        "costAndExpenses": 585722000,
        "interestIncome": 0,
        "interestExpense": 6158000,
        "depreciationAndAmortization": 17048000,
        "ebitda": 76766000,
        "ebitdaratio": 0.1239106609,
        "operatingIncome": 33406000,
        "operatingIncomeRatio": 0.0539217823,
        "totalOtherIncomeExpensesNet": 20154000,
        "incomeBeforeTax": 53560000,
        "incomeBeforeTaxRatio": 0.0864530521,
        "incomeTaxExpense": 16229000,
        "netIncome": 37131000,
        "netIncomeRatio": 0.0599344339,
        "eps": 0.53,
        "epsdiluted": 0.52,
        "weightedAverageShsOut": 69791000,
        "weightedAverageShsOutDil": 71914000,
        "link": "https://www.sec.gov/Archives/edgar/data/108516/000119312513146087/0001193125-13-146087-index.htm",
        "finalLink": "https://www.sec.gov/Archives/edgar/data/108516/000119312513146087/d497266d10q.htm"
    },
    {
        "date": "2012-11-30",
        "symbol": "WOR",
        "reportedCurrency": "USD",
        "cik": "0000108516",
        "fillingDate": "2013-01-09",
        "acceptedDate": "2013-01-09 14:48:47",
        "calendarYear": "2013",
        "period": "Q2",
        "revenue": 622622000,
        "costOfRevenue": 527766000,
        "grossProfit": 94856000,
        "grossProfitRatio": 0.1523492585,
        "researchAndDevelopmentExpenses": 0,
        "generalAndAdministrativeExpenses": 65101000,
        "sellingAndMarketingExpenses": 0,
        "sellingGeneralAndAdministrativeExpenses": 65101000,
        "otherExpenses": 303000,
        "operatingExpenses": 65101000,
        "costAndExpenses": 592867000,
        "interestIncome": 0,
        "interestExpense": 6334000,
        "depreciationAndAmortization": 16101000,
        "ebitda": 70447000,
        "ebitdaratio": 0.1131456967,
        "operatingIncome": 28822000,
        "operatingIncomeRatio": 0.0462913292,
        "totalOtherIncomeExpensesNet": 19190000,
        "incomeBeforeTax": 48012000,
        "incomeBeforeTaxRatio": 0.077112598,
        "incomeTaxExpense": 15390000,
        "netIncome": 31826000,
        "netIncomeRatio": 0.0511160865,
        "eps": 0.46,
        "epsdiluted": 0.45,
        "weightedAverageShsOut": 68934000,
        "weightedAverageShsOutDil": 70411000,
        "link": "https://www.sec.gov/Archives/edgar/data/108516/000119312513008048/0001193125-13-008048-index.htm",
        "finalLink": "https://www.sec.gov/Archives/edgar/data/108516/000119312513008048/d441659d10q.htm"
    },
    {
        "date": "2012-08-31",
        "symbol": "WOR",
        "reportedCurrency": "USD",
        "cik": "0000108516",
        "fillingDate": "2012-10-09",
        "acceptedDate": "2012-10-09 09:14:56",
        "calendarYear": "2013",
        "period": "Q1",
        "revenue": 666035000,
        "costOfRevenue": 572384000,
        "grossProfit": 93651000,
        "grossProfitRatio": 0.1406097277,
        "researchAndDevelopmentExpenses": 0,
        "generalAndAdministrativeExpenses": 59422000,
        "sellingAndMarketingExpenses": 0,
        "sellingGeneralAndAdministrativeExpenses": 59422000,
        "otherExpenses": 165000,
        "operatingExpenses": 59422000,
        "costAndExpenses": 631806000,
        "interestIncome": 0,
        "interestExpense": 5259000,
        "depreciationAndAmortization": 14987000,
        "ebitda": 71213000,
        "ebitdaratio": 0.1069208075,
        "operatingIncome": 33418000,
        "operatingIncomeRatio": 0.0501745404,
        "totalOtherIncomeExpensesNet": 17549000,
        "incomeBeforeTax": 50967000,
        "incomeBeforeTaxRatio": 0.0765230055,
        "incomeTaxExpense": 16102000,
        "netIncome": 33962000,
        "netIncomeRatio": 0.0509913143,
        "eps": 0.5,
        "epsdiluted": 0.49,
        "weightedAverageShsOut": 68278000,
        "weightedAverageShsOutDil": 69571000,
        "link": "https://www.sec.gov/Archives/edgar/data/108516/000119312512417897/0001193125-12-417897-index.htm",
        "finalLink": "https://www.sec.gov/Archives/edgar/data/108516/000119312512417897/d402662d10q.htm"
    },
    {
        "date": "2012-05-31",
        "symbol": "WOR",
        "reportedCurrency": "USD",
        "cik": "0000108516",
        "fillingDate": "2012-07-30",
        "acceptedDate": "2012-07-30 16:07:21",
        "calendarYear": "2012",
        "period": "Q4",
        "revenue": 755407000,
        "costOfRevenue": 633939000,
        "grossProfit": 121468000,
        "grossProfitRatio": 0.1607980863,
        "researchAndDevelopmentExpenses": 0,
        "generalAndAdministrativeExpenses": 60483000,
        "sellingAndMarketingExpenses": 3835000,
        "sellingGeneralAndAdministrativeExpenses": 64318000,
        "otherExpenses": 0,
        "operatingExpenses": 64318000,
        "costAndExpenses": 698257000,
        "interestIncome": 0,
        "interestExpense": 4980000,
        "depreciationAndAmortization": 15247000,
        "ebitda": 97872000,
        "ebitdaratio": 0.1295619448,
        "operatingIncome": 59503000,
        "operatingIncomeRatio": 0.0787694581,
        "totalOtherIncomeExpensesNet": 18142000,
        "incomeBeforeTax": 77645000,
        "incomeBeforeTaxRatio": 0.1027856506,
        "incomeTaxExpense": 23231000,
        "netIncome": 52078000,
        "netIncomeRatio": 0.0689403196,
        "eps": 0.76,
        "epsdiluted": 0.75,
        "weightedAverageShsOut": 68752000,
        "weightedAverageShsOutDil": 69472000,
        "link": "https://www.sec.gov/Archives/edgar/data/108516/000119312512322427/0001193125-12-322427-index.htm",
        "finalLink": "https://www.sec.gov/Archives/edgar/data/108516/000119312512322427/d353906d10k.htm"
    },
    {
        "date": "2012-02-29",
        "symbol": "WOR",
        "reportedCurrency": "USD",
        "cik": "0000108516",
        "fillingDate": "2012-04-09",
        "acceptedDate": "2012-04-09 15:20:15",
        "calendarYear": "2012",
        "period": "Q3",
        "revenue": 611255000,
        "costOfRevenue": 527923000,
        "grossProfit": 83332000,
        "grossProfitRatio": 0.1363293552,
        "researchAndDevelopmentExpenses": 0,
        "generalAndAdministrativeExpenses": 64301000,
        "sellingAndMarketingExpenses": 0,
        "sellingGeneralAndAdministrativeExpenses": 64301000,
        "otherExpenses": 0,
        "operatingExpenses": 64301000,
        "costAndExpenses": 592224000,
        "interestIncome": 0,
        "interestExpense": 5073000,
        "depreciationAndAmortization": 14653000,
        "ebitda": 57461000,
        "ebitdaratio": 0.094004957,
        "operatingIncome": 18075000,
        "operatingIncomeRatio": 0.0295703103,
        "totalOtherIncomeExpensesNet": 19660000,
        "incomeBeforeTax": 37735000,
        "incomeBeforeTaxRatio": 0.0617336464,
        "incomeTaxExpense": 9337000,
        "netIncome": 25880000,
        "netIncomeRatio": 0.042339122,
        "eps": 0.38,
        "epsdiluted": 0.37,
        "weightedAverageShsOut": 68972000,
        "weightedAverageShsOutDil": 69509000,
        "link": "https://www.sec.gov/Archives/edgar/data/108516/000119312512155076/0001193125-12-155076-index.htm",
        "finalLink": "https://www.sec.gov/Archives/edgar/data/108516/000119312512155076/d297896d10q.htm"
    },
    {
        "date": "2011-11-30",
        "symbol": "WOR",
        "reportedCurrency": "USD",
        "cik": "0000108516",
        "fillingDate": "2012-01-17",
        "acceptedDate": "2012-01-17 16:43:52",
        "calendarYear": "2012",
        "period": "Q2",
        "revenue": 570389000,
        "costOfRevenue": 504112000,
        "grossProfit": 66277000,
        "grossProfitRatio": 0.1161961398,
        "researchAndDevelopmentExpenses": 0,
        "generalAndAdministrativeExpenses": 52901000,
        "sellingAndMarketingExpenses": 0,
        "sellingGeneralAndAdministrativeExpenses": 52901000,
        "otherExpenses": 0,
        "operatingExpenses": 51709000,
        "costAndExpenses": 555821000,
        "interestIncome": 0,
        "interestExpense": 4756000,
        "depreciationAndAmortization": 13119000,
        "ebitda": 38159000,
        "ebitdaratio": 0.0668999577,
        "operatingIncome": 12520000,
        "operatingIncomeRatio": 0.0219499324,
        "totalOtherIncomeExpensesNet": 17435000,
        "incomeBeforeTax": 29955000,
        "incomeBeforeTaxRatio": 0.0525167912,
        "incomeTaxExpense": 9207000,
        "netIncome": 18532000,
        "netIncomeRatio": 0.0324901076,
        "eps": 0.27,
        "epsdiluted": 0.27,
        "weightedAverageShsOut": 69350000,
        "weightedAverageShsOutDil": 69356000,
        "link": "https://www.sec.gov/Archives/edgar/data/108516/000119312512013917/0001193125-12-013917-index.htm",
        "finalLink": "https://www.sec.gov/Archives/edgar/data/108516/000119312512013917/d251884d10q.htm"
    },
    {
        "date": "2011-08-31",
        "symbol": "WOR",
        "reportedCurrency": "USD",
        "cik": "0000108516",
        "fillingDate": "2011-10-11",
        "acceptedDate": "2011-10-11 11:05:46",
        "calendarYear": "2012",
        "period": "Q1",
        "revenue": 602387000,
        "costOfRevenue": 530925000,
        "grossProfit": 71462000,
        "grossProfitRatio": 0.1186313782,
        "researchAndDevelopmentExpenses": 0,
        "generalAndAdministrativeExpenses": 45361000,
        "sellingAndMarketingExpenses": 3215000,
        "sellingGeneralAndAdministrativeExpenses": 48576000,
        "otherExpenses": 0,
        "operatingExpenses": 48576000,
        "costAndExpenses": 579501000,
        "interestIncome": 0,
        "interestExpense": 4688000,
        "depreciationAndAmortization": 12854000,
        "ebitda": 59135000,
        "ebitdaratio": 0.0981677891,
        "operatingIncome": 21183000,
        "operatingIncomeRatio": 0.0351651015,
        "totalOtherIncomeExpensesNet": 20410000,
        "incomeBeforeTax": 41593000,
        "incomeBeforeTaxRatio": 0.0690469748,
        "incomeTaxExpense": 13252000,
        "netIncome": 25653000,
        "netIncomeRatio": 0.0425855804,
        "eps": 0.36,
        "epsdiluted": 0.35,
        "weightedAverageShsOut": 71518000,
        "weightedAverageShsOutDil": 72418000,
        "link": "https://www.sec.gov/Archives/edgar/data/108516/000119312511267905/0001193125-11-267905-index.htm",
        "finalLink": "https://www.sec.gov/Archives/edgar/data/108516/000119312511267905/d219621d10q.htm"
    },
    {
        "date": "2011-05-31",
        "symbol": "WOR",
        "reportedCurrency": "USD",
        "cik": "0000108516",
        "fillingDate": "2011-08-01",
        "acceptedDate": "2011-08-01 16:29:45",
        "calendarYear": "2011",
        "period": "Q4",
        "revenue": 675693000,
        "costOfRevenue": 556523000,
        "grossProfit": 119170000,
        "grossProfitRatio": 0.1763670779,
        "researchAndDevelopmentExpenses": 0,
        "generalAndAdministrativeExpenses": 61680000,
        "sellingAndMarketingExpenses": 0,
        "sellingGeneralAndAdministrativeExpenses": 61680000,
        "otherExpenses": -10436000,
        "operatingExpenses": 51244000,
        "costAndExpenses": 607767000,
        "interestIncome": 0,
        "interestExpense": 4677000,
        "depreciationAndAmortization": 13799000,
        "ebitda": 101954000,
        "ebitdaratio": 0.1508880512,
        "operatingIncome": 62339000,
        "operatingIncomeRatio": 0.0922593545,
        "totalOtherIncomeExpensesNet": 22539000,
        "incomeBeforeTax": 83478000,
        "incomeBeforeTaxRatio": 0.1235442723,
        "incomeTaxExpense": 28914000,
        "netIncome": 51917000,
        "netIncomeRatio": 0.0768351899,
        "eps": 0.73,
        "epsdiluted": 0.72,
        "weightedAverageShsOut": 71518000,
        "weightedAverageShsOutDil": 72418000,
        "link": "https://www.sec.gov/Archives/edgar/data/108516/000119312511204674/0001193125-11-204674-index.htm",
        "finalLink": "https://www.sec.gov/Archives/edgar/data/108516/000119312511204674/d10k.htm"
    },
    {
        "date": "2011-02-28",
        "symbol": "WOR",
        "reportedCurrency": "USD",
        "cik": "0000108516",
        "fillingDate": "2011-04-11",
        "acceptedDate": "2011-04-11 16:17:44",
        "calendarYear": "2011",
        "period": "Q3",
        "revenue": 569439000,
        "costOfRevenue": 481185000,
        "grossProfit": 88254000,
        "grossProfitRatio": 0.1549841159,
        "researchAndDevelopmentExpenses": 0,
        "generalAndAdministrativeExpenses": 59769000,
        "sellingAndMarketingExpenses": 0,
        "sellingGeneralAndAdministrativeExpenses": 59769000,
        "otherExpenses": 0,
        "operatingExpenses": 59769000,
        "costAndExpenses": 540954000,
        "interestIncome": 0,
        "interestExpense": 4533000,
        "depreciationAndAmortization": 15789000,
        "ebitda": 60549000,
        "ebitdaratio": 0.1063309678,
        "operatingIncome": 28021000,
        "operatingIncomeRatio": 0.0492080802,
        "totalOtherIncomeExpensesNet": 12206000,
        "incomeBeforeTax": 40227000,
        "incomeBeforeTaxRatio": 0.070643212,
        "incomeTaxExpense": 11893000,
        "netIncome": 26326000,
        "netIncomeRatio": 0.0462314664,
        "eps": 0.35,
        "epsdiluted": 0.35,
        "weightedAverageShsOut": 74171000,
        "weightedAverageShsOutDil": 75001000,
        "link": "https://www.sec.gov/Archives/edgar/data/108516/000119312511093817/0001193125-11-093817-index.htm",
        "finalLink": "https://www.sec.gov/Archives/edgar/data/108516/000119312511093817/d10q.htm"
    },
    {
        "date": "2010-11-30",
        "symbol": "WOR",
        "reportedCurrency": "USD",
        "cik": "0000108516",
        "fillingDate": "2011-01-10",
        "acceptedDate": "2011-01-10 15:32:46",
        "calendarYear": "2011",
        "period": "Q2",
        "revenue": 580687000,
        "costOfRevenue": 510868000,
        "grossProfit": 69819000,
        "grossProfitRatio": 0.1202351697,
        "researchAndDevelopmentExpenses": 0,
        "generalAndAdministrativeExpenses": 56971000,
        "sellingAndMarketingExpenses": 0,
        "sellingGeneralAndAdministrativeExpenses": 56971000,
        "otherExpenses": 0,
        "operatingExpenses": 56971000,
        "costAndExpenses": 567839000,
        "interestIncome": 0,
        "interestExpense": 4838000,
        "depreciationAndAmortization": 15646000,
        "ebitda": 44700000,
        "ebitdaratio": 0.0769777867,
        "operatingIncome": 12924000,
        "operatingIncomeRatio": 0.0222563963,
        "totalOtherIncomeExpensesNet": 11291000,
        "incomeBeforeTax": 24215000,
        "incomeBeforeTaxRatio": 0.0417006064,
        "incomeTaxExpense": 7332000,
        "netIncome": 14469000,
        "netIncomeRatio": 0.0249170379,
        "eps": 0.2,
        "epsdiluted": 0.2,
        "weightedAverageShsOut": 74062000,
        "weightedAverageShsOutDil": 74077000,
        "link": "https://www.sec.gov/Archives/edgar/data/108516/000119312511005058/0001193125-11-005058-index.htm",
        "finalLink": "https://www.sec.gov/Archives/edgar/data/108516/000119312511005058/d10q.htm"
    },
    {
        "date": "2010-08-31",
        "symbol": "WOR",
        "reportedCurrency": "USD",
        "cik": "0000108516",
        "fillingDate": "2010-10-12",
        "acceptedDate": "2010-10-12 14:39:41",
        "calendarYear": "2011",
        "period": "Q1",
        "revenue": 616805000,
        "costOfRevenue": 537891000,
        "grossProfit": 78914000,
        "grossProfitRatio": 0.1279399486,
        "researchAndDevelopmentExpenses": 0,
        "generalAndAdministrativeExpenses": 56778000,
        "sellingAndMarketingExpenses": -1400000,
        "sellingGeneralAndAdministrativeExpenses": 55378000,
        "otherExpenses": 0,
        "operatingExpenses": 55378000,
        "costAndExpenses": 593269000,
        "interestIncome": 0,
        "interestExpense": 4708000,
        "depreciationAndAmortization": 15823000,
        "ebitda": 55141000,
        "ebitdaratio": 0.0893977837,
        "operatingIncome": 22472000,
        "operatingIncomeRatio": 0.0364329083,
        "totalOtherIncomeExpensesNet": 14938000,
        "incomeBeforeTax": 36010000,
        "incomeBeforeTaxRatio": 0.0583814982,
        "incomeTaxExpense": 10812000,
        "netIncome": 23299000,
        "netIncomeRatio": 0.0377736886,
        "eps": 0.3,
        "epsdiluted": 0.3,
        "weightedAverageShsOut": 77658000,
        "weightedAverageShsOutDil": 77680000,
        "link": "https://www.sec.gov/Archives/edgar/data/108516/000119312510227986/0001193125-10-227986-index.htm",
        "finalLink": "https://www.sec.gov/Archives/edgar/data/108516/000119312510227986/d10q.htm"
    },
    {
        "date": "2010-05-31",
        "symbol": "WOR",
        "reportedCurrency": "USD",
        "cik": "0000108516",
        "fillingDate": "2010-07-30",
        "acceptedDate": "2010-07-30 11:40:51",
        "calendarYear": "2010",
        "period": "Q4",
        "revenue": 626413000,
        "costOfRevenue": 520630000,
        "grossProfit": 105783000,
        "grossProfitRatio": 0.1688710164,
        "researchAndDevelopmentExpenses": 0,
        "generalAndAdministrativeExpenses": 62673000,
        "sellingAndMarketingExpenses": 0,
        "sellingGeneralAndAdministrativeExpenses": 62673000,
        "otherExpenses": 0,
        "operatingExpenses": 62673000,
        "costAndExpenses": 583303000,
        "interestIncome": 0,
        "interestExpense": 3086000,
        "depreciationAndAmortization": 16222000,
        "ebitda": 77479000,
        "ebitdaratio": 0.123686769,
        "operatingIncome": 42607000,
        "operatingIncomeRatio": 0.0680174262,
        "totalOtherIncomeExpensesNet": 15564000,
        "incomeBeforeTax": 58171000,
        "incomeBeforeTaxRatio": 0.0928636539,
        "incomeTaxExpense": 22778000,
        "netIncome": 33057000,
        "netIncomeRatio": 0.0527718933,
        "eps": 0.43,
        "epsdiluted": 0.43,
        "weightedAverageShsOut": 77658000,
        "weightedAverageShsOutDil": 77680000,
        "link": "https://www.sec.gov/Archives/edgar/data/108516/000119312510171815/0001193125-10-171815-index.htm",
        "finalLink": "https://www.sec.gov/Archives/edgar/data/108516/000119312510171815/d10k.htm"
    },
    {
        "date": "2010-02-28",
        "symbol": "WOR",
        "reportedCurrency": "USD",
        "cik": "0000108516",
        "fillingDate": "2010-04-08",
        "acceptedDate": "2010-04-07 21:11:54",
        "calendarYear": "2010",
        "period": "Q3",
        "revenue": 451113000,
        "costOfRevenue": 393399000,
        "grossProfit": 57714000,
        "grossProfitRatio": 0.1279369027,
        "researchAndDevelopmentExpenses": 0,
        "generalAndAdministrativeExpenses": 57519000,
        "sellingAndMarketingExpenses": 0,
        "sellingGeneralAndAdministrativeExpenses": 57519000,
        "otherExpenses": 0,
        "operatingExpenses": 57519000,
        "costAndExpenses": 450918000,
        "interestIncome": 0,
        "interestExpense": 1889000,
        "depreciationAndAmortization": 16103000,
        "ebitda": -4757000,
        "ebitdaratio": -0.0105450297,
        "operatingIncome": -35286000,
        "operatingIncomeRatio": -0.0782198695,
        "totalOtherIncomeExpensesNet": -22944000,
        "incomeBeforeTax": -22749000,
        "incomeBeforeTaxRatio": -0.0504286066,
        "incomeTaxExpense": -6650000,
        "netIncome": -17740000,
        "netIncomeRatio": -0.0393249585,
        "eps": -0.22,
        "epsdiluted": -0.22,
        "weightedAverageShsOut": 79146000,
        "weightedAverageShsOutDil": 79146000,
        "link": "https://www.sec.gov/Archives/edgar/data/108516/000119312510078668/0001193125-10-078668-index.htm",
        "finalLink": "https://www.sec.gov/Archives/edgar/data/108516/000119312510078668/d10q.htm"
    },
    {
        "date": "2009-11-30",
        "symbol": "WOR",
        "reportedCurrency": "USD",
        "cik": "0000108516",
        "fillingDate": "2010-01-11",
        "acceptedDate": "2010-01-11 14:57:53",
        "calendarYear": "2010",
        "period": "Q2",
        "revenue": 447981000,
        "costOfRevenue": 380748000,
        "grossProfit": 67233000,
        "grossProfitRatio": 0.1500800257,
        "researchAndDevelopmentExpenses": 0,
        "generalAndAdministrativeExpenses": 48098000,
        "sellingAndMarketingExpenses": 0,
        "sellingGeneralAndAdministrativeExpenses": 48098000,
        "otherExpenses": 0,
        "operatingExpenses": 48098000,
        "costAndExpenses": 428846000,
        "interestIncome": 0,
        "interestExpense": 2048000,
        "depreciationAndAmortization": 16432000,
        "ebitda": 50338000,
        "ebitdaratio": 0.1123663727,
        "operatingIncome": 19093000,
        "operatingIncomeRatio": 0.0426201111,
        "totalOtherIncomeExpensesNet": 12765000,
        "incomeBeforeTax": 31858000,
        "incomeBeforeTaxRatio": 0.0711146232,
        "incomeTaxExpense": 7240000,
        "netIncome": 23249000,
        "netIncomeRatio": 0.0518972903,
        "eps": 0.29,
        "epsdiluted": 0.29,
        "weightedAverageShsOut": 79096000,
        "weightedAverageShsOutDil": 79109000,
        "link": "https://www.sec.gov/Archives/edgar/data/108516/000119312510004285/0001193125-10-004285-index.htm",
        "finalLink": "https://www.sec.gov/Archives/edgar/data/108516/000119312510004285/d10q.htm"
    },
    {
        "date": "2009-08-31",
        "symbol": "WOR",
        "reportedCurrency": "USD",
        "cik": "0000108516",
        "fillingDate": "2009-10-13",
        "acceptedDate": "2009-10-13 15:29:00",
        "calendarYear": "2010",
        "period": "Q1",
        "revenue": 417527000,
        "costOfRevenue": 368327000,
        "grossProfit": 49200000,
        "grossProfitRatio": 0.1178366908,
        "researchAndDevelopmentExpenses": 0,
        "generalAndAdministrativeExpenses": 50025000,
        "sellingAndMarketingExpenses": 0,
        "sellingGeneralAndAdministrativeExpenses": 50025000,
        "otherExpenses": 0,
        "operatingExpenses": 50025000,
        "costAndExpenses": 418352000,
        "interestIncome": 0,
        "interestExpense": 2511000,
        "depreciationAndAmortization": 15896000,
        "ebitda": 29284000,
        "ebitdaratio": 0.0701367816,
        "operatingIncome": -4451000,
        "operatingIncomeRatio": -0.0106603884,
        "totalOtherIncomeExpensesNet": 15328000,
        "incomeBeforeTax": 10877000,
        "incomeBeforeTaxRatio": 0.0260510099,
        "incomeTaxExpense": 3282000,
        "netIncome": 6675000,
        "netIncomeRatio": 0.0159869901,
        "eps": 0.08,
        "epsdiluted": 0.08,
        "weightedAverageShsOut": 79065000,
        "weightedAverageShsOutDil": 79081000,
        "link": "https://www.sec.gov/Archives/edgar/data/108516/000119312509207067/0001193125-09-207067-index.htm",
        "finalLink": "https://www.sec.gov/Archives/edgar/data/108516/000119312509207067/d10q.htm"
    },
    {
        "date": "2009-05-31",
        "symbol": "WOR",
        "reportedCurrency": "USD",
        "cik": "0000108516",
        "fillingDate": "2009-07-30",
        "acceptedDate": "2009-07-30 16:12:03",
        "calendarYear": "2009",
        "period": "Q4",
        "revenue": 471570000,
        "costOfRevenue": 434240000,
        "grossProfit": 37330000,
        "grossProfitRatio": 0.0791611002,
        "researchAndDevelopmentExpenses": 0,
        "generalAndAdministrativeExpenses": 50526000,
        "sellingAndMarketingExpenses": 0,
        "sellingGeneralAndAdministrativeExpenses": 50526000,
        "otherExpenses": 0,
        "operatingExpenses": 50526000,
        "costAndExpenses": 484766000,
        "interestIncome": 0,
        "interestExpense": 4326000,
        "depreciationAndAmortization": 15846000,
        "ebitda": 3559000,
        "ebitdaratio": 0.0075471298,
        "operatingIncome": -19240000,
        "operatingIncomeRatio": -0.0407998812,
        "totalOtherIncomeExpensesNet": 2627000,
        "incomeBeforeTax": -16613000,
        "incomeBeforeTaxRatio": -0.0352291282,
        "incomeTaxExpense": -2875000,
        "netIncome": -13738000,
        "netIncomeRatio": -0.0291324724,
        "eps": -0.17,
        "epsdiluted": -0.17,
        "weightedAverageShsOut": 79065000,
        "weightedAverageShsOutDil": 79081000,
        "link": "https://www.sec.gov/Archives/edgar/data/108516/000119312509159541/0001193125-09-159541-index.htm",
        "finalLink": "https://www.sec.gov/Archives/edgar/data/108516/000119312509159541/d10k.htm"
    },
    {
        "date": "2009-02-28",
        "symbol": "WOR",
        "reportedCurrency": "USD",
        "cik": "0000108516",
        "fillingDate": "2009-04-09",
        "acceptedDate": "2009-04-09 15:45:23",
        "calendarYear": "2009",
        "period": "Q3",
        "revenue": 501125000,
        "costOfRevenue": 461204000,
        "grossProfit": 39921000,
        "grossProfitRatio": 0.0796627588,
        "researchAndDevelopmentExpenses": 0,
        "generalAndAdministrativeExpenses": 47778000,
        "sellingAndMarketingExpenses": 0,
        "sellingGeneralAndAdministrativeExpenses": 47778000,
        "otherExpenses": 0,
        "operatingExpenses": 47778000,
        "costAndExpenses": 508982000,
        "interestIncome": 0,
        "interestExpense": 4289000,
        "depreciationAndAmortization": 15848000,
        "ebitda": 2681000,
        "ebitdaratio": 0.0053499626,
        "operatingIncome": -24166000,
        "operatingIncomeRatio": -0.0482234971,
        "totalOtherIncomeExpensesNet": 6710000,
        "incomeBeforeTax": -19637000,
        "incomeBeforeTaxRatio": -0.0391858319,
        "incomeTaxExpense": -21191000,
        "netIncome": 1554000,
        "netIncomeRatio": 0.0031010227,
        "eps": 0.02,
        "epsdiluted": 0.02,
        "weightedAverageShsOut": 78856000,
        "weightedAverageShsOutDil": 78856000,
        "link": "https://www.sec.gov/Archives/edgar/data/108516/000119312509076485/0001193125-09-076485-index.htm",
        "finalLink": "https://www.sec.gov/Archives/edgar/data/108516/000119312509076485/d10q.htm"
    },
    {
        "date": "2008-11-30",
        "symbol": "WOR",
        "reportedCurrency": "USD",
        "cik": "0000108516",
        "fillingDate": "2009-01-09",
        "acceptedDate": "2009-01-09 16:15:04",
        "calendarYear": "2009",
        "period": "Q2",
        "revenue": 745350000,
        "costOfRevenue": 799769000,
        "grossProfit": -54419000,
        "grossProfitRatio": -0.073011337,
        "researchAndDevelopmentExpenses": 0,
        "generalAndAdministrativeExpenses": 48340000,
        "sellingAndMarketingExpenses": 0,
        "sellingGeneralAndAdministrativeExpenses": 48340000,
        "otherExpenses": 0,
        "operatingExpenses": 48340000,
        "costAndExpenses": 848109000,
        "interestIncome": 0,
        "interestExpense": 0,
        "depreciationAndAmortization": 16011000,
        "ebitda": -86748000,
        "ebitdaratio": -0.1163855907,
        "operatingIncome": -211638000,
        "operatingIncomeRatio": -0.2839444556,
        "totalOtherIncomeExpensesNet": 3223000,
        "incomeBeforeTax": -208415000,
        "incomeBeforeTaxRatio": -0.2796203126,
        "incomeTaxExpense": -43761000,
        "netIncome": -164654000,
        "netIncomeRatio": -0.2209082981,
        "eps": -2.09,
        "epsdiluted": -2.09,
        "weightedAverageShsOut": 78802000,
        "weightedAverageShsOutDil": 78802000,
        "link": "https://www.sec.gov/Archives/edgar/data/108516/000119312509004090/0001193125-09-004090-index.htm",
        "finalLink": "https://www.sec.gov/Archives/edgar/data/108516/000119312509004090/d10q.htm"
    },
    {
        "date": "2008-08-31",
        "symbol": "WOR",
        "reportedCurrency": "USD",
        "cik": "0000108516",
        "fillingDate": "2008-10-10",
        "acceptedDate": "2008-10-10 14:26:30",
        "calendarYear": "2009",
        "period": "Q1",
        "revenue": 913222000,
        "costOfRevenue": 761320000,
        "grossProfit": 151902000,
        "grossProfitRatio": 0.1663363344,
        "researchAndDevelopmentExpenses": 0,
        "generalAndAdministrativeExpenses": 63402000,
        "sellingAndMarketingExpenses": 0,
        "sellingGeneralAndAdministrativeExpenses": 63402000,
        "otherExpenses": 0,
        "operatingExpenses": 63402000,
        "costAndExpenses": 824722000,
        "interestIncome": 0,
        "interestExpense": 0,
        "depreciationAndAmortization": 16368000,
        "ebitda": 104868000,
        "ebitdaratio": 0.114832976,
        "operatingIncome": 79748000,
        "operatingIncomeRatio": 0.0873259733,
        "totalOtherIncomeExpensesNet": 18949000,
        "incomeBeforeTax": 98697000,
        "incomeBeforeTaxRatio": 0.1080755829,
        "incomeTaxExpense": 30073000,
        "netIncome": 68624000,
        "netIncomeRatio": 0.0751449264,
        "eps": 0.87,
        "epsdiluted": 0.86,
        "weightedAverageShsOut": 79017000,
        "weightedAverageShsOutDil": 79498000,
        "link": "https://www.sec.gov/Archives/edgar/data/108516/000119312508209051/0001193125-08-209051-index.htm",
        "finalLink": "https://www.sec.gov/Archives/edgar/data/108516/000119312508209051/d10q.htm"
    },
    {
        "date": "2008-05-31",
        "symbol": "WOR",
        "reportedCurrency": "USD",
        "cik": "0000108516",
        "fillingDate": "2008-07-30",
        "acceptedDate": "2008-07-30 16:23:41",
        "calendarYear": "2008",
        "period": "Q4",
        "revenue": 868875000,
        "costOfRevenue": 737650000,
        "grossProfit": 131225000,
        "grossProfitRatio": 0.151028629,
        "researchAndDevelopmentExpenses": 0,
        "generalAndAdministrativeExpenses": 66548000,
        "sellingAndMarketingExpenses": 0,
        "sellingGeneralAndAdministrativeExpenses": 66548000,
        "otherExpenses": 0,
        "operatingExpenses": 66548000,
        "costAndExpenses": 804198000,
        "interestIncome": 0,
        "interestExpense": 0,
        "depreciationAndAmortization": 16423000,
        "ebitda": 81100000,
        "ebitdaratio": 0.0933390879,
        "operatingIncome": 56495000,
        "operatingIncomeRatio": 0.0650208603,
        "totalOtherIncomeExpensesNet": 13949000,
        "incomeBeforeTax": 70444000,
        "incomeBeforeTaxRatio": 0.0810749532,
        "incomeTaxExpense": 16577000,
        "netIncome": 53867000,
        "netIncomeRatio": 0.0619962595,
        "eps": 0.68,
        "epsdiluted": 0.68,
        "weightedAverageShsOut": 79017000,
        "weightedAverageShsOutDil": 79498000,
        "link": "https://www.sec.gov/Archives/edgar/data/108516/000119312508161395/0001193125-08-161395-index.htm",
        "finalLink": "https://www.sec.gov/Archives/edgar/data/108516/000119312508161395/d10k.htm"
    },
    {
        "date": "2008-02-29",
        "symbol": "WOR",
        "reportedCurrency": "USD",
        "cik": "0000108516",
        "fillingDate": "2008-04-09",
        "acceptedDate": "2008-04-09 14:37:20",
        "calendarYear": "2008",
        "period": "Q3",
        "revenue": 725667000,
        "costOfRevenue": 649940000,
        "grossProfit": 75727000,
        "grossProfitRatio": 0.1043550279,
        "researchAndDevelopmentExpenses": 0,
        "generalAndAdministrativeExpenses": 55054000,
        "sellingAndMarketingExpenses": 0,
        "sellingGeneralAndAdministrativeExpenses": 55054000,
        "otherExpenses": 0,
        "operatingExpenses": 55054000,
        "costAndExpenses": 704994000,
        "interestIncome": 0,
        "interestExpense": 0,
        "depreciationAndAmortization": 15768000,
        "ebitda": 36441000,
        "ebitdaratio": 0.0502172484,
        "operatingIncome": 18054000,
        "operatingIncomeRatio": 0.0248791801,
        "totalOtherIncomeExpensesNet": 9145000,
        "incomeBeforeTax": 27199000,
        "incomeBeforeTaxRatio": 0.0374813792,
        "incomeTaxExpense": 8897000,
        "netIncome": 18302000,
        "netIncomeRatio": 0.0252209347,
        "eps": 0.23,
        "epsdiluted": 0.23,
        "weightedAverageShsOut": 80184000,
        "weightedAverageShsOutDil": 80214000,
        "link": "https://www.sec.gov/Archives/edgar/data/108516/000119312508077969/0001193125-08-077969-index.htm",
        "finalLink": "https://www.sec.gov/Archives/edgar/data/108516/000119312508077969/d10q.htm"
    },
    {
        "date": "2007-11-30",
        "symbol": "WOR",
        "reportedCurrency": "USD",
        "cik": "0000108516",
        "fillingDate": "2008-01-09",
        "acceptedDate": "2008-01-09 14:55:27",
        "calendarYear": "2008",
        "period": "Q2",
        "revenue": 713664000,
        "costOfRevenue": 643654000,
        "grossProfit": 70010000,
        "grossProfitRatio": 0.0980993857,
        "researchAndDevelopmentExpenses": 0,
        "generalAndAdministrativeExpenses": 55051000,
        "sellingAndMarketingExpenses": 0,
        "sellingGeneralAndAdministrativeExpenses": 55051000,
        "otherExpenses": 0,
        "operatingExpenses": 55051000,
        "costAndExpenses": 698705000,
        "interestIncome": 0,
        "interestExpense": 0,
        "depreciationAndAmortization": 15736000,
        "ebitda": 30695000,
        "ebitdaratio": 0.0430104363,
        "operatingIncome": 11481000,
        "operatingIncomeRatio": 0.0160874025,
        "totalOtherIncomeExpensesNet": 7126000,
        "incomeBeforeTax": 18607000,
        "incomeBeforeTaxRatio": 0.0260724935,
        "incomeTaxExpense": 3867000,
        "netIncome": 14740000,
        "netIncomeRatio": 0.0206539772,
        "eps": 0.18,
        "epsdiluted": 0.18,
        "weightedAverageShsOut": 81366000,
        "weightedAverageShsOutDil": 82358000,
        "link": "https://www.sec.gov/Archives/edgar/data/108516/000119312508003790/0001193125-08-003790-index.htm",
        "finalLink": "https://www.sec.gov/Archives/edgar/data/108516/000119312508003790/d10q.htm"
    },
    {
        "date": "2007-08-31",
        "symbol": "WOR",
        "reportedCurrency": "USD",
        "cik": "0000108516",
        "fillingDate": "2007-10-10",
        "acceptedDate": "2007-10-10 15:26:12",
        "calendarYear": "2008",
        "period": "Q1",
        "revenue": 758955000,
        "costOfRevenue": 680170000,
        "grossProfit": 78785000,
        "grossProfitRatio": 0.1038072086,
        "researchAndDevelopmentExpenses": 0,
        "generalAndAdministrativeExpenses": 54949000,
        "sellingAndMarketingExpenses": 0,
        "sellingGeneralAndAdministrativeExpenses": 54949000,
        "otherExpenses": 0,
        "operatingExpenses": 54949000,
        "costAndExpenses": 735119000,
        "interestIncome": 0,
        "interestExpense": 0,
        "depreciationAndAmortization": 15486000,
        "ebitda": 39322000,
        "ebitdaratio": 0.0518107134,
        "operatingIncome": 20004000,
        "operatingIncomeRatio": 0.0263572939,
        "totalOtherIncomeExpensesNet": 9439000,
        "incomeBeforeTax": 29443000,
        "incomeBeforeTaxRatio": 0.0387941314,
        "incomeTaxExpense": 9275000,
        "netIncome": 20168000,
        "netIncomeRatio": 0.0265733805,
        "eps": 0.24,
        "epsdiluted": 0.24,
        "weightedAverageShsOut": 84063000,
        "weightedAverageShsOutDil": 85001000,
        "link": "https://www.sec.gov/Archives/edgar/data/108516/000119312507216162/0001193125-07-216162-index.htm",
        "finalLink": "https://www.sec.gov/Archives/edgar/data/108516/000119312507216162/d10q.htm"
    },
    {
        "date": "2007-05-31",
        "symbol": "WOR",
        "reportedCurrency": "USD",
        "cik": "0000108516",
        "fillingDate": "2007-07-30",
        "acceptedDate": "2007-07-30 16:55:23",
        "calendarYear": "2007",
        "period": "Q4",
        "revenue": 786576000,
        "costOfRevenue": 686712000,
        "grossProfit": 99864000,
        "grossProfitRatio": 0.1269603954,
        "researchAndDevelopmentExpenses": 0,
        "generalAndAdministrativeExpenses": 58171000,
        "sellingAndMarketingExpenses": 0,
        "sellingGeneralAndAdministrativeExpenses": 58171000,
        "otherExpenses": 0,
        "operatingExpenses": 58171000,
        "costAndExpenses": 744883000,
        "interestIncome": 0,
        "interestExpense": 0,
        "depreciationAndAmortization": 15597000,
        "ebitda": 57290000,
        "ebitdaratio": 0.0728346657,
        "operatingIncome": 41693000,
        "operatingIncomeRatio": 0.0530056854,
        "totalOtherIncomeExpensesNet": 9247000,
        "incomeBeforeTax": 50940000,
        "incomeBeforeTaxRatio": 0.0647617013,
        "incomeTaxExpense": 12717000,
        "netIncome": 38223000,
        "netIncomeRatio": 0.04859416,
        "eps": 0.45,
        "epsdiluted": 0.45,
        "weightedAverageShsOut": 84063000,
        "weightedAverageShsOutDil": 85001000,
        "link": "https://www.sec.gov/Archives/edgar/data/108516/000119312507165466/0001193125-07-165466-index.htm",
        "finalLink": "https://www.sec.gov/Archives/edgar/data/108516/000119312507165466/d10k.htm"
    },
    {
        "date": "2007-02-28",
        "symbol": "WOR",
        "reportedCurrency": "USD",
        "cik": "0000108516",
        "fillingDate": "2007-04-09",
        "acceptedDate": "2007-04-09 14:15:38",
        "calendarYear": "2007",
        "period": "Q3",
        "revenue": 677250000,
        "costOfRevenue": 620931000,
        "grossProfit": 56319000,
        "grossProfitRatio": 0.083158361,
        "researchAndDevelopmentExpenses": 0,
        "generalAndAdministrativeExpenses": 54159000,
        "sellingAndMarketingExpenses": 0,
        "sellingGeneralAndAdministrativeExpenses": 54159000,
        "otherExpenses": 0,
        "operatingExpenses": 54159000,
        "costAndExpenses": 675090000,
        "interestIncome": 0,
        "interestExpense": 0,
        "depreciationAndAmortization": 15251000,
        "ebitda": 2160000,
        "ebitdaratio": 0.0031893688,
        "operatingIncome": 2160000,
        "operatingIncomeRatio": 0.0031893688,
        "totalOtherIncomeExpensesNet": 5980000,
        "incomeBeforeTax": 8140000,
        "incomeBeforeTaxRatio": 0.0120191953,
        "incomeTaxExpense": 2630000,
        "netIncome": 5510000,
        "netIncomeRatio": 0.0081358435,
        "eps": 0.07,
        "epsdiluted": 0.06,
        "weightedAverageShsOut": 84733000,
        "weightedAverageShsOutDil": 85309000,
        "link": "https://www.sec.gov/Archives/edgar/data/108516/000119312507076935/0001193125-07-076935-index.htm",
        "finalLink": "https://www.sec.gov/Archives/edgar/data/108516/000119312507076935/d10q.htm"
    },
    {
        "date": "2006-11-30",
        "symbol": "WOR",
        "reportedCurrency": "USD",
        "cik": "0000108516",
        "fillingDate": "2007-01-09",
        "acceptedDate": "2007-01-09 15:49:36",
        "calendarYear": "2007",
        "period": "Q2",
        "revenue": 729262000,
        "costOfRevenue": 645164000,
        "grossProfit": 84098000,
        "grossProfitRatio": 0.1153193228,
        "researchAndDevelopmentExpenses": 0,
        "generalAndAdministrativeExpenses": 53531000,
        "sellingAndMarketingExpenses": 0,
        "sellingGeneralAndAdministrativeExpenses": 53531000,
        "otherExpenses": 0,
        "operatingExpenses": 53531000,
        "costAndExpenses": 698695000,
        "interestIncome": 0,
        "interestExpense": 0,
        "depreciationAndAmortization": 15690000,
        "ebitda": 30567000,
        "ebitdaratio": 0.0419149771,
        "operatingIncome": 30567000,
        "operatingIncomeRatio": 0.0419149771,
        "totalOtherIncomeExpensesNet": 8076000,
        "incomeBeforeTax": 38643000,
        "incomeBeforeTaxRatio": 0.0529891863,
        "incomeTaxExpense": 11698000,
        "netIncome": 26945000,
        "netIncomeRatio": 0.0369483121,
        "eps": 0.31,
        "epsdiluted": 0.31,
        "weightedAverageShsOut": 87234000,
        "weightedAverageShsOutDil": 87611000,
        "link": "https://www.sec.gov/Archives/edgar/data/108516/000119312507003738/0001193125-07-003738-index.htm",
        "finalLink": "https://www.sec.gov/Archives/edgar/data/108516/000119312507003738/d10q.htm"
    },
    {
        "date": "2006-08-31",
        "symbol": "WOR",
        "reportedCurrency": "USD",
        "cik": "0000108516",
        "fillingDate": "2006-10-10",
        "acceptedDate": "2006-10-10 14:14:42",
        "calendarYear": "2007",
        "period": "Q1",
        "revenue": 778720000,
        "costOfRevenue": 657369000,
        "grossProfit": 121351000,
        "grossProfitRatio": 0.1558339326,
        "researchAndDevelopmentExpenses": 0,
        "generalAndAdministrativeExpenses": 66626000,
        "sellingAndMarketingExpenses": 0,
        "sellingGeneralAndAdministrativeExpenses": 66626000,
        "otherExpenses": 0,
        "operatingExpenses": 66626000,
        "costAndExpenses": 723995000,
        "interestIncome": 0,
        "interestExpense": 0,
        "depreciationAndAmortization": 14931000,
        "ebitda": 54725000,
        "ebitdaratio": 0.0702755804,
        "operatingIncome": 54725000,
        "operatingIncomeRatio": 0.0702755804,
        "totalOtherIncomeExpensesNet": 13569000,
        "incomeBeforeTax": 68294000,
        "incomeBeforeTaxRatio": 0.0877003287,
        "incomeTaxExpense": 25067000,
        "netIncome": 43227000,
        "netIncomeRatio": 0.0555103246,
        "eps": 0.49,
        "epsdiluted": 0.48,
        "weightedAverageShsOut": 88765000,
        "weightedAverageShsOutDil": 89415000,
        "link": "https://www.sec.gov/Archives/edgar/data/108516/000119312506205378/0001193125-06-205378-index.htm",
        "finalLink": "https://www.sec.gov/Archives/edgar/data/108516/000119312506205378/d10q.htm"
    },
    {
        "date": "2006-05-31",
        "symbol": "WOR",
        "reportedCurrency": "USD",
        "cik": "0000108516",
        "fillingDate": "2006-08-11",
        "acceptedDate": "2006-08-11 16:13:23",
        "calendarYear": "2006",
        "period": "Q4",
        "revenue": 821968000,
        "costOfRevenue": 707996000,
        "grossProfit": 113972000,
        "grossProfitRatio": 0.138657466,
        "researchAndDevelopmentExpenses": 0,
        "generalAndAdministrativeExpenses": 59131000,
        "sellingAndMarketingExpenses": 0,
        "sellingGeneralAndAdministrativeExpenses": 59131000,
        "otherExpenses": 26609000,
        "operatingExpenses": 85740000,
        "costAndExpenses": 793736000,
        "interestIncome": 0,
        "interestExpense": 0,
        "depreciationAndAmortization": 14983000,
        "ebitda": 43215000,
        "ebitdaratio": 0.0525750394,
        "operatingIncome": 54841000,
        "operatingIncomeRatio": 0.0667191424,
        "totalOtherIncomeExpensesNet": 39797000,
        "incomeBeforeTax": 94638000,
        "incomeBeforeTaxRatio": 0.115135869,
        "incomeTaxExpense": 35240000,
        "netIncome": 59398000,
        "netIncomeRatio": 0.0722631538,
        "eps": 0.67,
        "epsdiluted": 0.66,
        "weightedAverageShsOut": 88765000,
        "weightedAverageShsOutDil": 89415000,
        "link": "https://www.sec.gov/Archives/edgar/data/108516/000119312506170895/0001193125-06-170895-index.htm",
        "finalLink": "https://www.sec.gov/Archives/edgar/data/108516/000119312506170895/d10k.htm"
    },
    {
        "date": "2006-02-28",
        "symbol": "WOR",
        "reportedCurrency": "USD",
        "cik": "0000108516",
        "fillingDate": "2006-04-10",
        "acceptedDate": "2006-04-10 15:40:38",
        "calendarYear": "2006",
        "period": "Q3",
        "revenue": 681548000,
        "costOfRevenue": 602646000,
        "grossProfit": 78902000,
        "grossProfitRatio": 0.1157688087,
        "researchAndDevelopmentExpenses": 0,
        "generalAndAdministrativeExpenses": 53345000,
        "sellingAndMarketingExpenses": 0,
        "sellingGeneralAndAdministrativeExpenses": 53345000,
        "otherExpenses": 0,
        "operatingExpenses": 53345000,
        "costAndExpenses": 655991000,
        "interestIncome": 0,
        "interestExpense": 0,
        "depreciationAndAmortization": 14024000,
        "ebitda": 25557000,
        "ebitdaratio": 0.0374984594,
        "operatingIncome": 25557000,
        "operatingIncomeRatio": 0.0374984594,
        "totalOtherIncomeExpensesNet": 1048000,
        "incomeBeforeTax": 26605000,
        "incomeBeforeTaxRatio": 0.0390361354,
        "incomeTaxExpense": 7448000,
        "netIncome": 19157000,
        "netIncomeRatio": 0.0281080716,
        "eps": 0.22,
        "epsdiluted": 0.21,
        "weightedAverageShsOut": 88361000,
        "weightedAverageShsOutDil": 89152000,
        "link": "https://www.sec.gov/Archives/edgar/data/108516/000119312506076816/0001193125-06-076816-index.htm",
        "finalLink": "https://www.sec.gov/Archives/edgar/data/108516/000119312506076816/d10q.htm"
    },
    {
        "date": "2005-11-30",
        "symbol": "WOR",
        "reportedCurrency": "USD",
        "cik": "0000108516",
        "fillingDate": "2006-01-09",
        "acceptedDate": "2006-01-09 15:00:25",
        "calendarYear": "2006",
        "period": "Q2",
        "revenue": 699516000,
        "costOfRevenue": 596108000,
        "grossProfit": 103408000,
        "grossProfitRatio": 0.1478279267,
        "researchAndDevelopmentExpenses": 0,
        "generalAndAdministrativeExpenses": 53747000,
        "sellingAndMarketingExpenses": 0,
        "sellingGeneralAndAdministrativeExpenses": 53747000,
        "otherExpenses": 0,
        "operatingExpenses": 53747000,
        "costAndExpenses": 649855000,
        "interestIncome": 0,
        "interestExpense": 0,
        "depreciationAndAmortization": 15749000,
        "ebitda": 49661000,
        "ebitdaratio": 0.0709933726,
        "operatingIncome": 49661000,
        "operatingIncomeRatio": 0.0709933726,
        "totalOtherIncomeExpensesNet": 7457000,
        "incomeBeforeTax": 57118000,
        "incomeBeforeTaxRatio": 0.0816536005,
        "incomeTaxExpense": 18090000,
        "netIncome": 39028000,
        "netIncomeRatio": 0.0557928625,
        "eps": 0.44,
        "epsdiluted": 0.44,
        "weightedAverageShsOut": 88194000,
        "weightedAverageShsOutDil": 88986000,
        "link": "https://www.sec.gov/Archives/edgar/data/108516/000119312506003368/0001193125-06-003368-index.htm",
        "finalLink": "https://www.sec.gov/Archives/edgar/data/108516/000119312506003368/d10q.htm"
    },
    {
        "date": "2005-08-31",
        "symbol": "WOR",
        "reportedCurrency": "USD",
        "cik": "0000108516",
        "fillingDate": "2005-10-11",
        "acceptedDate": "2005-10-11 14:21:18",
        "calendarYear": "2006",
        "period": "Q1",
        "revenue": 694147000,
        "costOfRevenue": 618795000,
        "grossProfit": 75352000,
        "grossProfitRatio": 0.1085533756,
        "researchAndDevelopmentExpenses": 0,
        "generalAndAdministrativeExpenses": 47807000,
        "sellingAndMarketingExpenses": 0,
        "sellingGeneralAndAdministrativeExpenses": 47807000,
        "otherExpenses": 0,
        "operatingExpenses": 47807000,
        "costAndExpenses": 666602000,
        "interestIncome": 0,
        "interestExpense": 0,
        "depreciationAndAmortization": 14360000,
        "ebitda": 27545000,
        "ebitdaratio": 0.0396817965,
        "operatingIncome": 27545000,
        "operatingIncomeRatio": 0.0396817965,
        "totalOtherIncomeExpensesNet": 6843000,
        "incomeBeforeTax": 34388000,
        "incomeBeforeTaxRatio": 0.0495399389,
        "incomeTaxExpense": 5981000,
        "netIncome": 28407000,
        "netIncomeRatio": 0.0409236084,
        "eps": 0.32,
        "epsdiluted": 0.32,
        "weightedAverageShsOut": 87971000,
        "weightedAverageShsOutDil": 88470000,
        "link": "https://www.sec.gov/Archives/edgar/data/108516/000119312505199420/0001193125-05-199420-index.htm",
        "finalLink": "https://www.sec.gov/Archives/edgar/data/108516/000119312505199420/d10q.htm"
    },
    {
        "date": "2005-05-31",
        "symbol": "WOR",
        "reportedCurrency": "USD",
        "cik": "0000108516",
        "fillingDate": "2005-08-15",
        "acceptedDate": "2005-08-15 11:23:23",
        "calendarYear": "2005",
        "period": "Q4",
        "revenue": 816962000,
        "costOfRevenue": 711403000,
        "grossProfit": 105559000,
        "grossProfitRatio": 0.1292091921,
        "researchAndDevelopmentExpenses": 0,
        "generalAndAdministrativeExpenses": 50794000,
        "sellingAndMarketingExpenses": 0,
        "sellingGeneralAndAdministrativeExpenses": 50794000,
        "otherExpenses": 0,
        "operatingExpenses": 50794000,
        "costAndExpenses": 762197000,
        "interestIncome": 0,
        "interestExpense": 0,
        "depreciationAndAmortization": 15295000,
        "ebitda": 70060000,
        "ebitdaratio": 0.0857567427,
        "operatingIncome": 54765000,
        "operatingIncomeRatio": 0.0670349416,
        "totalOtherIncomeExpensesNet": 6578000,
        "incomeBeforeTax": 61343000,
        "incomeBeforeTaxRatio": 0.0750867237,
        "incomeTaxExpense": 20535000,
        "netIncome": 40808000,
        "netIncomeRatio": 0.0499509157,
        "eps": 0.46,
        "epsdiluted": 0.46,
        "weightedAverageShsOut": 87971000,
        "weightedAverageShsOutDil": 88470000,
        "link": "https://www.sec.gov/Archives/edgar/data/108516/000119312505167952/0001193125-05-167952-index.htm",
        "finalLink": "https://www.sec.gov/Archives/edgar/data/108516/000119312505167952/d10k.htm"
    },
    {
        "date": "2005-02-28",
        "symbol": "WOR",
        "reportedCurrency": "USD",
        "cik": "0000108516",
        "fillingDate": "2005-04-11",
        "acceptedDate": "2005-04-11 15:30:46",
        "calendarYear": "2005",
        "period": "Q3",
        "revenue": 747414000,
        "costOfRevenue": 638262000,
        "grossProfit": 109152000,
        "grossProfitRatio": 0.1460395443,
        "researchAndDevelopmentExpenses": 0,
        "generalAndAdministrativeExpenses": 54160000,
        "sellingAndMarketingExpenses": 0,
        "sellingGeneralAndAdministrativeExpenses": 54160000,
        "otherExpenses": 0,
        "operatingExpenses": 54160000,
        "costAndExpenses": 692422000,
        "interestIncome": 0,
        "interestExpense": 0,
        "depreciationAndAmortization": 14072000,
        "ebitda": 54992000,
        "ebitdaratio": 0.0735763579,
        "operatingIncome": 54992000,
        "operatingIncomeRatio": 0.0735763579,
        "totalOtherIncomeExpensesNet": 7211000,
        "incomeBeforeTax": 62203000,
        "incomeBeforeTaxRatio": 0.0832242907,
        "incomeTaxExpense": 29081000,
        "netIncome": 33122000,
        "netIncomeRatio": 0.0443154664,
        "eps": 0.38,
        "epsdiluted": 0.37,
        "weightedAverageShsOut": 87841000,
        "weightedAverageShsOutDil": 88698000,
        "link": "https://www.sec.gov/Archives/edgar/data/108516/000095015205003067/0000950152-05-003067-index.htm",
        "finalLink": "https://www.sec.gov/Archives/edgar/data/108516/000095015205003067/l13222ae10vq.htm"
    },
    {
        "date": "2004-11-30",
        "symbol": "WOR",
        "reportedCurrency": "USD",
        "cik": "0000108516",
        "fillingDate": "2005-01-10",
        "acceptedDate": "2005-01-10 16:41:04",
        "calendarYear": "2005",
        "period": "Q2",
        "revenue": 745168000,
        "costOfRevenue": 620650000,
        "grossProfit": 124518000,
        "grossProfitRatio": 0.1671005733,
        "researchAndDevelopmentExpenses": 0,
        "generalAndAdministrativeExpenses": 56130000,
        "sellingAndMarketingExpenses": 0,
        "sellingGeneralAndAdministrativeExpenses": 56130000,
        "otherExpenses": 0,
        "operatingExpenses": 56130000,
        "costAndExpenses": 676780000,
        "interestIncome": 0,
        "interestExpense": 0,
        "depreciationAndAmortization": 14448000,
        "ebitda": 68388000,
        "ebitdaratio": 0.0917752775,
        "operatingIncome": 68388000,
        "operatingIncomeRatio": 0.0917752775,
        "totalOtherIncomeExpensesNet": 3215000,
        "incomeBeforeTax": 71603000,
        "incomeBeforeTaxRatio": 0.0960897408,
        "incomeTaxExpense": 23980000,
        "netIncome": 47623000,
        "netIncomeRatio": 0.0639090782,
        "eps": 0.54,
        "epsdiluted": 0.54,
        "weightedAverageShsOut": 87654000,
        "weightedAverageShsOutDil": 88665000,
        "link": "https://www.sec.gov/Archives/edgar/data/108516/000095015205000129/0000950152-05-000129-index.htm",
        "finalLink": "https://www.sec.gov/Archives/edgar/data/108516/000095015205000129/l11362ae10vq.htm"
    },
    {
        "date": "2004-08-31",
        "symbol": "WOR",
        "reportedCurrency": "USD",
        "cik": "0000108516",
        "fillingDate": "2004-10-12",
        "acceptedDate": "2004-10-12 14:45:40",
        "calendarYear": "2005",
        "period": "Q1",
        "revenue": 769340000,
        "costOfRevenue": 609696000,
        "grossProfit": 159644000,
        "grossProfitRatio": 0.2075077339,
        "researchAndDevelopmentExpenses": 0,
        "generalAndAdministrativeExpenses": 64831000,
        "sellingAndMarketingExpenses": 0,
        "sellingGeneralAndAdministrativeExpenses": 64831000,
        "otherExpenses": 0,
        "operatingExpenses": 64831000,
        "costAndExpenses": 674527000,
        "interestIncome": 0,
        "interestExpense": 0,
        "depreciationAndAmortization": 14059000,
        "ebitda": 108872000,
        "ebitdaratio": 0.1415135051,
        "operatingIncome": 89205000,
        "operatingIncomeRatio": 0.1159500351,
        "totalOtherIncomeExpensesNet": 4115000,
        "incomeBeforeTax": 93320000,
        "incomeBeforeTaxRatio": 0.1212987756,
        "incomeTaxExpense": 35461000,
        "netIncome": 57859000,
        "netIncomeRatio": 0.0752060207,
        "eps": 0.66,
        "epsdiluted": 0.66,
        "weightedAverageShsOut": 87188000,
        "weightedAverageShsOutDil": 88112000,
        "link": "https://www.sec.gov/Archives/edgar/data/108516/000095015204007310/0000950152-04-007310-index.htm",
        "finalLink": "https://www.sec.gov/Archives/edgar/data/108516/000095015204007310/l09875ae10vq.htm"
    },
    {
        "date": "2004-05-31",
        "symbol": "WOR",
        "reportedCurrency": "USD",
        "cik": "0000108516",
        "fillingDate": "2004-08-16",
        "acceptedDate": "2004-08-16 16:47:39",
        "calendarYear": "2004",
        "period": "Q4",
        "revenue": 782924000,
        "costOfRevenue": 610312000,
        "grossProfit": 172612000,
        "grossProfitRatio": 0.2204709525,
        "researchAndDevelopmentExpenses": 0,
        "generalAndAdministrativeExpenses": 59876000,
        "sellingAndMarketingExpenses": 0,
        "sellingGeneralAndAdministrativeExpenses": 59876000,
        "otherExpenses": 0,
        "operatingExpenses": 59876000,
        "costAndExpenses": 670188000,
        "interestIncome": 0,
        "interestExpense": 0,
        "depreciationAndAmortization": 16921000,
        "ebitda": 129657000,
        "ebitdaratio": 0.1656061125,
        "operatingIncome": 43338000,
        "operatingIncomeRatio": 0.0553540318,
        "totalOtherIncomeExpensesNet": 11160000,
        "incomeBeforeTax": 54498000,
        "incomeBeforeTaxRatio": 0.0696082889,
        "incomeTaxExpense": 15075000,
        "netIncome": 39423000,
        "netIncomeRatio": 0.0503535464,
        "eps": 0.45,
        "epsdiluted": 0.45,
        "weightedAverageShsOut": 87188000,
        "weightedAverageShsOutDil": 88112000,
        "link": "https://www.sec.gov/Archives/edgar/data/108516/000095015204006330/0000950152-04-006330-index.htm",
        "finalLink": "https://www.sec.gov/Archives/edgar/data/108516/000095015204006330/l09070ae10vk.htm"
    },
    {
        "date": "2004-02-29",
        "symbol": "WOR",
        "reportedCurrency": "USD",
        "cik": "0000108516",
        "fillingDate": "2004-04-08",
        "acceptedDate": "2004-04-08 17:20:07",
        "calendarYear": "2004",
        "period": "Q3",
        "revenue": 558067000,
        "costOfRevenue": 471534000,
        "grossProfit": 86533000,
        "grossProfitRatio": 0.1550584428,
        "researchAndDevelopmentExpenses": 0,
        "generalAndAdministrativeExpenses": 49046000,
        "sellingAndMarketingExpenses": 0,
        "sellingGeneralAndAdministrativeExpenses": 49046000,
        "otherExpenses": 0,
        "operatingExpenses": 49046000,
        "costAndExpenses": 520580000,
        "interestIncome": 0,
        "interestExpense": 0,
        "depreciationAndAmortization": 16675000,
        "ebitda": 37487000,
        "ebitdaratio": 0.067172938,
        "operatingIncome": 37487000,
        "operatingIncomeRatio": 0.067172938,
        "totalOtherIncomeExpensesNet": 1449000,
        "incomeBeforeTax": 38936000,
        "incomeBeforeTaxRatio": 0.0697694004,
        "incomeTaxExpense": 14407000,
        "netIncome": 24529000,
        "netIncomeRatio": 0.0439535038,
        "eps": 0.28,
        "epsdiluted": 0.28,
        "weightedAverageShsOut": 86414000,
        "weightedAverageShsOutDil": 87191000,
        "link": "https://www.sec.gov/Archives/edgar/data/108516/000095015204002765/0000950152-04-002765-index.htm",
        "finalLink": "https://www.sec.gov/Archives/edgar/data/108516/000095015204002765/l06696ae10vq.htm"
    },
    {
        "date": "2003-11-30",
        "symbol": "WOR",
        "reportedCurrency": "USD",
        "cik": "0000108516",
        "fillingDate": "2004-01-09",
        "acceptedDate": "2004-01-09 17:10:03",
        "calendarYear": "2004",
        "period": "Q2",
        "revenue": 540078000,
        "costOfRevenue": 472836000,
        "grossProfit": 67242000,
        "grossProfitRatio": 0.1245042383,
        "researchAndDevelopmentExpenses": 0,
        "generalAndAdministrativeExpenses": 45243000,
        "sellingAndMarketingExpenses": 0,
        "sellingGeneralAndAdministrativeExpenses": 45243000,
        "otherExpenses": 0,
        "operatingExpenses": 45243000,
        "costAndExpenses": 518079000,
        "interestIncome": 0,
        "interestExpense": 0,
        "depreciationAndAmortization": 16754000,
        "ebitda": 21999000,
        "ebitdaratio": 0.0407330052,
        "operatingIncome": 21999000,
        "operatingIncomeRatio": 0.0407330052,
        "totalOtherIncomeExpensesNet": 2712000,
        "incomeBeforeTax": 24711000,
        "incomeBeforeTaxRatio": 0.0457545021,
        "incomeTaxExpense": 7828000,
        "netIncome": 16883000,
        "netIncomeRatio": 0.0312602994,
        "eps": 0.2,
        "epsdiluted": 0.2,
        "weightedAverageShsOut": 86101000,
        "weightedAverageShsOutDil": 86503000,
        "link": "https://www.sec.gov/Archives/edgar/data/108516/000095015204000134/0000950152-04-000134-index.htm",
        "finalLink": "https://www.sec.gov/Archives/edgar/data/108516/000095015204000134/l04958ae10vq.htm"
    },
    {
        "date": "2003-08-31",
        "symbol": "WOR",
        "reportedCurrency": "USD",
        "cik": "0000108516",
        "fillingDate": "2003-10-09",
        "acceptedDate": "2003-10-09 15:19:09",
        "calendarYear": "2004",
        "period": "Q1",
        "revenue": 498035000,
        "costOfRevenue": 449052000,
        "grossProfit": 48983000,
        "grossProfitRatio": 0.0983525254,
        "researchAndDevelopmentExpenses": 0,
        "generalAndAdministrativeExpenses": 41620000,
        "sellingAndMarketingExpenses": 0,
        "sellingGeneralAndAdministrativeExpenses": 41620000,
        "otherExpenses": 0,
        "operatingExpenses": 41620000,
        "costAndExpenses": 490672000,
        "interestIncome": 0,
        "interestExpense": 0,
        "depreciationAndAmortization": 16952000,
        "ebitda": 24315000,
        "ebitdaratio": 0.0488218699,
        "operatingIncome": 7363000,
        "operatingIncomeRatio": 0.0147841015,
        "totalOtherIncomeExpensesNet": 1956000,
        "incomeBeforeTax": 9319000,
        "incomeBeforeTaxRatio": 0.0187115363,
        "incomeTaxExpense": 3402000,
        "netIncome": 5917000,
        "netIncomeRatio": 0.0118806911,
        "eps": 0.07,
        "epsdiluted": 0.07,
        "weightedAverageShsOut": 86007000,
        "weightedAverageShsOutDil": 86517000,
        "link": "https://www.sec.gov/Archives/edgar/data/108516/000095015203008701/0000950152-03-008701-index.htm",
        "finalLink": "https://www.sec.gov/Archives/edgar/data/108516/000095015203008701/l03337ae10vq.htm"
    },
    {
        "date": "2003-05-31",
        "symbol": "WOR",
        "reportedCurrency": "USD",
        "cik": "0000108516",
        "fillingDate": "2003-08-22",
        "acceptedDate": "2003-08-22 14:20:12",
        "calendarYear": "2003",
        "period": "Q4",
        "revenue": 589946000,
        "costOfRevenue": 522322000,
        "grossProfit": 67624000,
        "grossProfitRatio": 0.1146274405,
        "researchAndDevelopmentExpenses": 0,
        "generalAndAdministrativeExpenses": 42884000,
        "sellingAndMarketingExpenses": 0,
        "sellingGeneralAndAdministrativeExpenses": 42884000,
        "otherExpenses": -100000,
        "operatingExpenses": 42784000,
        "costAndExpenses": 565106000,
        "interestIncome": 0,
        "interestExpense": 0,
        "depreciationAndAmortization": 16216000,
        "ebitda": 41056000,
        "ebitdaratio": 0.0695928102,
        "operatingIncome": 24840000,
        "operatingIncomeRatio": 0.0421055486,
        "totalOtherIncomeExpensesNet": -249000,
        "incomeBeforeTax": 24591000,
        "incomeBeforeTaxRatio": 0.0416834761,
        "incomeTaxExpense": 8976000,
        "netIncome": 15615000,
        "netIncomeRatio": 0.0264685242,
        "eps": 0.18,
        "epsdiluted": 0.18,
        "weightedAverageShsOut": 86007000,
        "weightedAverageShsOutDil": 86517000,
        "link": "https://www.sec.gov/Archives/edgar/data/108516/000095015203007882/0000950152-03-007882-index.htm",
        "finalLink": "https://www.sec.gov/Archives/edgar/data/108516/000095015203007882/l02541ae10vk.htm"
    },
    {
        "date": "2003-02-28",
        "symbol": "WOR",
        "reportedCurrency": "USD",
        "cik": "0000108516",
        "fillingDate": "2003-04-14",
        "acceptedDate": "2003-04-14 16:47:52",
        "calendarYear": "2003",
        "period": "Q3",
        "revenue": 536584000,
        "costOfRevenue": 471101000,
        "grossProfit": 65483000,
        "grossProfitRatio": 0.1220368106,
        "researchAndDevelopmentExpenses": 0,
        "generalAndAdministrativeExpenses": 46253000,
        "sellingAndMarketingExpenses": 0,
        "sellingGeneralAndAdministrativeExpenses": 46253000,
        "otherExpenses": 0,
        "operatingExpenses": 46253000,
        "costAndExpenses": 517354000,
        "interestIncome": 0,
        "interestExpense": 0,
        "depreciationAndAmortization": 17498000,
        "ebitda": 19230000,
        "ebitdaratio": 0.0358378185,
        "operatingIncome": 19230000,
        "operatingIncomeRatio": 0.0358378185,
        "totalOtherIncomeExpensesNet": -1386000,
        "incomeBeforeTax": 17844000,
        "incomeBeforeTaxRatio": 0.0332548119,
        "incomeTaxExpense": 6513000,
        "netIncome": 11331000,
        "netIncomeRatio": 0.0211169174,
        "eps": 0.13,
        "epsdiluted": 0.13,
        "weightedAverageShsOut": 85882000,
        "weightedAverageShsOutDil": 86531000,
        "link": "https://www.sec.gov/Archives/edgar/data/108516/000095015203004196/0000950152-03-004196-index.htm",
        "finalLink": "https://www.sec.gov/Archives/edgar/data/108516/000095015203004196/l00230ae10vq.htm"
    },
    {
        "date": "2002-11-30",
        "symbol": "WOR",
        "reportedCurrency": "USD",
        "cik": "0000108516",
        "fillingDate": "2003-01-14",
        "acceptedDate": "2003-01-14 16:42:14",
        "calendarYear": "2003",
        "period": "Q2",
        "revenue": 567897000,
        "costOfRevenue": 487527000,
        "grossProfit": 80370000,
        "grossProfitRatio": 0.1415221422,
        "researchAndDevelopmentExpenses": 0,
        "generalAndAdministrativeExpenses": 46452000,
        "sellingAndMarketingExpenses": 0,
        "sellingGeneralAndAdministrativeExpenses": 46452000,
        "otherExpenses": -5400000,
        "operatingExpenses": 41052000,
        "costAndExpenses": 528579000,
        "interestIncome": 0,
        "interestExpense": 0,
        "depreciationAndAmortization": 18195000,
        "ebitda": 57513000,
        "ebitdaratio": 0.1012736465,
        "operatingIncome": 39540000,
        "operatingIncomeRatio": 0.0696253018,
        "totalOtherIncomeExpensesNet": -6869000,
        "incomeBeforeTax": 32671000,
        "incomeBeforeTaxRatio": 0.0575297985,
        "incomeTaxExpense": 11924000,
        "netIncome": 20747000,
        "netIncomeRatio": 0.0365330333,
        "eps": 0.24,
        "epsdiluted": 0.24,
        "weightedAverageShsOut": 86445833,
        "weightedAverageShsOutDil": 86834000,
        "link": "https://www.sec.gov/Archives/edgar/data/108516/000095015203000380/0000950152-03-000380-index.htm",
        "finalLink": "https://www.sec.gov/Archives/edgar/data/108516/000095015203000380/l98230ae10vq.htm"
    },
    {
        "date": "2002-08-31",
        "symbol": "WOR",
        "reportedCurrency": "USD",
        "cik": "0000108516",
        "fillingDate": "2002-10-15",
        "acceptedDate": "2002-10-15 08:10:25",
        "calendarYear": "2003",
        "period": "Q1",
        "revenue": 525464000,
        "costOfRevenue": 436040000,
        "grossProfit": 89424000,
        "grossProfitRatio": 0.170181021,
        "researchAndDevelopmentExpenses": 0,
        "generalAndAdministrativeExpenses": 47103000,
        "sellingAndMarketingExpenses": 0,
        "sellingGeneralAndAdministrativeExpenses": 47103000,
        "otherExpenses": 0,
        "operatingExpenses": 47103000,
        "costAndExpenses": 483143000,
        "interestIncome": 0,
        "interestExpense": 0,
        "depreciationAndAmortization": 17510000,
        "ebitda": 42321000,
        "ebitdaratio": 0.0805402463,
        "operatingIncome": 42321000,
        "operatingIncomeRatio": 0.0805402463,
        "totalOtherIncomeExpensesNet": 971000,
        "incomeBeforeTax": 43292000,
        "incomeBeforeTaxRatio": 0.082388137,
        "incomeTaxExpense": 15802000,
        "netIncome": 27490000,
        "netIncomeRatio": 0.0523156677,
        "eps": 0.32,
        "epsdiluted": 0.32,
        "weightedAverageShsOut": 85906250,
        "weightedAverageShsOutDil": 86499000,
        "link": "https://www.sec.gov/Archives/edgar/data/108516/000095015202007553/0000950152-02-007553-index.htm",
        "finalLink": "https://www.sec.gov/Archives/edgar/data/108516/000095015202007553/l96658ae10vq.htm"
    },
    {
        "date": "2002-05-31",
        "symbol": "WOR",
        "reportedCurrency": "USD",
        "cik": "0000108516",
        "fillingDate": "2002-08-21",
        "acceptedDate": "2002-08-21 16:52:22",
        "calendarYear": "2002",
        "period": "Q4",
        "revenue": 519284000,
        "costOfRevenue": 426652000,
        "grossProfit": 92632000,
        "grossProfitRatio": 0.1783840827,
        "researchAndDevelopmentExpenses": 0,
        "generalAndAdministrativeExpenses": 50518000,
        "sellingAndMarketingExpenses": 0,
        "sellingGeneralAndAdministrativeExpenses": 50518000,
        "otherExpenses": 0,
        "operatingExpenses": 50518000,
        "costAndExpenses": 477170000,
        "interestIncome": 0,
        "interestExpense": 0,
        "depreciationAndAmortization": 17474000,
        "ebitda": 59588000,
        "ebitdaratio": 0.11475031,
        "operatingIncome": 42114000,
        "operatingIncomeRatio": 0.0811001302,
        "totalOtherIncomeExpensesNet": 26000,
        "incomeBeforeTax": 42140000,
        "incomeBeforeTaxRatio": 0.0811501991,
        "incomeTaxExpense": 15381000,
        "netIncome": 26759000,
        "netIncomeRatio": 0.051530569,
        "eps": 0.31,
        "epsdiluted": 0.31,
        "weightedAverageShsOut": 85906250,
        "weightedAverageShsOutDil": 86499000,
        "link": "https://www.sec.gov/Archives/edgar/data/108516/000095015202006581/0000950152-02-006581-index.htm",
        "finalLink": "https://www.sec.gov/Archives/edgar/data/108516/000095015202006581/l95946ae10vk.txt"
    },
    {
        "date": "2002-02-28",
        "symbol": "WOR",
        "reportedCurrency": "USD",
        "cik": "0000108516",
        "fillingDate": "2002-04-15",
        "acceptedDate": "2002-04-15 00:00:00",
        "calendarYear": "2002",
        "period": "Q3",
        "revenue": 405740000,
        "costOfRevenue": 354889000,
        "grossProfit": 50851000,
        "grossProfitRatio": 0.1253290284,
        "researchAndDevelopmentExpenses": 0,
        "generalAndAdministrativeExpenses": 36753000,
        "sellingAndMarketingExpenses": 0,
        "sellingGeneralAndAdministrativeExpenses": 36753000,
        "otherExpenses": -21223000,
        "operatingExpenses": 15530000,
        "costAndExpenses": 370419000,
        "interestIncome": 0,
        "interestExpense": 0,
        "depreciationAndAmortization": 17007000,
        "ebitda": 52328000,
        "ebitdaratio": 0.1289692907,
        "operatingIncome": -50477000,
        "operatingIncomeRatio": -0.1244072559,
        "totalOtherIncomeExpensesNet": -21751000,
        "incomeBeforeTax": -72228000,
        "incomeBeforeTaxRatio": -0.1780154779,
        "incomeTaxExpense": -26363000,
        "netIncome": -45865000,
        "netIncomeRatio": -0.1130403707,
        "eps": -0.53,
        "epsdiluted": -0.53,
        "weightedAverageShsOut": 86537736,
        "weightedAverageShsOutDil": 86537736,
        "link": "https://www.sec.gov/Archives/edgar/data/108516/000095015202002992/0000950152-02-002992-index.htm",
        "finalLink": "https://www.sec.gov/Archives/edgar/data/108516/000095015202002992/l93839ae10-q.txt"
    },
    {
        "date": "2001-11-30",
        "symbol": "WOR",
        "reportedCurrency": "USD",
        "cik": "0000108516",
        "fillingDate": "2002-01-09",
        "acceptedDate": "2002-01-09 00:00:00",
        "calendarYear": "2002",
        "period": "Q2",
        "revenue": 410379000,
        "costOfRevenue": 349082000,
        "grossProfit": 61297000,
        "grossProfitRatio": 0.1493668048,
        "researchAndDevelopmentExpenses": 0,
        "generalAndAdministrativeExpenses": 41203000,
        "sellingAndMarketingExpenses": 0,
        "sellingGeneralAndAdministrativeExpenses": 41203000,
        "otherExpenses": 0,
        "operatingExpenses": 41203000,
        "costAndExpenses": 390285000,
        "interestIncome": 0,
        "interestExpense": 0,
        "depreciationAndAmortization": 17418000,
        "ebitda": 37512000,
        "ebitdaratio": 0.0914081861,
        "operatingIncome": 20094000,
        "operatingIncomeRatio": 0.0489644938,
        "totalOtherIncomeExpensesNet": -2262000,
        "incomeBeforeTax": 17832000,
        "incomeBeforeTaxRatio": 0.0434525158,
        "incomeTaxExpense": 6509000,
        "netIncome": 11323000,
        "netIncomeRatio": 0.0275915678,
        "eps": 0.13,
        "epsdiluted": 0.13,
        "weightedAverageShsOut": 87100000,
        "weightedAverageShsOutDil": 87100000,
        "link": "https://www.sec.gov/Archives/edgar/data/108516/000095015202000124/0000950152-02-000124-index.htm",
        "finalLink": "https://www.sec.gov/Archives/edgar/data/108516/000095015202000124/l92134ae10-q.txt"
    },
    {
        "date": "2001-08-31",
        "symbol": "WOR",
        "reportedCurrency": "USD",
        "cik": "0000108516",
        "fillingDate": "2001-10-15",
        "acceptedDate": "2001-10-15 00:00:00",
        "calendarYear": "2002",
        "period": "Q1",
        "revenue": 409558000,
        "costOfRevenue": 349561000,
        "grossProfit": 59997000,
        "grossProfitRatio": 0.1464920719,
        "researchAndDevelopmentExpenses": 0,
        "generalAndAdministrativeExpenses": 37411000,
        "sellingAndMarketingExpenses": 0,
        "sellingGeneralAndAdministrativeExpenses": 37411000,
        "otherExpenses": 0,
        "operatingExpenses": 37411000,
        "costAndExpenses": 386972000,
        "interestIncome": 0,
        "interestExpense": 0,
        "depreciationAndAmortization": 16988000,
        "ebitda": 39574000,
        "ebitdaratio": 0.0966261189,
        "operatingIncome": 22586000,
        "operatingIncomeRatio": 0.0551472563,
        "totalOtherIncomeExpensesNet": -90000,
        "incomeBeforeTax": 22496000,
        "incomeBeforeTaxRatio": 0.0549275072,
        "incomeTaxExpense": 8211000,
        "netIncome": 14285000,
        "netIncomeRatio": 0.0348790647,
        "eps": 0.17,
        "epsdiluted": 0.17,
        "weightedAverageShsOut": 84029412,
        "weightedAverageShsOutDil": 85799000,
        "link": "https://www.sec.gov/Archives/edgar/data/108516/000095015201504986/0000950152-01-504986-index.htm",
        "finalLink": "https://www.sec.gov/Archives/edgar/data/108516/000095015201504986/l90740ae10-q.txt"
    },
    {
        "date": "2001-05-31",
        "symbol": "WOR",
        "reportedCurrency": "USD",
        "cik": "0000108516",
        "fillingDate": "2001-08-29",
        "acceptedDate": "2001-08-29 00:00:00",
        "calendarYear": "2001",
        "period": "Q4",
        "revenue": 465790000,
        "costOfRevenue": 448881000,
        "grossProfit": 16909000,
        "grossProfitRatio": 0.0363017669,
        "researchAndDevelopmentExpenses": 0,
        "generalAndAdministrativeExpenses": 47382000,
        "sellingAndMarketingExpenses": 0,
        "sellingGeneralAndAdministrativeExpenses": 47382000,
        "otherExpenses": -53931000,
        "operatingExpenses": -6549000,
        "costAndExpenses": 442332000,
        "interestIncome": 0,
        "interestExpense": 0,
        "depreciationAndAmortization": 16651000,
        "ebitda": 40109000,
        "ebitdaratio": 0.0861096202,
        "operatingIncome": 23458000,
        "operatingIncomeRatio": 0.050361751,
        "totalOtherIncomeExpensesNet": -734000,
        "incomeBeforeTax": 22724000,
        "incomeBeforeTaxRatio": 0.0487859336,
        "incomeTaxExpense": 8294000,
        "netIncome": 14430000,
        "netIncomeRatio": 0.030979626,
        "eps": 0.17,
        "epsdiluted": 0.17,
        "weightedAverageShsOut": 84029412,
        "weightedAverageShsOutDil": 85799000,
        "link": "https://www.sec.gov/Archives/edgar/data/108516/000095015201504177/0000950152-01-504177-index.htm",
        "finalLink": "https://www.sec.gov/Archives/edgar/data/108516/000095015201504177/l90105ae10-k405.txt"
    },
    {
        "date": "2001-02-28",
        "symbol": "WOR",
        "reportedCurrency": "USD",
        "cik": "0000108516",
        "fillingDate": "2001-04-16",
        "acceptedDate": "2001-04-16 00:00:00",
        "calendarYear": "2001",
        "period": "Q3",
        "revenue": 418717000,
        "costOfRevenue": 347051000,
        "grossProfit": 71666000,
        "grossProfitRatio": 0.1711561747,
        "researchAndDevelopmentExpenses": 0,
        "generalAndAdministrativeExpenses": 41916000,
        "sellingAndMarketingExpenses": 0,
        "sellingGeneralAndAdministrativeExpenses": 41916000,
        "otherExpenses": 18083000,
        "operatingExpenses": 59999000,
        "costAndExpenses": 407050000,
        "interestIncome": 0,
        "interestExpense": 0,
        "depreciationAndAmortization": 18083000,
        "ebitda": 29750000,
        "ebitdaratio": 0.0710503753,
        "operatingIncome": 5193000,
        "operatingIncomeRatio": 0.0124021714,
        "totalOtherIncomeExpensesNet": -2392000,
        "incomeBeforeTax": 2801000,
        "incomeBeforeTaxRatio": 0.0066894824,
        "incomeTaxExpense": 1023000,
        "netIncome": 1778000,
        "netIncomeRatio": 0.0042463048,
        "eps": 0.02,
        "epsdiluted": 0.02,
        "weightedAverageShsOut": 88900000,
        "weightedAverageShsOutDil": 88900000,
        "link": "https://www.sec.gov/Archives/edgar/data/108516/000095015201500839/0000950152-01-500839-index.htm",
        "finalLink": "https://www.sec.gov/Archives/edgar/data/108516/000095015201500839/l87731ae10-q.txt"
    },
    {
        "date": "2000-11-30",
        "symbol": "WOR",
        "reportedCurrency": "USD",
        "cik": "0000108516",
        "fillingDate": "2001-01-16",
        "acceptedDate": "2001-01-16 00:00:00",
        "calendarYear": "2001",
        "period": "Q2",
        "revenue": 457369000,
        "costOfRevenue": 382743000,
        "grossProfit": 74626000,
        "grossProfitRatio": 0.16316366,
        "researchAndDevelopmentExpenses": 0,
        "generalAndAdministrativeExpenses": 41975000,
        "sellingAndMarketingExpenses": 0,
        "sellingGeneralAndAdministrativeExpenses": 41975000,
        "otherExpenses": 18005000,
        "operatingExpenses": 59980000,
        "costAndExpenses": 442723000,
        "interestIncome": 0,
        "interestExpense": 0,
        "depreciationAndAmortization": 18005000,
        "ebitda": 32651000,
        "ebitdaratio": 0.0713887474,
        "operatingIncome": 14646000,
        "operatingIncomeRatio": 0.032022284,
        "totalOtherIncomeExpensesNet": -3812000,
        "incomeBeforeTax": 10834000,
        "incomeBeforeTaxRatio": 0.023687657,
        "incomeTaxExpense": 3954000,
        "netIncome": 6880000,
        "netIncomeRatio": 0.0150425586,
        "eps": 0.08,
        "epsdiluted": 0.08,
        "weightedAverageShsOut": 86000000,
        "weightedAverageShsOutDil": 86000000,
        "link": "https://www.sec.gov/Archives/edgar/data/108516/000095015201000263/0000950152-01-000263-index.htm",
        "finalLink": "https://www.sec.gov/Archives/edgar/data/108516/000095015201000263/l85923ae10-q.txt"
    },
    {
        "date": "2000-08-31",
        "symbol": "WOR",
        "reportedCurrency": "USD",
        "cik": "0000108516",
        "fillingDate": "2000-10-16",
        "acceptedDate": "2000-10-16 00:00:00",
        "calendarYear": "2001",
        "period": "Q1",
        "revenue": 484224000,
        "costOfRevenue": 402503000,
        "grossProfit": 81721000,
        "grossProfitRatio": 0.1687669343,
        "researchAndDevelopmentExpenses": 0,
        "generalAndAdministrativeExpenses": 41991000,
        "sellingAndMarketingExpenses": 0,
        "sellingGeneralAndAdministrativeExpenses": 41991000,
        "otherExpenses": 17843000,
        "operatingExpenses": 59834000,
        "costAndExpenses": 462337000,
        "interestIncome": 0,
        "interestExpense": 0,
        "depreciationAndAmortization": 17843000,
        "ebitda": 39730000,
        "ebitdaratio": 0.0820488039,
        "operatingIncome": 21887000,
        "operatingIncomeRatio": 0.0452001553,
        "totalOtherIncomeExpensesNet": -2238000,
        "incomeBeforeTax": 19649000,
        "incomeBeforeTaxRatio": 0.0405783274,
        "incomeTaxExpense": 7172000,
        "netIncome": 12477000,
        "netIncomeRatio": 0.0257670004,
        "eps": 0.15,
        "epsdiluted": 0.15,
        "weightedAverageShsOut": 83180000,
        "weightedAverageShsOutDil": 85755000,
        "link": "https://www.sec.gov/Archives/edgar/data/108516/000095015200007289/0000950152-00-007289-index.htm",
        "finalLink": "https://www.sec.gov/Archives/edgar/data/108516/000095015200007289/l84368ae10-q.txt"
    },
    {
        "date": "2000-05-31",
        "symbol": "WOR",
        "reportedCurrency": "USD",
        "cik": "0000108516",
        "fillingDate": "2000-08-29",
        "acceptedDate": "2000-08-29 00:00:00",
        "calendarYear": "2000",
        "period": "Q4",
        "revenue": 539806000,
        "costOfRevenue": 437558000,
        "grossProfit": 102248000,
        "grossProfitRatio": 0.1894161977,
        "researchAndDevelopmentExpenses": 0,
        "generalAndAdministrativeExpenses": 40562000,
        "sellingAndMarketingExpenses": 0,
        "sellingGeneralAndAdministrativeExpenses": 40562000,
        "otherExpenses": 16997000,
        "operatingExpenses": 57559000,
        "costAndExpenses": 495117000,
        "interestIncome": 0,
        "interestExpense": 0,
        "depreciationAndAmortization": 16997000,
        "ebitda": 61686000,
        "ebitdaratio": 0.1142743875,
        "operatingIncome": 36136000,
        "operatingIncomeRatio": 0.0669425683,
        "totalOtherIncomeExpensesNet": -994000,
        "incomeBeforeTax": 35142000,
        "incomeBeforeTaxRatio": 0.065101166,
        "incomeTaxExpense": 13191000,
        "netIncome": 21951000,
        "netIncomeRatio": 0.0406646091,
        "eps": 0.26,
        "epsdiluted": 0.26,
        "weightedAverageShsOut": 83180000,
        "weightedAverageShsOutDil": 85755000,
        "link": "https://www.sec.gov/Archives/edgar/data/108516/000095015200006350/0000950152-00-006350-index.htm",
        "finalLink": "https://www.sec.gov/Archives/edgar/data/108516/000095015200006350/e10-k405.txt"
    },
    {
        "date": "2000-02-29",
        "symbol": "WOR",
        "reportedCurrency": "USD",
        "cik": "0000108516",
        "fillingDate": "2000-04-14",
        "acceptedDate": "2000-04-14 00:00:00",
        "calendarYear": "2000",
        "period": "Q3",
        "revenue": 486500000,
        "costOfRevenue": 388200000,
        "grossProfit": 98300000,
        "grossProfitRatio": 0.2020554985,
        "researchAndDevelopmentExpenses": 0,
        "generalAndAdministrativeExpenses": 39400000,
        "sellingAndMarketingExpenses": 0,
        "sellingGeneralAndAdministrativeExpenses": 39400000,
        "otherExpenses": 18700000,
        "operatingExpenses": 58100000,
        "costAndExpenses": 446300000,
        "interestIncome": 0,
        "interestExpense": 0,
        "depreciationAndAmortization": 18700000,
        "ebitda": 58900000,
        "ebitdaratio": 0.1210688592,
        "operatingIncome": 40200000,
        "operatingIncomeRatio": 0.082631038,
        "totalOtherIncomeExpensesNet": -3100000,
        "incomeBeforeTax": 37100000,
        "incomeBeforeTaxRatio": 0.0762589928,
        "incomeTaxExpense": 13900000,
        "netIncome": 23200000,
        "netIncomeRatio": 0.0476875642,
        "eps": 0.26,
        "epsdiluted": 0.26,
        "weightedAverageShsOut": 89230769,
        "weightedAverageShsOutDil": 89230769,
        "link": "https://www.sec.gov/Archives/edgar/data/108516/000095015200002881/0000950152-00-002881-index.html",
        "finalLink": "https://www.sec.gov/Archives/edgar/data/108516/000095015200002881/"
    },
    {
        "date": "1999-11-30",
        "symbol": "WOR",
        "reportedCurrency": "USD",
        "cik": "0000108516",
        "fillingDate": "2000-01-14",
        "acceptedDate": "2000-01-14 00:00:00",
        "calendarYear": "2000",
        "period": "Q2",
        "revenue": 473300000,
        "costOfRevenue": 370300000,
        "grossProfit": 103000000,
        "grossProfitRatio": 0.2176209592,
        "researchAndDevelopmentExpenses": 0,
        "generalAndAdministrativeExpenses": 41800000,
        "sellingAndMarketingExpenses": 0,
        "sellingGeneralAndAdministrativeExpenses": 41800000,
        "otherExpenses": 18000000,
        "operatingExpenses": 59800000,
        "costAndExpenses": 430100000,
        "interestIncome": 0,
        "interestExpense": 0,
        "depreciationAndAmortization": 18000000,
        "ebitda": 61200000,
        "ebitdaratio": 0.1293048806,
        "operatingIncome": 43200000,
        "operatingIncomeRatio": 0.0912740334,
        "totalOtherIncomeExpensesNet": -3700000,
        "incomeBeforeTax": 39500000,
        "incomeBeforeTaxRatio": 0.0834565814,
        "incomeTaxExpense": 14800000,
        "netIncome": 24700000,
        "netIncomeRatio": 0.0521867737,
        "eps": 0.28,
        "epsdiluted": 0.28,
        "weightedAverageShsOut": 88214286,
        "weightedAverageShsOutDil": 89483000,
        "link": "https://www.sec.gov/Archives/edgar/data/108516/000095015200000207/0000950152-00-000207-index.html",
        "finalLink": "https://www.sec.gov/Archives/edgar/data/108516/000095015200000207/"
    },
    {
        "date": "1999-08-31",
        "symbol": "WOR",
        "reportedCurrency": "USD",
        "cik": "0000108516",
        "fillingDate": "1999-10-15",
        "acceptedDate": "1999-10-15 00:00:00",
        "calendarYear": "2000",
        "period": "Q1",
        "revenue": 462900000,
        "costOfRevenue": 362400000,
        "grossProfit": 100500000,
        "grossProfitRatio": 0.2171095269,
        "researchAndDevelopmentExpenses": 0,
        "generalAndAdministrativeExpenses": 41900000,
        "sellingAndMarketingExpenses": 0,
        "sellingGeneralAndAdministrativeExpenses": 41900000,
        "otherExpenses": 17300000,
        "operatingExpenses": 59200000,
        "costAndExpenses": 421600000,
        "interestIncome": 0,
        "interestExpense": 0,
        "depreciationAndAmortization": 17300000,
        "ebitda": 58600000,
        "ebitdaratio": 0.1265932167,
        "operatingIncome": 41300000,
        "operatingIncomeRatio": 0.0892201339,
        "totalOtherIncomeExpensesNet": -2400000,
        "incomeBeforeTax": 38900000,
        "incomeBeforeTaxRatio": 0.0840354288,
        "incomeTaxExpense": 14600000,
        "netIncome": 24300000,
        "netIncomeRatio": 0.0524951393,
        "eps": 0.27,
        "epsdiluted": 0.27,
        "weightedAverageShsOut": 90000000,
        "weightedAverageShsOutDil": 90000000,
        "link": "https://www.sec.gov/Archives/edgar/data/108516/000095015299008295/0000950152-99-008295-index.html",
        "finalLink": "https://www.sec.gov/Archives/edgar/data/108516/000095015299008295/"
    },
    {
        "date": "1999-05-31",
        "symbol": "WOR",
        "reportedCurrency": "USD",
        "cik": "0000108516",
        "fillingDate": "1999-08-27",
        "acceptedDate": "1999-08-27 00:00:00",
        "calendarYear": "1999",
        "period": "Q4",
        "revenue": 495300000,
        "costOfRevenue": 384600000,
        "grossProfit": 110700000,
        "grossProfitRatio": 0.2235009085,
        "researchAndDevelopmentExpenses": 0,
        "generalAndAdministrativeExpenses": 43400000,
        "sellingAndMarketingExpenses": 0,
        "sellingGeneralAndAdministrativeExpenses": 43400000,
        "otherExpenses": 19700000,
        "operatingExpenses": 63100000,
        "costAndExpenses": 447700000,
        "interestIncome": 0,
        "interestExpense": 0,
        "depreciationAndAmortization": 19700000,
        "ebitda": 67300000,
        "ebitdaratio": 0.1358772461,
        "operatingIncome": 47600000,
        "operatingIncomeRatio": 0.0961033717,
        "totalOtherIncomeExpensesNet": -2400000,
        "incomeBeforeTax": 45200000,
        "incomeBeforeTaxRatio": 0.0912578235,
        "incomeTaxExpense": 16700000,
        "netIncome": 14000000,
        "netIncomeRatio": 0.0282656976,
        "eps": 0.16,
        "epsdiluted": 0.16,
        "weightedAverageShsOut": 90000000,
        "weightedAverageShsOutDil": 90000000,
        "link": "https://www.sec.gov/Archives/edgar/data/108516/000095015299007196/0000950152-99-007196-index.html",
        "finalLink": "https://www.sec.gov/Archives/edgar/data/108516/000095015299007196/"
    },
    {
        "date": "1999-02-28",
        "symbol": "WOR",
        "reportedCurrency": "USD",
        "cik": "0000108516",
        "fillingDate": "1999-04-14",
        "acceptedDate": "1999-04-14 00:00:00",
        "calendarYear": "1999",
        "period": "Q3",
        "revenue": 422100000,
        "costOfRevenue": 330000000,
        "grossProfit": 92100000,
        "grossProfitRatio": 0.2181947406,
        "researchAndDevelopmentExpenses": 0,
        "generalAndAdministrativeExpenses": 37200000,
        "sellingAndMarketingExpenses": 0,
        "sellingGeneralAndAdministrativeExpenses": 37200000,
        "otherExpenses": 19700000,
        "operatingExpenses": 56900000,
        "costAndExpenses": 386900000,
        "interestIncome": 0,
        "interestExpense": 0,
        "depreciationAndAmortization": 19700000,
        "ebitda": 54900000,
        "ebitdaratio": 0.1300639659,
        "operatingIncome": 35200000,
        "operatingIncomeRatio": 0.083392561,
        "totalOtherIncomeExpensesNet": -4900000,
        "incomeBeforeTax": 30300000,
        "incomeBeforeTaxRatio": 0.0717839375,
        "incomeTaxExpense": 11200000,
        "netIncome": 2200000,
        "netIncomeRatio": 0.0052120351,
        "eps": 0.02,
        "epsdiluted": 0.02,
        "weightedAverageShsOut": 110000000,
        "weightedAverageShsOutDil": 110000000,
        "link": "https://www.sec.gov/Archives/edgar/data/108516/000095015299003247/0000950152-99-003247-index.html",
        "finalLink": "https://www.sec.gov/Archives/edgar/data/108516/"
    },
    {
        "date": "1998-11-30",
        "symbol": "WOR",
        "reportedCurrency": "USD",
        "cik": "0000108516",
        "fillingDate": "1998-12-23",
        "acceptedDate": "1998-12-23 00:00:00",
        "calendarYear": "1999",
        "period": "Q2",
        "revenue": 436400000,
        "costOfRevenue": 346800000,
        "grossProfit": 89600000,
        "grossProfitRatio": 0.2053162236,
        "researchAndDevelopmentExpenses": 0,
        "generalAndAdministrativeExpenses": 35300000,
        "sellingAndMarketingExpenses": 0,
        "sellingGeneralAndAdministrativeExpenses": 35300000,
        "otherExpenses": 20500000,
        "operatingExpenses": 55800000,
        "costAndExpenses": 402600000,
        "interestIncome": 0,
        "interestExpense": 0,
        "depreciationAndAmortization": 20500000,
        "ebitda": 54300000,
        "ebitdaratio": 0.1244271311,
        "operatingIncome": 33800000,
        "operatingIncomeRatio": 0.077451879,
        "totalOtherIncomeExpensesNet": -4600000,
        "incomeBeforeTax": 29200000,
        "incomeBeforeTaxRatio": 0.0669110907,
        "incomeTaxExpense": 10800000,
        "netIncome": 22300000,
        "netIncomeRatio": 0.0510999083,
        "eps": 0.24,
        "epsdiluted": 0.24,
        "weightedAverageShsOut": 92916667,
        "weightedAverageShsOutDil": 92916667,
        "link": "https://www.sec.gov/Archives/edgar/data/108516/000095015298009808/0000950152-98-009808-index.html",
        "finalLink": "https://www.sec.gov/Archives/edgar/data/108516/"
    },
    {
        "date": "1998-08-31",
        "symbol": "WOR",
        "reportedCurrency": "USD",
        "cik": "0000108516",
        "fillingDate": "1998-10-15",
        "acceptedDate": "1998-10-15 00:00:00",
        "calendarYear": "1999",
        "period": "Q1",
        "revenue": 409300000,
        "costOfRevenue": 329000000,
        "grossProfit": 80300000,
        "grossProfitRatio": 0.1961886147,
        "researchAndDevelopmentExpenses": 0,
        "generalAndAdministrativeExpenses": 32100000,
        "sellingAndMarketingExpenses": 0,
        "sellingGeneralAndAdministrativeExpenses": 32100000,
        "otherExpenses": 18600000,
        "operatingExpenses": 50700000,
        "costAndExpenses": 379700000,
        "interestIncome": 0,
        "interestExpense": 0,
        "depreciationAndAmortization": 18600000,
        "ebitda": 48200000,
        "ebitdaratio": 0.1177620327,
        "operatingIncome": 29600000,
        "operatingIncomeRatio": 0.0723185927,
        "totalOtherIncomeExpensesNet": -1500000,
        "incomeBeforeTax": 28100000,
        "incomeBeforeTaxRatio": 0.0686537992,
        "incomeTaxExpense": 10400000,
        "netIncome": 16400000,
        "netIncomeRatio": 0.0400684095,
        "eps": 0.17,
        "epsdiluted": 0.17,
        "weightedAverageShsOut": 96470588,
        "weightedAverageShsOutDil": 96470588,
        "link": "https://www.sec.gov/Archives/edgar/data/108516/000095015298008195/0000950152-98-008195-index.html",
        "finalLink": "https://www.sec.gov/Archives/edgar/data/108516/"
    },
    {
        "date": "1998-05-31",
        "symbol": "WOR",
        "reportedCurrency": "USD",
        "cik": "0000108516",
        "fillingDate": "1998-08-28",
        "acceptedDate": "1998-08-28 00:00:00",
        "calendarYear": "1998",
        "period": "Q4",
        "revenue": 85100000,
        "costOfRevenue": 32600000,
        "grossProfit": 52500000,
        "grossProfitRatio": 0.6169212691,
        "researchAndDevelopmentExpenses": 0,
        "generalAndAdministrativeExpenses": 11900000,
        "sellingAndMarketingExpenses": 0,
        "sellingGeneralAndAdministrativeExpenses": 11900000,
        "otherExpenses": 16000000,
        "operatingExpenses": 27900000,
        "costAndExpenses": 60500000,
        "interestIncome": 0,
        "interestExpense": 0,
        "depreciationAndAmortization": 16000000,
        "ebitda": 40600000,
        "ebitdaratio": 0.4770857814,
        "operatingIncome": 24600000,
        "operatingIncomeRatio": 0.2890716804,
        "totalOtherIncomeExpensesNet": -400000,
        "incomeBeforeTax": 24200000,
        "incomeBeforeTaxRatio": 0.2843713278,
        "incomeTaxExpense": 8900000,
        "netIncome": 32600000,
        "netIncomeRatio": 0.3830787309,
        "eps": 0.34,
        "epsdiluted": 0.34,
        "weightedAverageShsOut": 94504000,
        "weightedAverageShsOutDil": 96470588,
        "link": "https://www.sec.gov/Archives/edgar/data/108516/000095015298007142/0000950152-98-007142-index.html",
        "finalLink": "https://www.sec.gov/Archives/edgar/data/108516/"
    },
    {
        "date": "1998-02-28",
        "symbol": "WOR",
        "reportedCurrency": "USD",
        "cik": "0000108516",
        "fillingDate": "1998-04-14",
        "acceptedDate": "1998-04-14 00:00:00",
        "calendarYear": "1998",
        "period": "Q3",
        "revenue": 518500000,
        "costOfRevenue": 431400000,
        "grossProfit": 87100000,
        "grossProfitRatio": 0.1679845709,
        "researchAndDevelopmentExpenses": 0,
        "generalAndAdministrativeExpenses": 35700000,
        "sellingAndMarketingExpenses": 0,
        "sellingGeneralAndAdministrativeExpenses": 35700000,
        "otherExpenses": 15200000,
        "operatingExpenses": 50900000,
        "costAndExpenses": 482300000,
        "interestIncome": 0,
        "interestExpense": 0,
        "depreciationAndAmortization": 15200000,
        "ebitda": 45800000,
        "ebitdaratio": 0.0883317261,
        "operatingIncome": 36200000,
        "operatingIncomeRatio": 0.0698167792,
        "totalOtherIncomeExpensesNet": -700000,
        "incomeBeforeTax": 35400000,
        "incomeBeforeTaxRatio": 0.0682738669,
        "incomeTaxExpense": 13100000,
        "netIncome": 41100000,
        "netIncomeRatio": 0.0792671167,
        "eps": 0.42,
        "epsdiluted": 0.42,
        "weightedAverageShsOut": 97857143,
        "weightedAverageShsOutDil": 97857143,
        "link": "https://www.sec.gov/Archives/edgar/data/108516/000095015298003234/0000950152-98-003234-index.html",
        "finalLink": "https://www.sec.gov/Archives/edgar/data/108516/"
    },
    {
        "date": "1997-11-30",
        "symbol": "WOR",
        "reportedCurrency": "USD",
        "cik": "0000108516",
        "fillingDate": "1998-01-14",
        "acceptedDate": "1998-01-14 00:00:00",
        "calendarYear": "1998",
        "period": "Q2",
        "revenue": 520300000,
        "costOfRevenue": 432100000,
        "grossProfit": 88200000,
        "grossProfitRatio": 0.169517586,
        "researchAndDevelopmentExpenses": 0,
        "generalAndAdministrativeExpenses": 37000000,
        "sellingAndMarketingExpenses": 0,
        "sellingGeneralAndAdministrativeExpenses": 37000000,
        "otherExpenses": 15400000,
        "operatingExpenses": 52400000,
        "costAndExpenses": 484500000,
        "interestIncome": 0,
        "interestExpense": 0,
        "depreciationAndAmortization": 15400000,
        "ebitda": 43700000,
        "ebitdaratio": 0.0839900058,
        "operatingIncome": 35800000,
        "operatingIncomeRatio": 0.0688064578,
        "totalOtherIncomeExpensesNet": -1300000,
        "incomeBeforeTax": 34800000,
        "incomeBeforeTaxRatio": 0.0668844897,
        "incomeTaxExpense": 12900000,
        "netIncome": 21900000,
        "netIncomeRatio": 0.0420911013,
        "eps": 0.28,
        "epsdiluted": 0.23,
        "weightedAverageShsOut": 78214286,
        "weightedAverageShsOutDil": 95217391,
        "link": "https://www.sec.gov/Archives/edgar/data/108516/000095015298000229/0000950152-98-000229-index.html",
        "finalLink": "https://www.sec.gov/Archives/edgar/data/108516/"
    },
    {
        "date": "1997-08-31",
        "symbol": "WOR",
        "reportedCurrency": "USD",
        "cik": "0000108516",
        "fillingDate": "1997-10-15",
        "acceptedDate": "1997-10-15 00:00:00",
        "calendarYear": "1998",
        "period": "Q1",
        "revenue": 500400000,
        "costOfRevenue": 414200000,
        "grossProfit": 86200000,
        "grossProfitRatio": 0.1722621902,
        "researchAndDevelopmentExpenses": 0,
        "generalAndAdministrativeExpenses": 32400000,
        "sellingAndMarketingExpenses": 0,
        "sellingGeneralAndAdministrativeExpenses": 32400000,
        "otherExpenses": 14900000,
        "operatingExpenses": 47300000,
        "costAndExpenses": 461500000,
        "interestIncome": 0,
        "interestExpense": 0,
        "depreciationAndAmortization": 14900000,
        "ebitda": 50500000,
        "ebitdaratio": 0.1009192646,
        "operatingIncome": 38900000,
        "operatingIncomeRatio": 0.0777378098,
        "totalOtherIncomeExpensesNet": -2300000,
        "incomeBeforeTax": 36200000,
        "incomeBeforeTaxRatio": 0.0723421263,
        "incomeTaxExpense": 13400000,
        "netIncome": 22800000,
        "netIncomeRatio": 0.0455635492,
        "eps": 0.26,
        "epsdiluted": 0.24,
        "weightedAverageShsOut": 87692308,
        "weightedAverageShsOutDil": 95000000,
        "link": "https://www.sec.gov/Archives/edgar/data/108516/000095015297007233/0000950152-97-007233-index.html",
        "finalLink": "https://www.sec.gov/Archives/edgar/data/108516/"
    },
    {
        "date": "1997-05-31",
        "symbol": "WOR",
        "reportedCurrency": "USD",
        "cik": "0000108516",
        "fillingDate": "1997-08-28",
        "acceptedDate": "1997-08-28 00:00:00",
        "calendarYear": "1997",
        "period": "Q4",
        "revenue": 536500000,
        "costOfRevenue": 445100000,
        "grossProfit": 91400000,
        "grossProfitRatio": 0.1703634669,
        "researchAndDevelopmentExpenses": 0,
        "generalAndAdministrativeExpenses": 33600000,
        "sellingAndMarketingExpenses": 0,
        "sellingGeneralAndAdministrativeExpenses": 33600000,
        "otherExpenses": 11200000,
        "operatingExpenses": 44800000,
        "costAndExpenses": 489900000,
        "interestIncome": 0,
        "interestExpense": 0,
        "depreciationAndAmortization": 11200000,
        "ebitda": 57800000,
        "ebitdaratio": 0.1077353215,
        "operatingIncome": 46600000,
        "operatingIncomeRatio": 0.0868592731,
        "totalOtherIncomeExpensesNet": -2400000,
        "incomeBeforeTax": 44200000,
        "incomeBeforeTaxRatio": 0.0823858341,
        "incomeTaxExpense": 17300000,
        "netIncome": 26900000,
        "netIncomeRatio": 0.050139795,
        "eps": 0.31,
        "epsdiluted": 0.28,
        "weightedAverageShsOut": 87692308,
        "weightedAverageShsOutDil": 95000000,
        "link": "https://www.sec.gov/Archives/edgar/data/108516/000095015297006301/0000950152-97-006301-index.html",
        "finalLink": "https://www.sec.gov/Archives/edgar/data/108516/"
    },
    {
        "date": "1997-02-28",
        "symbol": "WOR",
        "reportedCurrency": "USD",
        "cik": "0000108516",
        "fillingDate": "1997-04-14",
        "acceptedDate": "1997-04-14 00:00:00",
        "calendarYear": "1997",
        "period": "Q3",
        "revenue": 486600000,
        "costOfRevenue": 402200000,
        "grossProfit": 84400000,
        "grossProfitRatio": 0.1734484176,
        "researchAndDevelopmentExpenses": 0,
        "generalAndAdministrativeExpenses": 33200000,
        "sellingAndMarketingExpenses": 0,
        "sellingGeneralAndAdministrativeExpenses": 33200000,
        "otherExpenses": 16100000,
        "operatingExpenses": 49300000,
        "costAndExpenses": 451500000,
        "interestIncome": 0,
        "interestExpense": 0,
        "depreciationAndAmortization": 16100000,
        "ebitda": 51200000,
        "ebitdaratio": 0.1052198931,
        "operatingIncome": 35100000,
        "operatingIncomeRatio": 0.0721331689,
        "totalOtherIncomeExpensesNet": -600000,
        "incomeBeforeTax": 34500000,
        "incomeBeforeTaxRatio": 0.0709001233,
        "incomeTaxExpense": 12700000,
        "netIncome": 21800000,
        "netIncomeRatio": 0.0448006576,
        "eps": 0.31,
        "epsdiluted": 0.23,
        "weightedAverageShsOut": 70322581,
        "weightedAverageShsOutDil": 94782609,
        "link": "https://www.sec.gov/Archives/edgar/data/108516/000089646397000095/0000896463-97-000095-index.html",
        "finalLink": "https://www.sec.gov/Archives/edgar/data/108516/"
    },
    {
        "date": "1996-11-30",
        "symbol": "WOR",
        "reportedCurrency": "USD",
        "cik": "0000108516",
        "fillingDate": "1997-01-14",
        "acceptedDate": "1997-01-14 00:00:00",
        "calendarYear": "1997",
        "period": "Q2",
        "revenue": 429300000,
        "costOfRevenue": 357000000,
        "grossProfit": 72300000,
        "grossProfitRatio": 0.1684136967,
        "researchAndDevelopmentExpenses": 0,
        "generalAndAdministrativeExpenses": 28100000,
        "sellingAndMarketingExpenses": 0,
        "sellingGeneralAndAdministrativeExpenses": 28100000,
        "otherExpenses": 12000000,
        "operatingExpenses": 40100000,
        "costAndExpenses": 397100000,
        "interestIncome": 0,
        "interestExpense": 0,
        "depreciationAndAmortization": 12000000,
        "ebitda": 48000000,
        "ebitdaratio": 0.1118099231,
        "operatingIncome": 32200000,
        "operatingIncomeRatio": 0.0750058234,
        "totalOtherIncomeExpensesNet": 300000,
        "incomeBeforeTax": 32400000,
        "incomeBeforeTaxRatio": 0.0754716981,
        "incomeTaxExpense": 11900000,
        "netIncome": 20500000,
        "netIncomeRatio": 0.0477521547,
        "eps": 0.23,
        "epsdiluted": 0.23,
        "weightedAverageShsOut": 98695652,
        "weightedAverageShsOutDil": 98695652,
        "link": "https://www.sec.gov/Archives/edgar/data/108516/000089646397000001/0000896463-97-000001-index.html",
        "finalLink": "https://www.sec.gov/Archives/edgar/data/108516/"
    },
    {
        "date": "1996-08-31",
        "symbol": "WOR",
        "reportedCurrency": "USD",
        "cik": "0000108516",
        "fillingDate": "1996-10-15",
        "acceptedDate": "1996-10-15 00:00:00",
        "calendarYear": "1997",
        "period": "Q1",
        "revenue": 402600000,
        "costOfRevenue": 332800000,
        "grossProfit": 69800000,
        "grossProfitRatio": 0.173373075,
        "researchAndDevelopmentExpenses": 0,
        "generalAndAdministrativeExpenses": 25200000,
        "sellingAndMarketingExpenses": 0,
        "sellingGeneralAndAdministrativeExpenses": 25200000,
        "otherExpenses": 12100000,
        "operatingExpenses": 37300000,
        "costAndExpenses": 370100000,
        "interestIncome": 0,
        "interestExpense": 0,
        "depreciationAndAmortization": 12100000,
        "ebitda": 44600000,
        "ebitdaratio": 0.1107799305,
        "operatingIncome": 32500000,
        "operatingIncomeRatio": 0.0807252856,
        "totalOtherIncomeExpensesNet": -700000,
        "incomeBeforeTax": 31800000,
        "incomeBeforeTaxRatio": 0.0789865872,
        "incomeTaxExpense": 12200000,
        "netIncome": 19600000,
        "netIncomeRatio": 0.0486835569,
        "eps": 0.27,
        "epsdiluted": 0.23,
        "weightedAverageShsOut": 72592593,
        "weightedAverageShsOutDil": 85217391,
        "link": "https://www.sec.gov/Archives/edgar/data/108516/000089646396000163/0000896463-96-000163-index.html",
        "finalLink": "https://www.sec.gov/Archives/edgar/data/108516/"
    },
    {
        "date": "1996-05-31",
        "symbol": "WOR",
        "reportedCurrency": "USD",
        "cik": "0000108516",
        "fillingDate": "1996-08-29",
        "acceptedDate": "1996-08-29 00:00:00",
        "calendarYear": "1996",
        "period": "Q4",
        "revenue": 437300000,
        "costOfRevenue": 359800000,
        "grossProfit": 77500000,
        "grossProfitRatio": 0.1772238738,
        "researchAndDevelopmentExpenses": 0,
        "generalAndAdministrativeExpenses": 29800000,
        "sellingAndMarketingExpenses": 0,
        "sellingGeneralAndAdministrativeExpenses": 29800000,
        "otherExpenses": 10600000,
        "operatingExpenses": 40400000,
        "costAndExpenses": 400200000,
        "interestIncome": 0,
        "interestExpense": 0,
        "depreciationAndAmortization": 10600000,
        "ebitda": 47700000,
        "ebitdaratio": 0.1090784359,
        "operatingIncome": 37100000,
        "operatingIncomeRatio": 0.0848387834,
        "totalOtherIncomeExpensesNet": 900000,
        "incomeBeforeTax": 38000000,
        "incomeBeforeTaxRatio": 0.0868968671,
        "incomeTaxExpense": 15300000,
        "netIncome": 22700000,
        "netIncomeRatio": 0.0519094443,
        "eps": 0.31,
        "epsdiluted": 0.27,
        "weightedAverageShsOut": 72592593,
        "weightedAverageShsOutDil": 85217391,
        "link": "https://www.sec.gov/Archives/edgar/data/108516/000089646396000136/0000896463-96-000136-index.html",
        "finalLink": "https://www.sec.gov/Archives/edgar/data/108516/"
    },
    {
        "date": "1996-02-29",
        "symbol": "WOR",
        "reportedCurrency": "USD",
        "cik": "0000108516",
        "fillingDate": "1996-04-12",
        "acceptedDate": "1996-04-12 00:00:00",
        "calendarYear": "1996",
        "period": "Q3",
        "revenue": 360200000,
        "costOfRevenue": 295800000,
        "grossProfit": 64400000,
        "grossProfitRatio": 0.1787895614,
        "researchAndDevelopmentExpenses": 0,
        "generalAndAdministrativeExpenses": 23900000,
        "sellingAndMarketingExpenses": 0,
        "sellingGeneralAndAdministrativeExpenses": 23900000,
        "otherExpenses": 10100000,
        "operatingExpenses": 34000000,
        "costAndExpenses": 329800000,
        "interestIncome": 0,
        "interestExpense": 0,
        "depreciationAndAmortization": 10100000,
        "ebitda": 40500000,
        "ebitdaratio": 0.1124375347,
        "operatingIncome": 30400000,
        "operatingIncomeRatio": 0.0843975569,
        "totalOtherIncomeExpensesNet": 3100000,
        "incomeBeforeTax": 33500000,
        "incomeBeforeTaxRatio": 0.0930038867,
        "incomeTaxExpense": 12600000,
        "netIncome": 20900000,
        "netIncomeRatio": 0.0580233204,
        "eps": 0.23,
        "epsdiluted": 0.23,
        "weightedAverageShsOut": 90869565,
        "weightedAverageShsOutDil": 90869565,
        "link": "https://www.sec.gov/Archives/edgar/data/108516/000089646396000053/0000896463-96-000053-index.html",
        "finalLink": "https://www.sec.gov/Archives/edgar/data/108516/"
    },
    {
        "date": "1995-11-30",
        "symbol": "WOR",
        "reportedCurrency": "USD",
        "cik": "0000108516",
        "fillingDate": "1996-01-12",
        "acceptedDate": "1996-01-12 00:00:00",
        "calendarYear": "1996",
        "period": "Q2",
        "revenue": 354500000,
        "costOfRevenue": 292100000,
        "grossProfit": 62400000,
        "grossProfitRatio": 0.176022567,
        "researchAndDevelopmentExpenses": 0,
        "generalAndAdministrativeExpenses": 21500000,
        "sellingAndMarketingExpenses": 0,
        "sellingGeneralAndAdministrativeExpenses": 21500000,
        "otherExpenses": 9400000,
        "operatingExpenses": 30900000,
        "costAndExpenses": 323000000,
        "interestIncome": 0,
        "interestExpense": 0,
        "depreciationAndAmortization": 9400000,
        "ebitda": 40900000,
        "ebitdaratio": 0.1153737659,
        "operatingIncome": 31500000,
        "operatingIncomeRatio": 0.0888575458,
        "totalOtherIncomeExpensesNet": 10400000,
        "incomeBeforeTax": 41900000,
        "incomeBeforeTaxRatio": 0.1181946403,
        "incomeTaxExpense": 15700000,
        "netIncome": 26200000,
        "netIncomeRatio": 0.0739069111,
        "eps": 0.29,
        "epsdiluted": 0.29,
        "weightedAverageShsOut": 90344828,
        "weightedAverageShsOutDil": 90344828,
        "link": "https://www.sec.gov/Archives/edgar/data/108516/000089646396000004/0000896463-96-000004-index.html",
        "finalLink": "https://www.sec.gov/Archives/edgar/data/108516/"
    },
    {
        "date": "1995-08-31",
        "symbol": "WOR",
        "reportedCurrency": "USD",
        "cik": "0000108516",
        "fillingDate": "1995-10-11",
        "acceptedDate": "1995-10-11 00:00:00",
        "calendarYear": "1996",
        "period": "Q1",
        "revenue": 325700000,
        "costOfRevenue": 269600000,
        "grossProfit": 56100000,
        "grossProfitRatio": 0.1722443967,
        "researchAndDevelopmentExpenses": 0,
        "generalAndAdministrativeExpenses": 19900000,
        "sellingAndMarketingExpenses": 0,
        "sellingGeneralAndAdministrativeExpenses": 19900000,
        "otherExpenses": 9100000,
        "operatingExpenses": 29000000,
        "costAndExpenses": 298600000,
        "interestIncome": 0,
        "interestExpense": 0,
        "depreciationAndAmortization": 9100000,
        "ebitda": 36200000,
        "ebitdaratio": 0.1111452257,
        "operatingIncome": 27100000,
        "operatingIncomeRatio": 0.0832054037,
        "totalOtherIncomeExpensesNet": 7300000,
        "incomeBeforeTax": 34400000,
        "incomeBeforeTaxRatio": 0.1056186675,
        "incomeTaxExpense": 12900000,
        "netIncome": 21500000,
        "netIncomeRatio": 0.0660116672,
        "eps": 0.24,
        "epsdiluted": 0.24,
        "weightedAverageShsOut": 89583333,
        "weightedAverageShsOutDil": 89583333,
        "link": "https://www.sec.gov/Archives/edgar/data/108516/000089646395000129/0000896463-95-000129-index.html",
        "finalLink": "https://www.sec.gov/Archives/edgar/data/108516/"
    },
    {
        "date": "1995-05-31",
        "symbol": "WOR",
        "reportedCurrency": "USD",
        "cik": "0000108516",
        "fillingDate": "1995-08-28",
        "acceptedDate": "1995-08-28 00:00:00",
        "calendarYear": "1995",
        "period": "Q4",
        "revenue": 403900000,
        "costOfRevenue": 327400000,
        "grossProfit": 76500000,
        "grossProfitRatio": 0.1894033177,
        "researchAndDevelopmentExpenses": 0,
        "generalAndAdministrativeExpenses": 22000000,
        "sellingAndMarketingExpenses": 0,
        "sellingGeneralAndAdministrativeExpenses": 22000000,
        "otherExpenses": 8100000,
        "operatingExpenses": 30100000,
        "costAndExpenses": 357500000,
        "interestIncome": 0,
        "interestExpense": 0,
        "depreciationAndAmortization": 8100000,
        "ebitda": 54500000,
        "ebitdaratio": 0.1349343897,
        "operatingIncome": 46400000,
        "operatingIncomeRatio": 0.1148799208,
        "totalOtherIncomeExpensesNet": 8500000,
        "incomeBeforeTax": 54900000,
        "incomeBeforeTaxRatio": 0.1359247338,
        "incomeTaxExpense": 20600000,
        "netIncome": 34300000,
        "netIncomeRatio": 0.0849220104,
        "eps": 0.38,
        "epsdiluted": 0.38,
        "weightedAverageShsOut": 89583333,
        "weightedAverageShsOutDil": 89583333,
        "link": "https://www.sec.gov/Archives/edgar/data/108516/000089646395000121/0000896463-95-000121-index.html",
        "finalLink": "https://www.sec.gov/Archives/edgar/data/108516/0000896463-95-000121.txt"
    },
    {
        "date": "1995-02-28",
        "symbol": "WOR",
        "reportedCurrency": "USD",
        "cik": "0000108516",
        "fillingDate": "1995-04-13",
        "acceptedDate": "1995-04-13 00:00:00",
        "calendarYear": "1995",
        "period": "Q3",
        "revenue": 370100000,
        "costOfRevenue": 301000000,
        "grossProfit": 69100000,
        "grossProfitRatio": 0.1867062956,
        "researchAndDevelopmentExpenses": 0,
        "generalAndAdministrativeExpenses": 23100000,
        "sellingAndMarketingExpenses": 0,
        "sellingGeneralAndAdministrativeExpenses": 23100000,
        "otherExpenses": 8700000,
        "operatingExpenses": 31800000,
        "costAndExpenses": 332800000,
        "interestIncome": 0,
        "interestExpense": 0,
        "depreciationAndAmortization": 8700000,
        "ebitda": 46000000,
        "ebitdaratio": 0.1242907322,
        "operatingIncome": 37300000,
        "operatingIncomeRatio": 0.100783572,
        "totalOtherIncomeExpensesNet": 8600000,
        "incomeBeforeTax": 45900000,
        "incomeBeforeTaxRatio": 0.124020535,
        "incomeTaxExpense": 17200000,
        "netIncome": 28700000,
        "netIncomeRatio": 0.077546609,
        "eps": 0.32,
        "epsdiluted": 0.32,
        "weightedAverageShsOut": 89687500,
        "weightedAverageShsOutDil": 89687500,
        "link": "https://www.sec.gov/Archives/edgar/data/108516/000089646395000067/0000896463-95-000067-index.html",
        "finalLink": "https://www.sec.gov/Archives/edgar/data/108516/"
    },
    {
        "date": "1994-11-30",
        "symbol": "WOR",
        "reportedCurrency": "USD",
        "cik": "0000108516",
        "fillingDate": "1995-01-12",
        "acceptedDate": "1995-01-12 00:00:00",
        "calendarYear": "1995",
        "period": "Q2",
        "revenue": 363300000,
        "costOfRevenue": 296500000,
        "grossProfit": 66800000,
        "grossProfitRatio": 0.1838700798,
        "researchAndDevelopmentExpenses": 0,
        "generalAndAdministrativeExpenses": 20500000,
        "sellingAndMarketingExpenses": 0,
        "sellingGeneralAndAdministrativeExpenses": 20500000,
        "otherExpenses": 8800000,
        "operatingExpenses": 29300000,
        "costAndExpenses": 325800000,
        "interestIncome": 0,
        "interestExpense": 0,
        "depreciationAndAmortization": 8800000,
        "ebitda": 46300000,
        "ebitdaratio": 0.1274428847,
        "operatingIncome": 37500000,
        "operatingIncomeRatio": 0.1032204789,
        "totalOtherIncomeExpensesNet": 7800000,
        "incomeBeforeTax": 45300000,
        "incomeBeforeTaxRatio": 0.1246903386,
        "incomeTaxExpense": 17000000,
        "netIncome": 28300000,
        "netIncomeRatio": 0.0778970548,
        "eps": 0.31,
        "epsdiluted": 0.31,
        "weightedAverageShsOut": 91290323,
        "weightedAverageShsOutDil": 91290323,
        "link": "https://www.sec.gov/Archives/edgar/data/108516/000089646395000003/0000896463-95-000003-index.html",
        "finalLink": "https://www.sec.gov/Archives/edgar/data/108516/"
    },
    {
        "date": "1994-08-31",
        "symbol": "WOR",
        "reportedCurrency": "USD",
        "cik": "0000108516",
        "fillingDate": "1994-10-13",
        "acceptedDate": "1994-10-13 00:00:00",
        "calendarYear": "1995",
        "period": "Q1",
        "revenue": 346300000,
        "costOfRevenue": 285700000,
        "grossProfit": 60600000,
        "grossProfitRatio": 0.1749927808,
        "researchAndDevelopmentExpenses": 0,
        "generalAndAdministrativeExpenses": 19500000,
        "sellingAndMarketingExpenses": 0,
        "sellingGeneralAndAdministrativeExpenses": 19500000,
        "otherExpenses": 8500000,
        "operatingExpenses": 28000000,
        "costAndExpenses": 313700000,
        "interestIncome": 0,
        "interestExpense": 0,
        "depreciationAndAmortization": 8500000,
        "ebitda": 41100000,
        "ebitdaratio": 0.1186832226,
        "operatingIncome": 32600000,
        "operatingIncomeRatio": 0.0941380306,
        "totalOtherIncomeExpensesNet": 8100000,
        "incomeBeforeTax": 40700000,
        "incomeBeforeTaxRatio": 0.1175281548,
        "incomeTaxExpense": 15300000,
        "netIncome": 25400000,
        "netIncomeRatio": 0.0733468091,
        "eps": 0.28,
        "epsdiluted": 0.28,
        "weightedAverageShsOut": 90714286,
        "weightedAverageShsOutDil": 90714286,
        "link": "https://www.sec.gov/Archives/edgar/data/108516/000089646394000081/0000896463-94-000081-index.html",
        "finalLink": "https://www.sec.gov/Archives/edgar/data/108516/"
    },
    {
        "date": "1994-05-31",
        "symbol": "WOR",
        "reportedCurrency": "USD",
        "cik": "0000108516",
        "fillingDate": "1994-08-29",
        "acceptedDate": "1994-08-29 00:00:00",
        "calendarYear": "1994",
        "period": "Q4",
        "revenue": 376200000,
        "costOfRevenue": 312000000,
        "grossProfit": 64200000,
        "grossProfitRatio": 0.1706539075,
        "researchAndDevelopmentExpenses": 0,
        "generalAndAdministrativeExpenses": 20500000,
        "sellingAndMarketingExpenses": 0,
        "sellingGeneralAndAdministrativeExpenses": 20500000,
        "otherExpenses": 7800000,
        "operatingExpenses": 28300000,
        "costAndExpenses": 340300000,
        "interestIncome": 0,
        "interestExpense": 0,
        "depreciationAndAmortization": 7800000,
        "ebitda": 43700000,
        "ebitdaratio": 0.1161616162,
        "operatingIncome": 35900000,
        "operatingIncomeRatio": 0.0954279638,
        "totalOtherIncomeExpensesNet": 5200000,
        "incomeBeforeTax": 41100000,
        "incomeBeforeTaxRatio": 0.1092503987,
        "incomeTaxExpense": 15300000,
        "netIncome": 25800000,
        "netIncomeRatio": 0.0685805423,
        "eps": 0.28,
        "epsdiluted": 0.28,
        "weightedAverageShsOut": 88742769,
        "weightedAverageShsOutDil": 90714286,
        "link": "https://www.sec.gov/Archives/edgar/data/108516/000089646394000070/0000896463-94-000070-index.html",
        "finalLink": "https://www.sec.gov/Archives/edgar/data/108516/"
    },
    {
        "date": "1994-02-28",
        "symbol": "WOR",
        "reportedCurrency": "USD",
        "cik": "0000108516",
        "fillingDate": "1994-04-13",
        "acceptedDate": "1994-04-13 00:00:00",
        "calendarYear": "1994",
        "period": "Q3",
        "revenue": 323100000,
        "costOfRevenue": 266400000,
        "grossProfit": 56700000,
        "grossProfitRatio": 0.1754874652,
        "researchAndDevelopmentExpenses": 0,
        "generalAndAdministrativeExpenses": 18300000,
        "sellingAndMarketingExpenses": 0,
        "sellingGeneralAndAdministrativeExpenses": 18300000,
        "otherExpenses": 8600000,
        "operatingExpenses": 26900000,
        "costAndExpenses": 293300000,
        "interestIncome": 0,
        "interestExpense": 0,
        "depreciationAndAmortization": 8600000,
        "ebitda": 38400000,
        "ebitdaratio": 0.1188486537,
        "operatingIncome": 29800000,
        "operatingIncomeRatio": 0.0922315073,
        "totalOtherIncomeExpensesNet": 1500000,
        "incomeBeforeTax": 31300000,
        "incomeBeforeTaxRatio": 0.0968740328,
        "incomeTaxExpense": 11600000,
        "netIncome": 19700000,
        "netIncomeRatio": 0.0609718353,
        "eps": 0.22,
        "epsdiluted": 0.22,
        "weightedAverageShsOut": 89545455,
        "weightedAverageShsOutDil": 89545455,
        "link": "https://www.sec.gov/Archives/edgar/data/108516/000089646394000024/0000896463-94-000024-index.html",
        "finalLink": "https://www.sec.gov/Archives/edgar/data/108516/"
    },
    {
        "date": "1993-11-30",
        "symbol": "WOR",
        "reportedCurrency": "USD",
        "cik": "0000108516",
        "fillingDate": "1993-11-30",
        "acceptedDate": "1993-11-29 19:00:00",
        "calendarYear": "1994",
        "period": "Q2",
        "revenue": 295900000,
        "costOfRevenue": 244500000,
        "grossProfit": 51400000,
        "grossProfitRatio": 0.1737073336,
        "researchAndDevelopmentExpenses": 0,
        "generalAndAdministrativeExpenses": 0,
        "sellingAndMarketingExpenses": 0,
        "sellingGeneralAndAdministrativeExpenses": 16500000,
        "otherExpenses": 8300000,
        "operatingExpenses": 24800000,
        "costAndExpenses": 269300000,
        "interestIncome": 0,
        "interestExpense": 0,
        "depreciationAndAmortization": 8300000,
        "ebitda": 34900000,
        "ebitdaratio": 0.1179452518,
        "operatingIncome": 26600000,
        "operatingIncomeRatio": 0.0898952349,
        "totalOtherIncomeExpensesNet": -800000,
        "incomeBeforeTax": 25800000,
        "incomeBeforeTaxRatio": 0.0871916188,
        "incomeTaxExpense": 9900000,
        "netIncome": 15900000,
        "netIncomeRatio": 0.0537343697,
        "eps": 0.18,
        "epsdiluted": 0.18,
        "weightedAverageShsOut": 88333333,
        "weightedAverageShsOutDil": 88333333,
        "link": "",
        "finalLink": ""
    },
    {
        "date": "1993-08-31",
        "symbol": "WOR",
        "reportedCurrency": "USD",
        "cik": "0000108516",
        "fillingDate": "1993-08-31",
        "acceptedDate": "1993-08-30 20:00:00",
        "calendarYear": "1994",
        "period": "Q1",
        "revenue": 290100000,
        "costOfRevenue": 238100000,
        "grossProfit": 52000000,
        "grossProfitRatio": 0.179248535,
        "researchAndDevelopmentExpenses": 0,
        "generalAndAdministrativeExpenses": 0,
        "sellingAndMarketingExpenses": 0,
        "sellingGeneralAndAdministrativeExpenses": 17000000,
        "otherExpenses": 7700000,
        "operatingExpenses": 24700000,
        "costAndExpenses": 262800000,
        "interestIncome": 0,
        "interestExpense": 0,
        "depreciationAndAmortization": 7700000,
        "ebitda": 35000000,
        "ebitdaratio": 0.1206480524,
        "operatingIncome": 27300000,
        "operatingIncomeRatio": 0.0941054809,
        "totalOtherIncomeExpensesNet": -700000,
        "incomeBeforeTax": 26600000,
        "incomeBeforeTaxRatio": 0.0916925198,
        "incomeTaxExpense": 10200000,
        "netIncome": 16400000,
        "netIncomeRatio": 0.0565322303,
        "eps": 0.18,
        "epsdiluted": 0.18,
        "weightedAverageShsOut": 91111111,
        "weightedAverageShsOutDil": 91111111,
        "link": "",
        "finalLink": ""
    },
    {
        "date": "1993-05-31",
        "symbol": "WOR",
        "reportedCurrency": "USD",
        "cik": "0000108516",
        "fillingDate": "1993-05-31",
        "acceptedDate": "1993-05-30 20:00:00",
        "calendarYear": "1993",
        "period": "Q4",
        "revenue": 327300000,
        "costOfRevenue": 263300000,
        "grossProfit": 64000000,
        "grossProfitRatio": 0.1955392606,
        "researchAndDevelopmentExpenses": 0,
        "generalAndAdministrativeExpenses": 0,
        "sellingAndMarketingExpenses": 0,
        "sellingGeneralAndAdministrativeExpenses": 19700000,
        "otherExpenses": 7300000,
        "operatingExpenses": 27000000,
        "costAndExpenses": 290300000,
        "interestIncome": 0,
        "interestExpense": 0,
        "depreciationAndAmortization": 7300000,
        "ebitda": 44300000,
        "ebitdaratio": 0.135349832,
        "operatingIncome": 37000000,
        "operatingIncomeRatio": 0.113046135,
        "totalOtherIncomeExpensesNet": -800000,
        "incomeBeforeTax": 36200000,
        "incomeBeforeTaxRatio": 0.1106018943,
        "incomeTaxExpense": 13400000,
        "netIncome": 22800000,
        "netIncomeRatio": 0.0696608616,
        "eps": 0.25,
        "epsdiluted": 0.25,
        "weightedAverageShsOut": 91111111,
        "weightedAverageShsOutDil": 91111111,
        "link": "",
        "finalLink": ""
    },
    {
        "date": "1993-02-28",
        "symbol": "WOR",
        "reportedCurrency": "USD",
        "cik": "0000108516",
        "fillingDate": "1993-02-28",
        "acceptedDate": "1993-02-27 19:00:00",
        "calendarYear": "1993",
        "period": "Q3",
        "revenue": 276100000,
        "costOfRevenue": 225200000,
        "grossProfit": 50900000,
        "grossProfitRatio": 0.1843534951,
        "researchAndDevelopmentExpenses": 0,
        "generalAndAdministrativeExpenses": 0,
        "sellingAndMarketingExpenses": 0,
        "sellingGeneralAndAdministrativeExpenses": 17800000,
        "otherExpenses": 7300000,
        "operatingExpenses": 25100000,
        "costAndExpenses": 250300000,
        "interestIncome": 0,
        "interestExpense": 0,
        "depreciationAndAmortization": 7300000,
        "ebitda": 33100000,
        "ebitdaratio": 0.1198841,
        "operatingIncome": 25800000,
        "operatingIncomeRatio": 0.0934444042,
        "totalOtherIncomeExpensesNet": -900000,
        "incomeBeforeTax": 24900000,
        "incomeBeforeTaxRatio": 0.0901847157,
        "incomeTaxExpense": 9200000,
        "netIncome": 15700000,
        "netIncomeRatio": 0.0568634553,
        "eps": 0.17,
        "epsdiluted": 0.17,
        "weightedAverageShsOut": 92352941,
        "weightedAverageShsOutDil": 92352941,
        "link": "",
        "finalLink": ""
    },
    {
        "date": "1992-11-30",
        "symbol": "WOR",
        "reportedCurrency": "USD",
        "cik": "0000108516",
        "fillingDate": "1992-11-30",
        "acceptedDate": "1992-11-29 19:00:00",
        "calendarYear": "1993",
        "period": "Q2",
        "revenue": 262000000,
        "costOfRevenue": 214200000,
        "grossProfit": 47800000,
        "grossProfitRatio": 0.1824427481,
        "researchAndDevelopmentExpenses": 0,
        "generalAndAdministrativeExpenses": 0,
        "sellingAndMarketingExpenses": 0,
        "sellingGeneralAndAdministrativeExpenses": 15900000,
        "otherExpenses": 7400000,
        "operatingExpenses": 23300000,
        "costAndExpenses": 237500000,
        "interestIncome": 0,
        "interestExpense": 0,
        "depreciationAndAmortization": 7400000,
        "ebitda": 31900000,
        "ebitdaratio": 0.1217557252,
        "operatingIncome": 24500000,
        "operatingIncomeRatio": 0.0935114504,
        "totalOtherIncomeExpensesNet": -900000,
        "incomeBeforeTax": 23600000,
        "incomeBeforeTaxRatio": 0.0900763359,
        "incomeTaxExpense": 8700000,
        "netIncome": 14900000,
        "netIncomeRatio": 0.056870229,
        "eps": 0.17,
        "epsdiluted": 0.17,
        "weightedAverageShsOut": 87647059,
        "weightedAverageShsOutDil": 87647059,
        "link": "",
        "finalLink": ""
    },
    {
        "date": "1992-08-31",
        "symbol": "WOR",
        "reportedCurrency": "USD",
        "cik": "0000108516",
        "fillingDate": "1992-08-31",
        "acceptedDate": "1992-08-30 20:00:00",
        "calendarYear": "1993",
        "period": "Q1",
        "revenue": 250400000,
        "costOfRevenue": 206400000,
        "grossProfit": 44000000,
        "grossProfitRatio": 0.1757188498,
        "researchAndDevelopmentExpenses": 0,
        "generalAndAdministrativeExpenses": 0,
        "sellingAndMarketingExpenses": 0,
        "sellingGeneralAndAdministrativeExpenses": 15500000,
        "otherExpenses": 7200000,
        "operatingExpenses": 22700000,
        "costAndExpenses": 229100000,
        "interestIncome": 0,
        "interestExpense": 0,
        "depreciationAndAmortization": 7200000,
        "ebitda": 28500000,
        "ebitdaratio": 0.1138178914,
        "operatingIncome": 21300000,
        "operatingIncomeRatio": 0.0850638978,
        "totalOtherIncomeExpensesNet": -800000,
        "incomeBeforeTax": 20500000,
        "incomeBeforeTaxRatio": 0.0818690096,
        "incomeTaxExpense": 7600000,
        "netIncome": 12900000,
        "netIncomeRatio": 0.0515175719,
        "eps": 0.15,
        "epsdiluted": 0.15,
        "weightedAverageShsOut": 86000000,
        "weightedAverageShsOutDil": 86000000,
        "link": "",
        "finalLink": ""
    },
    {
        "date": "1992-05-31",
        "symbol": "WOR",
        "reportedCurrency": "USD",
        "cik": "0000108516",
        "fillingDate": "1992-05-31",
        "acceptedDate": "1992-05-30 20:00:00",
        "calendarYear": "1992",
        "period": "Q4",
        "revenue": 278100000,
        "costOfRevenue": 226700000,
        "grossProfit": 51400000,
        "grossProfitRatio": 0.1848256023,
        "researchAndDevelopmentExpenses": 0,
        "generalAndAdministrativeExpenses": 0,
        "sellingAndMarketingExpenses": 0,
        "sellingGeneralAndAdministrativeExpenses": 16900000,
        "otherExpenses": 6900000,
        "operatingExpenses": 23800000,
        "costAndExpenses": 250500000,
        "interestIncome": 0,
        "interestExpense": 0,
        "depreciationAndAmortization": 6900000,
        "ebitda": 34500000,
        "ebitdaratio": 0.1240560949,
        "operatingIncome": 27600000,
        "operatingIncomeRatio": 0.0992448759,
        "totalOtherIncomeExpensesNet": -1300000,
        "incomeBeforeTax": 26300000,
        "incomeBeforeTaxRatio": 0.0945702985,
        "incomeTaxExpense": 9100000,
        "netIncome": 17200000,
        "netIncomeRatio": 0.061848256,
        "eps": 0.2,
        "epsdiluted": 0.2,
        "weightedAverageShsOut": 85171650,
        "weightedAverageShsOutDil": 86000000,
        "link": "",
        "finalLink": ""
    },
    {
        "date": "1992-02-29",
        "symbol": "WOR",
        "reportedCurrency": "USD",
        "cik": "0000108516",
        "fillingDate": "1992-02-29",
        "acceptedDate": "1992-02-28 19:00:00",
        "calendarYear": "1992",
        "period": "Q3",
        "revenue": 232700000,
        "costOfRevenue": 190800000,
        "grossProfit": 41900000,
        "grossProfitRatio": 0.1800601633,
        "researchAndDevelopmentExpenses": 0,
        "generalAndAdministrativeExpenses": 0,
        "sellingAndMarketingExpenses": 0,
        "sellingGeneralAndAdministrativeExpenses": 15400000,
        "otherExpenses": 7000000,
        "operatingExpenses": 22400000,
        "costAndExpenses": 213200000,
        "interestIncome": 0,
        "interestExpense": 0,
        "depreciationAndAmortization": 7000000,
        "ebitda": 26500000,
        "ebitdaratio": 0.1138805329,
        "operatingIncome": 19500000,
        "operatingIncomeRatio": 0.0837988827,
        "totalOtherIncomeExpensesNet": -1100000,
        "incomeBeforeTax": 18400000,
        "incomeBeforeTaxRatio": 0.0790717662,
        "incomeTaxExpense": 6800000,
        "netIncome": 11600000,
        "netIncomeRatio": 0.0498495917,
        "eps": 0.13,
        "epsdiluted": 0.13,
        "weightedAverageShsOut": 89230769,
        "weightedAverageShsOutDil": 89230769,
        "link": "",
        "finalLink": ""
    },
    {
        "date": "1991-11-30",
        "symbol": "WOR",
        "reportedCurrency": "USD",
        "cik": "0000108516",
        "fillingDate": "1991-11-30",
        "acceptedDate": "1991-11-29 19:00:00",
        "calendarYear": "1992",
        "period": "Q2",
        "revenue": 241500000,
        "costOfRevenue": 196100000,
        "grossProfit": 45400000,
        "grossProfitRatio": 0.1879917184,
        "researchAndDevelopmentExpenses": 0,
        "generalAndAdministrativeExpenses": 0,
        "sellingAndMarketingExpenses": 0,
        "sellingGeneralAndAdministrativeExpenses": 15500000,
        "otherExpenses": 6600000,
        "operatingExpenses": 22100000,
        "costAndExpenses": 218200000,
        "interestIncome": 0,
        "interestExpense": 0,
        "depreciationAndAmortization": 6700000,
        "ebitda": 30000000,
        "ebitdaratio": 0.1242236025,
        "operatingIncome": 23300000,
        "operatingIncomeRatio": 0.0964803313,
        "totalOtherIncomeExpensesNet": -1200000,
        "incomeBeforeTax": 22100000,
        "incomeBeforeTaxRatio": 0.0915113872,
        "incomeTaxExpense": 8200000,
        "netIncome": 13900000,
        "netIncomeRatio": 0.0575569358,
        "eps": 0.16,
        "epsdiluted": 0.16,
        "weightedAverageShsOut": 86875000,
        "weightedAverageShsOutDil": 86875000,
        "link": "",
        "finalLink": ""
    },
    {
        "date": "1991-08-31",
        "symbol": "WOR",
        "reportedCurrency": "USD",
        "cik": "0000108516",
        "fillingDate": "1991-08-31",
        "acceptedDate": "1991-08-30 20:00:00",
        "calendarYear": "1992",
        "period": "Q1",
        "revenue": 221900000,
        "costOfRevenue": 180000000,
        "grossProfit": 41900000,
        "grossProfitRatio": 0.1888237945,
        "researchAndDevelopmentExpenses": 0,
        "generalAndAdministrativeExpenses": 0,
        "sellingAndMarketingExpenses": 0,
        "sellingGeneralAndAdministrativeExpenses": 14600000,
        "otherExpenses": 6300000,
        "operatingExpenses": 20900000,
        "costAndExpenses": 200900000,
        "interestIncome": 0,
        "interestExpense": 0,
        "depreciationAndAmortization": 6300000,
        "ebitda": 27300000,
        "ebitdaratio": 0.1230283912,
        "operatingIncome": 21000000,
        "operatingIncomeRatio": 0.094637224,
        "totalOtherIncomeExpensesNet": -900000,
        "incomeBeforeTax": 20100000,
        "incomeBeforeTaxRatio": 0.0905813429,
        "incomeTaxExpense": 7400000,
        "netIncome": 12700000,
        "netIncomeRatio": 0.0572329878,
        "eps": 0.14,
        "epsdiluted": 0.14,
        "weightedAverageShsOut": 90714286,
        "weightedAverageShsOutDil": 90714286,
        "link": "",
        "finalLink": ""
    },
    {
        "date": "1991-05-31",
        "symbol": "WOR",
        "reportedCurrency": "USD",
        "cik": "0000108516",
        "fillingDate": "1991-05-31",
        "acceptedDate": "1991-05-30 20:00:00",
        "calendarYear": "1991",
        "period": "Q4",
        "revenue": 232200000,
        "costOfRevenue": 189700000,
        "grossProfit": 42500000,
        "grossProfitRatio": 0.1830318691,
        "researchAndDevelopmentExpenses": 0,
        "generalAndAdministrativeExpenses": 0,
        "sellingAndMarketingExpenses": 0,
        "sellingGeneralAndAdministrativeExpenses": 15000000,
        "otherExpenses": 5500000,
        "operatingExpenses": 20500000,
        "costAndExpenses": 210200000,
        "interestIncome": 0,
        "interestExpense": 0,
        "depreciationAndAmortization": 5500000,
        "ebitda": 27500000,
        "ebitdaratio": 0.1184323859,
        "operatingIncome": 22000000,
        "operatingIncomeRatio": 0.0947459087,
        "totalOtherIncomeExpensesNet": -1300000,
        "incomeBeforeTax": 20700000,
        "incomeBeforeTaxRatio": 0.0891472868,
        "incomeTaxExpense": 7200000,
        "netIncome": 13500000,
        "netIncomeRatio": 0.0581395349,
        "eps": 0.15,
        "epsdiluted": 0.15,
        "weightedAverageShsOut": 90228571,
        "weightedAverageShsOutDil": 90714286,
        "link": "",
        "finalLink": ""
    },
    {
        "date": "1991-02-28",
        "symbol": "WOR",
        "reportedCurrency": "USD",
        "cik": "0000108516",
        "fillingDate": "1991-02-28",
        "acceptedDate": "1991-02-27 19:00:00",
        "calendarYear": "1991",
        "period": "Q3",
        "revenue": 195500000,
        "costOfRevenue": 164000000,
        "grossProfit": 31500000,
        "grossProfitRatio": 0.1611253197,
        "researchAndDevelopmentExpenses": 0,
        "generalAndAdministrativeExpenses": 0,
        "sellingAndMarketingExpenses": 0,
        "sellingGeneralAndAdministrativeExpenses": 13700000,
        "otherExpenses": 6500000,
        "operatingExpenses": 20200000,
        "costAndExpenses": 184200000,
        "interestIncome": 0,
        "interestExpense": 0,
        "depreciationAndAmortization": 6400000,
        "ebitda": 17800000,
        "ebitdaratio": 0.0910485934,
        "operatingIncome": 11300000,
        "operatingIncomeRatio": 0.0578005115,
        "totalOtherIncomeExpensesNet": -1500000,
        "incomeBeforeTax": 9800000,
        "incomeBeforeTaxRatio": 0.0501278772,
        "incomeTaxExpense": 3600000,
        "netIncome": 6200000,
        "netIncomeRatio": 0.031713555,
        "eps": 0.07,
        "epsdiluted": 0.07,
        "weightedAverageShsOut": 88571429,
        "weightedAverageShsOutDil": 88571429,
        "link": "",
        "finalLink": ""
    },
    {
        "date": "1990-11-30",
        "symbol": "WOR",
        "reportedCurrency": "USD",
        "cik": "0000108516",
        "fillingDate": "1990-11-30",
        "acceptedDate": "1990-11-29 19:00:00",
        "calendarYear": "1991",
        "period": "Q2",
        "revenue": 229400000,
        "costOfRevenue": 186800000,
        "grossProfit": 42600000,
        "grossProfitRatio": 0.1857018309,
        "researchAndDevelopmentExpenses": 0,
        "generalAndAdministrativeExpenses": 0,
        "sellingAndMarketingExpenses": 0,
        "sellingGeneralAndAdministrativeExpenses": 14700000,
        "otherExpenses": 6100000,
        "operatingExpenses": 20800000,
        "costAndExpenses": 207600000,
        "interestIncome": 0,
        "interestExpense": 0,
        "depreciationAndAmortization": 6100000,
        "ebitda": 27900000,
        "ebitdaratio": 0.1216216216,
        "operatingIncome": 21800000,
        "operatingIncomeRatio": 0.0950305144,
        "totalOtherIncomeExpensesNet": -1000000,
        "incomeBeforeTax": 20800000,
        "incomeBeforeTaxRatio": 0.0906713165,
        "incomeTaxExpense": 7700000,
        "netIncome": 13100000,
        "netIncomeRatio": 0.0571054926,
        "eps": 0.15,
        "epsdiluted": 0.15,
        "weightedAverageShsOut": 87333333,
        "weightedAverageShsOutDil": 87333333,
        "link": "",
        "finalLink": ""
    },
    {
        "date": "1990-08-31",
        "symbol": "WOR",
        "reportedCurrency": "USD",
        "cik": "0000108516",
        "fillingDate": "1990-08-31",
        "acceptedDate": "1990-08-30 20:00:00",
        "calendarYear": "1991",
        "period": "Q1",
        "revenue": 217700000,
        "costOfRevenue": 178300000,
        "grossProfit": 39400000,
        "grossProfitRatio": 0.1809830041,
        "researchAndDevelopmentExpenses": 0,
        "generalAndAdministrativeExpenses": 0,
        "sellingAndMarketingExpenses": 0,
        "sellingGeneralAndAdministrativeExpenses": 14100000,
        "otherExpenses": 5800000,
        "operatingExpenses": 19900000,
        "costAndExpenses": 198200000,
        "interestIncome": 0,
        "interestExpense": 0,
        "depreciationAndAmortization": 5800000,
        "ebitda": 25300000,
        "ebitdaratio": 0.1162149747,
        "operatingIncome": 19500000,
        "operatingIncomeRatio": 0.0895728066,
        "totalOtherIncomeExpensesNet": -800000,
        "incomeBeforeTax": 18700000,
        "incomeBeforeTaxRatio": 0.0858980248,
        "incomeTaxExpense": 6900000,
        "netIncome": 11800000,
        "netIncomeRatio": 0.0542030317,
        "eps": 0.13,
        "epsdiluted": 0.13,
        "weightedAverageShsOut": 90769231,
        "weightedAverageShsOutDil": 90769231,
        "link": "",
        "finalLink": ""
    },
    {
        "date": "1990-05-31",
        "symbol": "WOR",
        "reportedCurrency": "USD",
        "cik": "0000108516",
        "fillingDate": "1990-05-31",
        "acceptedDate": "1990-05-30 20:00:00",
        "calendarYear": "1990",
        "period": "Q4",
        "revenue": 257100000,
        "costOfRevenue": 205700000,
        "grossProfit": 51400000,
        "grossProfitRatio": 0.1999222093,
        "researchAndDevelopmentExpenses": 0,
        "generalAndAdministrativeExpenses": 0,
        "sellingAndMarketingExpenses": 0,
        "sellingGeneralAndAdministrativeExpenses": 15600000,
        "otherExpenses": 4900000,
        "operatingExpenses": 20500000,
        "costAndExpenses": 226200000,
        "interestIncome": 0,
        "interestExpense": 0,
        "depreciationAndAmortization": 4900000,
        "ebitda": 35800000,
        "ebitdaratio": 0.1392454298,
        "operatingIncome": 30900000,
        "operatingIncomeRatio": 0.1201866978,
        "totalOtherIncomeExpensesNet": -600000,
        "incomeBeforeTax": 30300000,
        "incomeBeforeTaxRatio": 0.1178529755,
        "incomeTaxExpense": 11200000,
        "netIncome": 19100000,
        "netIncomeRatio": 0.0742901595,
        "eps": 0.21,
        "epsdiluted": 0.21,
        "weightedAverageShsOut": 90769231,
        "weightedAverageShsOutDil": 90769231,
        "link": "",
        "finalLink": ""
    },
    {
        "date": "1990-02-28",
        "symbol": "WOR",
        "reportedCurrency": "USD",
        "cik": "0000108516",
        "fillingDate": "1990-02-28",
        "acceptedDate": "1990-02-27 19:00:00",
        "calendarYear": "1990",
        "period": "Q3",
        "revenue": 222000000,
        "costOfRevenue": 181700000,
        "grossProfit": 40300000,
        "grossProfitRatio": 0.1815315315,
        "researchAndDevelopmentExpenses": 0,
        "generalAndAdministrativeExpenses": 0,
        "sellingAndMarketingExpenses": 0,
        "sellingGeneralAndAdministrativeExpenses": 13800000,
        "otherExpenses": 5300000,
        "operatingExpenses": 19100000,
        "costAndExpenses": 200800000,
        "interestIncome": 0,
        "interestExpense": 0,
        "depreciationAndAmortization": 5400000,
        "ebitda": 26600000,
        "ebitdaratio": 0.1198198198,
        "operatingIncome": 21200000,
        "operatingIncomeRatio": 0.0954954955,
        "totalOtherIncomeExpensesNet": -1200000,
        "incomeBeforeTax": 20000000,
        "incomeBeforeTaxRatio": 0.0900900901,
        "incomeTaxExpense": 7300000,
        "netIncome": 11000000,
        "netIncomeRatio": 0.0495495495,
        "eps": 0.12,
        "epsdiluted": 0.12,
        "weightedAverageShsOut": 91666667,
        "weightedAverageShsOutDil": 91666667,
        "link": "",
        "finalLink": ""
    },
    {
        "date": "1989-11-30",
        "symbol": "WOR",
        "reportedCurrency": "USD",
        "cik": "0000108516",
        "fillingDate": "1989-11-30",
        "acceptedDate": "1989-11-29 19:00:00",
        "calendarYear": "1990",
        "period": "Q2",
        "revenue": 223900000,
        "costOfRevenue": 185300000,
        "grossProfit": 38600000,
        "grossProfitRatio": 0.1723983921,
        "researchAndDevelopmentExpenses": 0,
        "generalAndAdministrativeExpenses": 0,
        "sellingAndMarketingExpenses": 0,
        "sellingGeneralAndAdministrativeExpenses": 12900000,
        "otherExpenses": 5400000,
        "operatingExpenses": 18300000,
        "costAndExpenses": 203600000,
        "interestIncome": 0,
        "interestExpense": 0,
        "depreciationAndAmortization": 5300000,
        "ebitda": 25700000,
        "ebitdaratio": 0.1147833854,
        "operatingIncome": 20300000,
        "operatingIncomeRatio": 0.0906654757,
        "totalOtherIncomeExpensesNet": -1200000,
        "incomeBeforeTax": 19100000,
        "incomeBeforeTaxRatio": 0.0853059402,
        "incomeTaxExpense": 7100000,
        "netIncome": 12000000,
        "netIncomeRatio": 0.0535953551,
        "eps": 0.13,
        "epsdiluted": 0.13,
        "weightedAverageShsOut": 92307692,
        "weightedAverageShsOutDil": 92307692,
        "link": "",
        "finalLink": ""
    },
    {
        "date": "1989-08-31",
        "symbol": "WOR",
        "reportedCurrency": "USD",
        "cik": "0000108516",
        "fillingDate": "1989-08-31",
        "acceptedDate": "1989-08-30 20:00:00",
        "calendarYear": "1990",
        "period": "Q1",
        "revenue": 213000000,
        "costOfRevenue": 175600000,
        "grossProfit": 37400000,
        "grossProfitRatio": 0.1755868545,
        "researchAndDevelopmentExpenses": 0,
        "generalAndAdministrativeExpenses": 0,
        "sellingAndMarketingExpenses": 0,
        "sellingGeneralAndAdministrativeExpenses": 12700000,
        "otherExpenses": 5200000,
        "operatingExpenses": 17900000,
        "costAndExpenses": 193500000,
        "interestIncome": 0,
        "interestExpense": 0,
        "depreciationAndAmortization": 5200000,
        "ebitda": 24700000,
        "ebitdaratio": 0.1159624413,
        "operatingIncome": 19500000,
        "operatingIncomeRatio": 0.0915492958,
        "totalOtherIncomeExpensesNet": -1200000,
        "incomeBeforeTax": 18300000,
        "incomeBeforeTaxRatio": 0.085915493,
        "incomeTaxExpense": 6800000,
        "netIncome": 11100000,
        "netIncomeRatio": 0.0521126761,
        "eps": 0.12,
        "epsdiluted": 0.12,
        "weightedAverageShsOut": 92500000,
        "weightedAverageShsOutDil": 92500000,
        "link": "",
        "finalLink": ""
    },
    {
        "date": "1989-05-31",
        "symbol": "WOR",
        "reportedCurrency": "USD",
        "cik": "0000108516",
        "fillingDate": "1989-05-31",
        "acceptedDate": "1989-05-30 20:00:00",
        "calendarYear": "1989",
        "period": "Q4",
        "revenue": 283800000,
        "costOfRevenue": 229100000,
        "grossProfit": 54700000,
        "grossProfitRatio": 0.1927413672,
        "researchAndDevelopmentExpenses": 0,
        "generalAndAdministrativeExpenses": 0,
        "sellingAndMarketingExpenses": 0,
        "sellingGeneralAndAdministrativeExpenses": 15200000,
        "otherExpenses": 5100000,
        "operatingExpenses": 20300000,
        "costAndExpenses": 249400000,
        "interestIncome": 0,
        "interestExpense": 0,
        "depreciationAndAmortization": 5100000,
        "ebitda": 39500000,
        "ebitdaratio": 0.1391825229,
        "operatingIncome": 34400000,
        "operatingIncomeRatio": 0.1212121212,
        "totalOtherIncomeExpensesNet": -1400000,
        "incomeBeforeTax": 33000000,
        "incomeBeforeTaxRatio": 0.1162790698,
        "incomeTaxExpense": 12200000,
        "netIncome": 20800000,
        "netIncomeRatio": 0.07329105,
        "eps": 0.22,
        "epsdiluted": 0.22,
        "weightedAverageShsOut": 92500000,
        "weightedAverageShsOutDil": 92500000,
        "link": "",
        "finalLink": ""
    },
    {
        "date": "1989-02-28",
        "symbol": "WOR",
        "reportedCurrency": "USD",
        "cik": "0000108516",
        "fillingDate": "1989-02-28",
        "acceptedDate": "1989-02-27 19:00:00",
        "calendarYear": "1989",
        "period": "Q3",
        "revenue": 251600000,
        "costOfRevenue": 205400000,
        "grossProfit": 46200000,
        "grossProfitRatio": 0.1836248013,
        "researchAndDevelopmentExpenses": 0,
        "generalAndAdministrativeExpenses": 0,
        "sellingAndMarketingExpenses": 0,
        "sellingGeneralAndAdministrativeExpenses": 14500000,
        "otherExpenses": 5200000,
        "operatingExpenses": 19700000,
        "costAndExpenses": 225100000,
        "interestIncome": 0,
        "interestExpense": 0,
        "depreciationAndAmortization": 5200000,
        "ebitda": 31700000,
        "ebitdaratio": 0.1259936407,
        "operatingIncome": 26500000,
        "operatingIncomeRatio": 0.1053259141,
        "totalOtherIncomeExpensesNet": -1300000,
        "incomeBeforeTax": 25200000,
        "incomeBeforeTaxRatio": 0.1001589825,
        "incomeTaxExpense": 9300000,
        "netIncome": 15900000,
        "netIncomeRatio": 0.0631955485,
        "eps": 0.17,
        "epsdiluted": 0.17,
        "weightedAverageShsOut": 93529412,
        "weightedAverageShsOutDil": 93529412,
        "link": "",
        "finalLink": ""
    },
    {
        "date": "1988-11-30",
        "symbol": "WOR",
        "reportedCurrency": "USD",
        "cik": "0000108516",
        "fillingDate": "1988-11-30",
        "acceptedDate": "1988-11-29 19:00:00",
        "calendarYear": "1989",
        "period": "Q2",
        "revenue": 244200000,
        "costOfRevenue": 0,
        "grossProfit": 244200000,
        "grossProfitRatio": 1,
        "researchAndDevelopmentExpenses": 0,
        "generalAndAdministrativeExpenses": 0,
        "sellingAndMarketingExpenses": 0,
        "sellingGeneralAndAdministrativeExpenses": 0,
        "otherExpenses": 0,
        "operatingExpenses": 0,
        "costAndExpenses": 0,
        "interestIncome": 0,
        "interestExpense": 0,
        "depreciationAndAmortization": 0,
        "ebitda": 244200000,
        "ebitdaratio": 1,
        "operatingIncome": 244200000,
        "operatingIncomeRatio": 1,
        "totalOtherIncomeExpensesNet": -244200000,
        "incomeBeforeTax": 0,
        "incomeBeforeTaxRatio": 0,
        "incomeTaxExpense": 0,
        "netIncome": 14600000,
        "netIncomeRatio": 0.0597870598,
        "eps": 0.16,
        "epsdiluted": 0.16,
        "weightedAverageShsOut": 91187000,
        "weightedAverageShsOutDil": 91187000,
        "link": "",
        "finalLink": ""
    },
    {
        "date": "1988-08-31",
        "symbol": "WOR",
        "reportedCurrency": "USD",
        "cik": "0000108516",
        "fillingDate": "1988-08-31",
        "acceptedDate": "1988-08-30 20:00:00",
        "calendarYear": "1989",
        "period": "Q1",
        "revenue": 226500000,
        "costOfRevenue": 0,
        "grossProfit": 226500000,
        "grossProfitRatio": 1,
        "researchAndDevelopmentExpenses": 0,
        "generalAndAdministrativeExpenses": 0,
        "sellingAndMarketingExpenses": 0,
        "sellingGeneralAndAdministrativeExpenses": 0,
        "otherExpenses": 0,
        "operatingExpenses": 0,
        "costAndExpenses": 0,
        "interestIncome": 0,
        "interestExpense": 0,
        "depreciationAndAmortization": 0,
        "ebitda": 226500000,
        "ebitdaratio": 1,
        "operatingIncome": 226500000,
        "operatingIncomeRatio": 1,
        "totalOtherIncomeExpensesNet": -226500000,
        "incomeBeforeTax": 0,
        "incomeBeforeTaxRatio": 0,
        "incomeTaxExpense": 0,
        "netIncome": 12900000,
        "netIncomeRatio": 0.0569536424,
        "eps": 0.14,
        "epsdiluted": 0.14,
        "weightedAverageShsOut": 91187000,
        "weightedAverageShsOutDil": 91187000,
        "link": "",
        "finalLink": ""
    },
    {
        "date": "1988-05-31",
        "symbol": "WOR",
        "reportedCurrency": "USD",
        "cik": "0000108516",
        "fillingDate": "1988-05-31",
        "acceptedDate": "1988-05-30 20:00:00",
        "calendarYear": "1988",
        "period": "Q4",
        "revenue": 263400000,
        "costOfRevenue": 0,
        "grossProfit": 263400000,
        "grossProfitRatio": 1,
        "researchAndDevelopmentExpenses": 0,
        "generalAndAdministrativeExpenses": 0,
        "sellingAndMarketingExpenses": 0,
        "sellingGeneralAndAdministrativeExpenses": 0,
        "otherExpenses": -809500000,
        "operatingExpenses": -809500000,
        "costAndExpenses": -809500000,
        "interestIncome": 0,
        "interestExpense": 0,
        "depreciationAndAmortization": 0,
        "ebitda": -546100000,
        "ebitdaratio": -2.0732725892,
        "operatingIncome": -546100000,
        "operatingIncomeRatio": -2.0732725892,
        "totalOtherIncomeExpensesNet": 546100000,
        "incomeBeforeTax": 0,
        "incomeBeforeTaxRatio": 0,
        "incomeTaxExpense": 0,
        "netIncome": 19500000,
        "netIncomeRatio": 0.0740318907,
        "eps": 0.2138462719,
        "epsdiluted": 0.2138462719,
        "weightedAverageShsOut": 91187000,
        "weightedAverageShsOutDil": 91187000,
        "link": "",
        "finalLink": ""
    },
    {
        "date": "1988-02-29",
        "symbol": "WOR",
        "reportedCurrency": "USD",
        "cik": "0000108516",
        "fillingDate": "1988-02-29",
        "acceptedDate": "1988-02-28 19:00:00",
        "calendarYear": "1988",
        "period": "Q3",
        "revenue": 226800000,
        "costOfRevenue": 0,
        "grossProfit": 226800000,
        "grossProfitRatio": 1,
        "researchAndDevelopmentExpenses": 0,
        "generalAndAdministrativeExpenses": 0,
        "sellingAndMarketingExpenses": 0,
        "sellingGeneralAndAdministrativeExpenses": 0,
        "otherExpenses": 0,
        "operatingExpenses": 0,
        "costAndExpenses": 0,
        "interestIncome": 0,
        "interestExpense": 0,
        "depreciationAndAmortization": 0,
        "ebitda": 226800000,
        "ebitdaratio": 1,
        "operatingIncome": 226800000,
        "operatingIncomeRatio": 1,
        "totalOtherIncomeExpensesNet": -226800000,
        "incomeBeforeTax": 0,
        "incomeBeforeTaxRatio": 0,
        "incomeTaxExpense": 0,
        "netIncome": 14400000,
        "netIncomeRatio": 0.0634920635,
        "eps": 0.15,
        "epsdiluted": 0.15,
        "weightedAverageShsOut": 91201000,
        "weightedAverageShsOutDil": 91201000,
        "link": "",
        "finalLink": ""
    },
    {
        "date": "1987-11-30",
        "symbol": "WOR",
        "reportedCurrency": "USD",
        "cik": "0000108516",
        "fillingDate": "1987-11-30",
        "acceptedDate": "1987-11-29 19:00:00",
        "calendarYear": "1988",
        "period": "Q2",
        "revenue": 215500000,
        "costOfRevenue": 0,
        "grossProfit": 215500000,
        "grossProfitRatio": 1,
        "researchAndDevelopmentExpenses": 0,
        "generalAndAdministrativeExpenses": 0,
        "sellingAndMarketingExpenses": 0,
        "sellingGeneralAndAdministrativeExpenses": 0,
        "otherExpenses": 0,
        "operatingExpenses": 0,
        "costAndExpenses": 0,
        "interestIncome": 0,
        "interestExpense": 0,
        "depreciationAndAmortization": 0,
        "ebitda": 215500000,
        "ebitdaratio": 1,
        "operatingIncome": 215500000,
        "operatingIncomeRatio": 1,
        "totalOtherIncomeExpensesNet": -215500000,
        "incomeBeforeTax": 0,
        "incomeBeforeTaxRatio": 0,
        "incomeTaxExpense": 0,
        "netIncome": 12100000,
        "netIncomeRatio": 0.0561484919,
        "eps": 0.13,
        "epsdiluted": 0.13,
        "weightedAverageShsOut": 93138000,
        "weightedAverageShsOutDil": 93138000,
        "link": "",
        "finalLink": ""
    },
    {
        "date": "1987-08-31",
        "symbol": "WOR",
        "reportedCurrency": "USD",
        "cik": "0000108516",
        "fillingDate": "1987-08-31",
        "acceptedDate": "1987-08-30 20:00:00",
        "calendarYear": "1988",
        "period": "Q1",
        "revenue": 198400000,
        "costOfRevenue": 0,
        "grossProfit": 198400000,
        "grossProfitRatio": 1,
        "researchAndDevelopmentExpenses": 0,
        "generalAndAdministrativeExpenses": 0,
        "sellingAndMarketingExpenses": 0,
        "sellingGeneralAndAdministrativeExpenses": 0,
        "otherExpenses": 0,
        "operatingExpenses": 0,
        "costAndExpenses": 0,
        "interestIncome": 0,
        "interestExpense": 0,
        "depreciationAndAmortization": 0,
        "ebitda": 198400000,
        "ebitdaratio": 1,
        "operatingIncome": 198400000,
        "operatingIncomeRatio": 1,
        "totalOtherIncomeExpensesNet": -198400000,
        "incomeBeforeTax": 0,
        "incomeBeforeTaxRatio": 0,
        "incomeTaxExpense": 0,
        "netIncome": 9300000,
        "netIncomeRatio": 0.046875,
        "eps": 0.1,
        "epsdiluted": 0.1,
        "weightedAverageShsOut": 93148000,
        "weightedAverageShsOutDil": 93148000,
        "link": "",
        "finalLink": ""
    },
    {
        "date": "1987-05-31",
        "symbol": "WOR",
        "reportedCurrency": "USD",
        "cik": "0000108516",
        "fillingDate": "1987-05-31",
        "acceptedDate": "1987-05-30 20:00:00",
        "calendarYear": "1987",
        "period": "Q4",
        "revenue": 230600000,
        "costOfRevenue": 0,
        "grossProfit": 230600000,
        "grossProfitRatio": 1,
        "researchAndDevelopmentExpenses": 0,
        "generalAndAdministrativeExpenses": 0,
        "sellingAndMarketingExpenses": 0,
        "sellingGeneralAndAdministrativeExpenses": 0,
        "otherExpenses": -736300000,
        "operatingExpenses": -736300000,
        "costAndExpenses": -736300000,
        "interestIncome": 0,
        "interestExpense": 0,
        "depreciationAndAmortization": 0,
        "ebitda": -505700000,
        "ebitdaratio": -2.1929748482,
        "operatingIncome": -505700000,
        "operatingIncomeRatio": -2.1929748482,
        "totalOtherIncomeExpensesNet": 505700000,
        "incomeBeforeTax": 0,
        "incomeBeforeTaxRatio": 0,
        "incomeTaxExpense": 0,
        "netIncome": 14800000,
        "netIncomeRatio": 0.064180399,
        "eps": 0.1588869326,
        "epsdiluted": 0.1588869326,
        "weightedAverageShsOut": 93148000,
        "weightedAverageShsOutDil": 93148000,
        "link": "",
        "finalLink": ""
    },
    {
        "date": "1987-02-28",
        "symbol": "WOR",
        "reportedCurrency": "USD",
        "cik": "0000108516",
        "fillingDate": "1987-02-28",
        "acceptedDate": "1987-02-27 19:00:00",
        "calendarYear": "1987",
        "period": "Q3",
        "revenue": 202800000,
        "costOfRevenue": 0,
        "grossProfit": 202800000,
        "grossProfitRatio": 1,
        "researchAndDevelopmentExpenses": 0,
        "generalAndAdministrativeExpenses": 0,
        "sellingAndMarketingExpenses": 0,
        "sellingGeneralAndAdministrativeExpenses": 0,
        "otherExpenses": 0,
        "operatingExpenses": 0,
        "costAndExpenses": 0,
        "interestIncome": 0,
        "interestExpense": 0,
        "depreciationAndAmortization": 0,
        "ebitda": 202800000,
        "ebitdaratio": 1,
        "operatingIncome": 202800000,
        "operatingIncomeRatio": 1,
        "totalOtherIncomeExpensesNet": -202800000,
        "incomeBeforeTax": 0,
        "incomeBeforeTaxRatio": 0,
        "incomeTaxExpense": 0,
        "netIncome": 10000000,
        "netIncomeRatio": 0.0493096647,
        "eps": 0.11,
        "epsdiluted": 0.11,
        "weightedAverageShsOut": 93214000,
        "weightedAverageShsOutDil": 93214000,
        "link": "",
        "finalLink": ""
    },
    {
        "date": "1986-11-30",
        "symbol": "WOR",
        "reportedCurrency": "USD",
        "cik": "0000108516",
        "fillingDate": "1986-11-30",
        "acceptedDate": "1986-11-29 19:00:00",
        "calendarYear": "1987",
        "period": "Q2",
        "revenue": 197100000,
        "costOfRevenue": 0,
        "grossProfit": 197100000,
        "grossProfitRatio": 1,
        "researchAndDevelopmentExpenses": 0,
        "generalAndAdministrativeExpenses": 0,
        "sellingAndMarketingExpenses": 0,
        "sellingGeneralAndAdministrativeExpenses": 0,
        "otherExpenses": 0,
        "operatingExpenses": 0,
        "costAndExpenses": 0,
        "interestIncome": 0,
        "interestExpense": 0,
        "depreciationAndAmortization": 0,
        "ebitda": 197100000,
        "ebitdaratio": 1,
        "operatingIncome": 197100000,
        "operatingIncomeRatio": 1,
        "totalOtherIncomeExpensesNet": -197100000,
        "incomeBeforeTax": 0,
        "incomeBeforeTaxRatio": 0,
        "incomeTaxExpense": 0,
        "netIncome": 8300000,
        "netIncomeRatio": 0.0421106038,
        "eps": 0.09,
        "epsdiluted": 0.09,
        "weightedAverageShsOut": 93214000,
        "weightedAverageShsOutDil": 93214000,
        "link": "",
        "finalLink": ""
    },
    {
        "date": "1986-08-31",
        "symbol": "WOR",
        "reportedCurrency": "USD",
        "cik": "0000108516",
        "fillingDate": "1986-08-31",
        "acceptedDate": "1986-08-30 20:00:00",
        "calendarYear": "1987",
        "period": "Q1",
        "revenue": 188300000,
        "costOfRevenue": 0,
        "grossProfit": 188300000,
        "grossProfitRatio": 1,
        "researchAndDevelopmentExpenses": 0,
        "generalAndAdministrativeExpenses": 0,
        "sellingAndMarketingExpenses": 0,
        "sellingGeneralAndAdministrativeExpenses": 0,
        "otherExpenses": 0,
        "operatingExpenses": 0,
        "costAndExpenses": 0,
        "interestIncome": 0,
        "interestExpense": 0,
        "depreciationAndAmortization": 0,
        "ebitda": 188300000,
        "ebitdaratio": 1,
        "operatingIncome": 188300000,
        "operatingIncomeRatio": 1,
        "totalOtherIncomeExpensesNet": -188300000,
        "incomeBeforeTax": 0,
        "incomeBeforeTaxRatio": 0,
        "incomeTaxExpense": 0,
        "netIncome": 9000000,
        "netIncomeRatio": 0.0477960701,
        "eps": 0.1,
        "epsdiluted": 0.1,
        "weightedAverageShsOut": 93121000,
        "weightedAverageShsOutDil": 93121000,
        "link": "",
        "finalLink": ""
    },
    {
        "date": "1986-05-31",
        "symbol": "WOR",
        "reportedCurrency": "USD",
        "cik": "0000108516",
        "fillingDate": "1986-05-31",
        "acceptedDate": "1986-05-30 20:00:00",
        "calendarYear": "1986",
        "period": "Q4",
        "revenue": 215100000,
        "costOfRevenue": 0,
        "grossProfit": 215100000,
        "grossProfitRatio": 1,
        "researchAndDevelopmentExpenses": 0,
        "generalAndAdministrativeExpenses": 0,
        "sellingAndMarketingExpenses": 0,
        "sellingGeneralAndAdministrativeExpenses": 0,
        "otherExpenses": -669000000,
        "operatingExpenses": -669000000,
        "costAndExpenses": -669000000,
        "interestIncome": 0,
        "interestExpense": 0,
        "depreciationAndAmortization": 0,
        "ebitda": -453900000,
        "ebitdaratio": -2.110181311,
        "operatingIncome": -453900000,
        "operatingIncomeRatio": -2.110181311,
        "totalOtherIncomeExpensesNet": 453900000,
        "incomeBeforeTax": 0,
        "incomeBeforeTaxRatio": 0,
        "incomeTaxExpense": 0,
        "netIncome": 14400000,
        "netIncomeRatio": 0.0669456067,
        "eps": 0.1546375146,
        "epsdiluted": 0.1546375146,
        "weightedAverageShsOut": 93121000,
        "weightedAverageShsOutDil": 93121000,
        "link": "",
        "finalLink": ""
    },
    {
        "date": "1986-02-28",
        "symbol": "WOR",
        "reportedCurrency": "USD",
        "cik": "0000108516",
        "fillingDate": "1986-02-28",
        "acceptedDate": "1986-02-27 19:00:00",
        "calendarYear": "1986",
        "period": "Q3",
        "revenue": 184600000,
        "costOfRevenue": 0,
        "grossProfit": 184600000,
        "grossProfitRatio": 1,
        "researchAndDevelopmentExpenses": 0,
        "generalAndAdministrativeExpenses": 0,
        "sellingAndMarketingExpenses": 0,
        "sellingGeneralAndAdministrativeExpenses": 0,
        "otherExpenses": 0,
        "operatingExpenses": 0,
        "costAndExpenses": 0,
        "interestIncome": 0,
        "interestExpense": 0,
        "depreciationAndAmortization": 0,
        "ebitda": 184600000,
        "ebitdaratio": 1,
        "operatingIncome": 184600000,
        "operatingIncomeRatio": 1,
        "totalOtherIncomeExpensesNet": -184600000,
        "incomeBeforeTax": 0,
        "incomeBeforeTaxRatio": 0,
        "incomeTaxExpense": 0,
        "netIncome": 10100000,
        "netIncomeRatio": 0.0547128927,
        "eps": 0.11,
        "epsdiluted": 0.11,
        "weightedAverageShsOut": 93049000,
        "weightedAverageShsOutDil": 93049000,
        "link": "",
        "finalLink": ""
    },
    {
        "date": "1985-11-30",
        "symbol": "WOR",
        "reportedCurrency": "USD",
        "cik": "0000108516",
        "fillingDate": "1985-11-30",
        "acceptedDate": "1985-11-29 19:00:00",
        "calendarYear": "1986",
        "period": "Q2",
        "revenue": 180100000,
        "costOfRevenue": 0,
        "grossProfit": 180100000,
        "grossProfitRatio": 1,
        "researchAndDevelopmentExpenses": 0,
        "generalAndAdministrativeExpenses": 0,
        "sellingAndMarketingExpenses": 0,
        "sellingGeneralAndAdministrativeExpenses": 0,
        "otherExpenses": 0,
        "operatingExpenses": 0,
        "costAndExpenses": 0,
        "interestIncome": 0,
        "interestExpense": 0,
        "depreciationAndAmortization": 0,
        "ebitda": 180100000,
        "ebitdaratio": 1,
        "operatingIncome": 180100000,
        "operatingIncomeRatio": 1,
        "totalOtherIncomeExpensesNet": -180100000,
        "incomeBeforeTax": 0,
        "incomeBeforeTaxRatio": 0,
        "incomeTaxExpense": 0,
        "netIncome": 9200000,
        "netIncomeRatio": 0.0510827318,
        "eps": 0.1,
        "epsdiluted": 0.1,
        "weightedAverageShsOut": 93049000,
        "weightedAverageShsOutDil": 93049000,
        "link": "",
        "finalLink": ""
    },
    {
        "date": "1985-08-31",
        "symbol": "WOR",
        "reportedCurrency": "USD",
        "cik": "0000108516",
        "fillingDate": "1985-08-31",
        "acceptedDate": "1985-08-30 20:00:00",
        "calendarYear": "1986",
        "period": "Q1",
        "revenue": 174600000,
        "costOfRevenue": 0,
        "grossProfit": 174600000,
        "grossProfitRatio": 1,
        "researchAndDevelopmentExpenses": 0,
        "generalAndAdministrativeExpenses": 0,
        "sellingAndMarketingExpenses": 0,
        "sellingGeneralAndAdministrativeExpenses": 0,
        "otherExpenses": 0,
        "operatingExpenses": 0,
        "costAndExpenses": 0,
        "interestIncome": 0,
        "interestExpense": 0,
        "depreciationAndAmortization": 0,
        "ebitda": 174600000,
        "ebitdaratio": 1,
        "operatingIncome": 174600000,
        "operatingIncomeRatio": 1,
        "totalOtherIncomeExpensesNet": -174600000,
        "incomeBeforeTax": 0,
        "incomeBeforeTaxRatio": 0,
        "incomeTaxExpense": 0,
        "netIncome": 8300000,
        "netIncomeRatio": 0.0475372279,
        "eps": 0.09,
        "epsdiluted": 0.09,
        "weightedAverageShsOut": 92994000,
        "weightedAverageShsOutDil": 92994000,
        "link": "",
        "finalLink": ""
    }
]