[
    {
        "date": "2025-06-30",
        "symbol": "WPM",
        "reportedCurrency": "USD",
        "cik": "0001323404",
        "fillingDate": "2025-08-08",
        "acceptedDate": "2025-08-07 18:44:50",
        "calendarYear": "2025",
        "period": "Q2",
        "revenue": 503218000,
        "costOfRevenue": 150171000,
        "grossProfit": 353047000,
        "grossProfitRatio": 0.7015786399,
        "researchAndDevelopmentExpenses": 0,
        "generalAndAdministrativeExpenses": 20404000,
        "sellingAndMarketingExpenses": 0,
        "sellingGeneralAndAdministrativeExpenses": 20404000,
        "otherExpenses": 2948000,
        "operatingExpenses": 23352000,
        "costAndExpenses": 173523000,
        "interestIncome": 8594316,
        "interestExpense": 1450513,
        "depreciationAndAmortization": 75322000,
        "ebitda": 413436000,
        "ebitdaratio": 0.8215842836,
        "operatingIncome": 329695000,
        "operatingIncomeRatio": 0.6551733046,
        "totalOtherIncomeExpensesNet": 8309000,
        "incomeBeforeTax": 338004000,
        "incomeBeforeTaxRatio": 0.6716850351,
        "incomeTaxExpense": 45734000,
        "netIncome": 292270000,
        "netIncomeRatio": 0.5808019586,
        "eps": 0.64,
        "epsdiluted": 0.64,
        "weightedAverageShsOut": 453889000,
        "weightedAverageShsOutDil": 454663000,
        "link": "https://www.sec.gov/Archives/edgar/data/1323404/000119312525175629/0001193125-25-175629-index.htm",
        "finalLink": "https://www.sec.gov/Archives/edgar/data/1323404/000119312525175629/d47627dex991.htm"
    },
    {
        "date": "2025-03-31",
        "symbol": "WPM",
        "reportedCurrency": "USD",
        "cik": "0001323404",
        "fillingDate": "2025-05-09",
        "acceptedDate": "2025-05-08 18:27:02",
        "calendarYear": "2025",
        "period": "Q1",
        "revenue": 470411000,
        "costOfRevenue": 151328000,
        "grossProfit": 319083000,
        "grossProfitRatio": 0.6783068423,
        "researchAndDevelopmentExpenses": 0,
        "generalAndAdministrativeExpenses": 24783000,
        "sellingAndMarketingExpenses": 0,
        "sellingGeneralAndAdministrativeExpenses": 24783000,
        "otherExpenses": 3616000,
        "operatingExpenses": 28399000,
        "costAndExpenses": 179727000,
        "interestIncome": 8780389,
        "interestExpense": 1436646,
        "depreciationAndAmortization": 76994000,
        "ebitda": 373848000,
        "ebitdaratio": 0.7947263138,
        "operatingIncome": 290684000,
        "operatingIncomeRatio": 0.6179362302,
        "totalOtherIncomeExpensesNet": 6079000,
        "incomeBeforeTax": 296763000,
        "incomeBeforeTaxRatio": 0.6308589723,
        "incomeTaxExpense": 42779000,
        "netIncome": 253984000,
        "netIncomeRatio": 0.5399193471,
        "eps": 0.56,
        "epsdiluted": 0.56,
        "weightedAverageShsOut": 453692000,
        "weightedAverageShsOutDil": 454428000,
        "link": "https://www.sec.gov/Archives/edgar/data/1323404/000119312525116134/0001193125-25-116134-index.htm",
        "finalLink": "https://www.sec.gov/Archives/edgar/data/1323404/000119312525116134/d949065dex991.htm"
    },
    {
        "date": "2024-12-31",
        "symbol": "WPM",
        "reportedCurrency": "USD",
        "cik": "0001323404",
        "fillingDate": "2025-03-31",
        "acceptedDate": "2025-03-31 17:09:02",
        "calendarYear": "2024",
        "period": "Q4",
        "revenue": 380516000,
        "costOfRevenue": 133109000,
        "grossProfit": 247407000,
        "grossProfitRatio": 0.6501881655,
        "researchAndDevelopmentExpenses": 0,
        "generalAndAdministrativeExpenses": 16157000,
        "sellingAndMarketingExpenses": 0,
        "sellingGeneralAndAdministrativeExpenses": 16157000,
        "otherExpenses": 113629000,
        "operatingExpenses": 129786000,
        "costAndExpenses": 262895000,
        "interestIncome": 7701349,
        "interestExpense": 1364377,
        "depreciationAndAmortization": 69192000,
        "ebitda": 194615000,
        "ebitdaratio": 0.5114502413,
        "operatingIncome": 117621000,
        "operatingIncomeRatio": 0.3091092096,
        "totalOtherIncomeExpensesNet": 7734000,
        "incomeBeforeTax": 125355000,
        "incomeBeforeTaxRatio": 0.3294342419,
        "incomeTaxExpense": 37208000,
        "netIncome": 88147000,
        "netIncomeRatio": 0.2316512315,
        "eps": 0.19,
        "epsdiluted": 0.19,
        "weightedAverageShsOut": 453669000,
        "weightedAverageShsOutDil": 454361000,
        "link": "https://www.sec.gov/Archives/edgar/data/1323404/000119312525068900/0001193125-25-068900-index.htm",
        "finalLink": "https://www.sec.gov/Archives/edgar/data/1323404/000119312525068900/d893628d40f.htm"
    },
    {
        "date": "2024-09-30",
        "symbol": "WPM",
        "reportedCurrency": "USD",
        "cik": "0001323404",
        "fillingDate": "2024-11-07",
        "acceptedDate": "2024-11-07 17:24:43",
        "calendarYear": "2024",
        "period": "Q3",
        "revenue": 308253000,
        "costOfRevenue": 110840000,
        "grossProfit": 197413000,
        "grossProfitRatio": 0.6404252351,
        "researchAndDevelopmentExpenses": 0,
        "generalAndAdministrativeExpenses": 18596000,
        "sellingAndMarketingExpenses": 0,
        "sellingGeneralAndAdministrativeExpenses": 18596000,
        "otherExpenses": 2872000,
        "operatingExpenses": 21468000,
        "costAndExpenses": 132308000,
        "interestIncome": 6767000,
        "interestExpense": 1404000,
        "depreciationAndAmortization": 55887000,
        "ebitda": 238104000,
        "ebitdaratio": 0.7724304386,
        "operatingIncome": 175945000,
        "operatingIncomeRatio": 0.5707811441,
        "totalOtherIncomeExpensesNet": 6201000,
        "incomeBeforeTax": 182146000,
        "incomeBeforeTaxRatio": 0.5908977366,
        "incomeTaxExpense": 27511000,
        "netIncome": 154635000,
        "netIncomeRatio": 0.501649619,
        "eps": 0.34,
        "epsdiluted": 0.34,
        "weightedAverageShsOut": 454302000,
        "weightedAverageShsOutDil": 454302000,
        "link": "https://www.sec.gov/Archives/edgar/data/1323404/000132340424000004/0001323404-24-000004-index.htm",
        "finalLink": "https://www.sec.gov/Archives/edgar/data/1323404/000132340424000004/wpm6kexhibit99-1.htm"
    },
    {
        "date": "2024-06-30",
        "symbol": "WPM",
        "reportedCurrency": "USD",
        "cik": "0001323404",
        "fillingDate": "2024-06-30",
        "acceptedDate": "2024-06-29 20:00:00",
        "calendarYear": "2024",
        "period": "Q2",
        "revenue": 299064000,
        "costOfRevenue": 112872000,
        "grossProfit": 186192000,
        "grossProfitRatio": 0.6225824573,
        "researchAndDevelopmentExpenses": 0,
        "generalAndAdministrativeExpenses": 15826000,
        "sellingAndMarketingExpenses": 0,
        "sellingGeneralAndAdministrativeExpenses": 15826000,
        "otherExpenses": 1359000,
        "operatingExpenses": 17185000,
        "costAndExpenses": 130057000,
        "interestIncome": 4395093,
        "interestExpense": 1298732,
        "depreciationAndAmortization": 59211000,
        "ebitda": 232113000,
        "ebitdaratio": 0.7761315304,
        "operatingIncome": 169007000,
        "operatingIncomeRatio": 0.5651198406,
        "totalOtherIncomeExpensesNet": 3823000,
        "incomeBeforeTax": 172830000,
        "incomeBeforeTaxRatio": 0.5779030575,
        "incomeTaxExpense": 50513000,
        "netIncome": 122317000,
        "netIncomeRatio": 0.4089994115,
        "eps": 0.27,
        "epsdiluted": 0.27,
        "weightedAverageShsOut": 453430000,
        "weightedAverageShsOutDil": 454104000,
        "link": null,
        "finalLink": null
    },
    {
        "date": "2024-03-31",
        "symbol": "WPM",
        "reportedCurrency": "USD",
        "cik": "0001323404",
        "fillingDate": "2024-03-31",
        "acceptedDate": "2024-03-31 00:00:00",
        "calendarYear": "2024",
        "period": "Q1",
        "revenue": 296806000,
        "costOfRevenue": 125231000,
        "grossProfit": 171575000,
        "grossProfitRatio": 0.578071198,
        "researchAndDevelopmentExpenses": 0,
        "generalAndAdministrativeExpenses": 10988000,
        "sellingAndMarketingExpenses": 0,
        "sellingGeneralAndAdministrativeExpenses": 10988000,
        "otherExpenses": 2327000,
        "operatingExpenses": 13315000,
        "costAndExpenses": 138546000,
        "interestIncome": 5712368,
        "interestExpense": 1435558,
        "depreciationAndAmortization": 64013000,
        "ebitda": 228101000,
        "ebitdaratio": 0.7685188305,
        "operatingIncome": 158260000,
        "operatingIncomeRatio": 0.5332102451,
        "totalOtherIncomeExpensesNet": 5754000,
        "incomeBeforeTax": 164014000,
        "incomeBeforeTaxRatio": 0.5525966456,
        "incomeTaxExpense": -27000,
        "netIncome": 164041000,
        "netIncomeRatio": 0.5526876141,
        "eps": 0.36,
        "epsdiluted": 0.36,
        "weightedAverageShsOut": 453094000,
        "weightedAverageShsOutDil": 453666000,
        "link": null,
        "finalLink": null
    },
    {
        "date": "2023-12-31",
        "symbol": "WPM",
        "reportedCurrency": "USD",
        "cik": "0001323404",
        "fillingDate": "2024-03-15",
        "acceptedDate": "2024-03-14 17:49:03",
        "calendarYear": "2023",
        "period": "Q4",
        "revenue": 313472000,
        "costOfRevenue": 136284000,
        "grossProfit": 177188000,
        "grossProfitRatio": 0.5652434667,
        "researchAndDevelopmentExpenses": 0,
        "generalAndAdministrativeExpenses": 15282000,
        "sellingAndMarketingExpenses": 0,
        "sellingGeneralAndAdministrativeExpenses": 15282000,
        "otherExpenses": 2695000,
        "operatingExpenses": 17977000,
        "costAndExpenses": 154261000,
        "interestIncome": 10186979,
        "interestExpense": 1408892,
        "depreciationAndAmortization": 68895000,
        "ebitda": 234120000,
        "ebitdaratio": 0.7468609637,
        "operatingIncome": 159211000,
        "operatingIncomeRatio": 0.507895442,
        "totalOtherIncomeExpensesNet": 5938000,
        "incomeBeforeTax": 165149000,
        "incomeBeforeTaxRatio": 0.5268381227,
        "incomeTaxExpense": -3286000,
        "netIncome": 168435000,
        "netIncomeRatio": 0.5373207176,
        "eps": 0.38,
        "epsdiluted": 0.38,
        "weightedAverageShsOut": 453010000,
        "weightedAverageShsOutDil": 453611000,
        "link": "https://www.sec.gov/Archives/edgar/data/1323404/000119312524068114/0001193125-24-068114-index.htm",
        "finalLink": "https://www.sec.gov/Archives/edgar/data/1323404/000119312524068114/d753107dex991.htm"
    },
    {
        "date": "2023-09-30",
        "symbol": "WPM",
        "reportedCurrency": "USD",
        "cik": "0001323404",
        "fillingDate": "2023-11-09",
        "acceptedDate": "2023-11-09 17:22:16",
        "calendarYear": "2023",
        "period": "Q3",
        "revenue": 223137000,
        "costOfRevenue": 96243000,
        "grossProfit": 126894000,
        "grossProfitRatio": 0.5686820205,
        "researchAndDevelopmentExpenses": 0,
        "generalAndAdministrativeExpenses": 12490000,
        "sellingAndMarketingExpenses": 0,
        "sellingGeneralAndAdministrativeExpenses": 12490000,
        "otherExpenses": 2188000,
        "operatingExpenses": 14678000,
        "costAndExpenses": 110921000,
        "interestIncome": 9712084,
        "interestExpense": 1389133,
        "depreciationAndAmortization": 46784000,
        "ebitda": 168378000,
        "ebitdaratio": 0.7545947109,
        "operatingIncome": 112216000,
        "operatingIncomeRatio": 0.5029018047,
        "totalOtherIncomeExpensesNet": 9300000,
        "incomeBeforeTax": 121516000,
        "incomeBeforeTaxRatio": 0.5445802355,
        "incomeTaxExpense": 5145000,
        "netIncome": 116371000,
        "netIncomeRatio": 0.521522652,
        "eps": 0.25,
        "epsdiluted": 0.25,
        "weightedAverageShsOut": 452975000,
        "weightedAverageShsOutDil": 453538000,
        "link": "https://www.sec.gov/Archives/edgar/data/1323404/000132340423000006/0001323404-23-000006-index.htm",
        "finalLink": "https://www.sec.gov/Archives/edgar/data/1323404/000132340423000006/wpm6kexhibit99-1.htm"
    },
    {
        "date": "2023-06-30",
        "symbol": "WPM",
        "reportedCurrency": "USD",
        "cik": "0001323404",
        "fillingDate": "2023-08-11",
        "acceptedDate": "2023-08-10 17:44:06",
        "calendarYear": "2023",
        "period": "Q2",
        "revenue": 264972000,
        "costOfRevenue": 113116000,
        "grossProfit": 151856000,
        "grossProfitRatio": 0.5731020636,
        "researchAndDevelopmentExpenses": 0,
        "generalAndAdministrativeExpenses": 14113000,
        "sellingAndMarketingExpenses": 0,
        "sellingGeneralAndAdministrativeExpenses": 14113000,
        "otherExpenses": 2527000,
        "operatingExpenses": 16640000,
        "costAndExpenses": 129756000,
        "interestIncome": 8289002,
        "interestExpense": 1369848,
        "depreciationAndAmortization": 54857000,
        "ebitda": 202476000,
        "ebitdaratio": 0.7641411168,
        "operatingIncome": 135216000,
        "operatingIncomeRatio": 0.5103029754,
        "totalOtherIncomeExpensesNet": 12367000,
        "incomeBeforeTax": 147583000,
        "incomeBeforeTaxRatio": 0.5569758314,
        "incomeTaxExpense": 6135000,
        "netIncome": 141448000,
        "netIncomeRatio": 0.5338224416,
        "eps": 0.32,
        "epsdiluted": 0.32,
        "weightedAverageShsOut": 452892000,
        "weightedAverageShsOutDil": 453575000,
        "link": "https://www.sec.gov/Archives/edgar/data/1323404/000119312523209218/0001193125-23-209218-index.htm",
        "finalLink": "https://www.sec.gov/Archives/edgar/data/1323404/000119312523209218/d730946dex991.htm"
    },
    {
        "date": "2023-03-31",
        "symbol": "WPM",
        "reportedCurrency": "USD",
        "cik": "0001323404",
        "fillingDate": "2023-03-31",
        "acceptedDate": "2023-03-31 00:00:00",
        "calendarYear": "2023",
        "period": "Q1",
        "revenue": 214465000,
        "costOfRevenue": 96964000,
        "grossProfit": 117501000,
        "grossProfitRatio": 0.5478796074,
        "researchAndDevelopmentExpenses": 0,
        "generalAndAdministrativeExpenses": 16457000,
        "sellingAndMarketingExpenses": 0,
        "sellingGeneralAndAdministrativeExpenses": 16457000,
        "otherExpenses": 2417000,
        "operatingExpenses": 18874000,
        "costAndExpenses": 115838000,
        "interestIncome": 6931527,
        "interestExpense": 1378000,
        "depreciationAndAmortization": 45390000,
        "ebitda": 150218000,
        "ebitdaratio": 0.7004313058,
        "operatingIncome": 98627000,
        "operatingIncomeRatio": 0.4598745716,
        "totalOtherIncomeExpensesNet": 6184000,
        "incomeBeforeTax": 104811000,
        "incomeBeforeTaxRatio": 0.4887091134,
        "incomeTaxExpense": -6580000,
        "netIncome": 111391000,
        "netIncomeRatio": 0.5193901103,
        "eps": 0.25,
        "epsdiluted": 0.25,
        "weightedAverageShsOut": 452370000,
        "weightedAverageShsOutDil": 453159000,
        "link": null,
        "finalLink": null
    },
    {
        "date": "2022-12-31",
        "symbol": "WPM",
        "reportedCurrency": "USD",
        "cik": "0001323404",
        "fillingDate": "2023-03-09",
        "acceptedDate": "2023-03-09 17:27:00",
        "calendarYear": "2022",
        "period": "Q4",
        "revenue": 236051000,
        "costOfRevenue": 114870000,
        "grossProfit": 121181000,
        "grossProfitRatio": 0.5133678739,
        "researchAndDevelopmentExpenses": 0,
        "generalAndAdministrativeExpenses": 16369000,
        "sellingAndMarketingExpenses": 0,
        "sellingGeneralAndAdministrativeExpenses": 16369000,
        "otherExpenses": 5124000,
        "operatingExpenses": 21493000,
        "costAndExpenses": 136363000,
        "interestIncome": 3952962,
        "interestExpense": 1379080,
        "depreciationAndAmortization": 53535000,
        "ebitda": 207309000,
        "ebitdaratio": 0.8782381773,
        "operatingIncome": 99688000,
        "operatingIncomeRatio": 0.4223155166,
        "totalOtherIncomeExpensesNet": 54067000,
        "incomeBeforeTax": 153755000,
        "incomeBeforeTaxRatio": 0.6513634765,
        "incomeTaxExpense": -12370000,
        "netIncome": 166125000,
        "netIncomeRatio": 0.7037674062,
        "eps": 0.37,
        "epsdiluted": 0.37,
        "weightedAverageShsOut": 452070000,
        "weightedAverageShsOutDil": 452778000,
        "link": "https://www.sec.gov/Archives/edgar/data/1323404/000119312523066293/0001193125-23-066293-index.htm",
        "finalLink": "https://www.sec.gov/Archives/edgar/data/1323404/000119312523066293/d438994dex991.htm"
    },
    {
        "date": "2022-09-30",
        "symbol": "WPM",
        "reportedCurrency": "USD",
        "cik": "0001323404",
        "fillingDate": "2022-09-30",
        "acceptedDate": "2022-09-30 00:00:00",
        "calendarYear": "2022",
        "period": "Q3",
        "revenue": 218836000,
        "costOfRevenue": 116683000,
        "grossProfit": 102153000,
        "grossProfitRatio": 0.4668016231,
        "researchAndDevelopmentExpenses": 0,
        "generalAndAdministrativeExpenses": 7926000,
        "sellingAndMarketingExpenses": 0,
        "sellingGeneralAndAdministrativeExpenses": 7926000,
        "otherExpenses": -8413000,
        "operatingExpenses": -487000,
        "costAndExpenses": 116196000,
        "interestIncome": 1851000,
        "interestExpense": 22000,
        "depreciationAndAmortization": 56129000,
        "ebitda": 264617000,
        "ebitdaratio": 1.209202325,
        "operatingIncome": 102640000,
        "operatingIncomeRatio": 0.4690270339,
        "totalOtherIncomeExpensesNet": 105826000,
        "incomeBeforeTax": 208466000,
        "incomeBeforeTaxRatio": 0.9526129156,
        "incomeTaxExpense": 12006000,
        "netIncome": 196460000,
        "netIncomeRatio": 0.8977499132,
        "eps": 0.43,
        "epsdiluted": 0.43,
        "weightedAverageShsOut": 451757000,
        "weightedAverageShsOutDil": 452386000,
        "link": null,
        "finalLink": null
    },
    {
        "date": "2022-06-30",
        "symbol": "WPM",
        "reportedCurrency": "USD",
        "cik": "0001323404",
        "fillingDate": "2022-08-12",
        "acceptedDate": "2022-08-12 13:07:04",
        "calendarYear": "2022",
        "period": "Q2",
        "revenue": 302922000,
        "costOfRevenue": 140625000,
        "grossProfit": 162297000,
        "grossProfitRatio": 0.5357715848,
        "researchAndDevelopmentExpenses": 0,
        "generalAndAdministrativeExpenses": 10504000,
        "sellingAndMarketingExpenses": 0,
        "sellingGeneralAndAdministrativeExpenses": 10504000,
        "otherExpenses": 1949000,
        "operatingExpenses": 12453000,
        "costAndExpenses": 153078000,
        "interestIncome": 437242,
        "interestExpense": 1377166,
        "depreciationAndAmortization": 66080000,
        "ebitda": 215379000,
        "ebitdaratio": 0.7110048131,
        "operatingIncome": 149844000,
        "operatingIncomeRatio": 0.4946619922,
        "totalOtherIncomeExpensesNet": -569000,
        "incomeBeforeTax": 149275000,
        "incomeBeforeTaxRatio": 0.4927836209,
        "incomeTaxExpense": 201000,
        "netIncome": 149074000,
        "netIncomeRatio": 0.4921200837,
        "eps": 0.33,
        "epsdiluted": 0.33,
        "weightedAverageShsOut": 451524000,
        "weightedAverageShsOutDil": 452359000,
        "link": "https://www.sec.gov/Archives/edgar/data/1323404/000127956922001350/0001279569-22-001350-index.htm",
        "finalLink": "https://www.sec.gov/Archives/edgar/data/1323404/000127956922001350/ex991.htm"
    },
    {
        "date": "2022-03-31",
        "symbol": "WPM",
        "reportedCurrency": "USD",
        "cik": "0001323404",
        "fillingDate": "2022-03-31",
        "acceptedDate": "2022-03-31 00:00:00",
        "calendarYear": "2022",
        "period": "Q1",
        "revenue": 307244000,
        "costOfRevenue": 127396000,
        "grossProfit": 179848000,
        "grossProfitRatio": 0.5853588679,
        "researchAndDevelopmentExpenses": 0,
        "generalAndAdministrativeExpenses": 18595000,
        "sellingAndMarketingExpenses": 0,
        "sellingGeneralAndAdministrativeExpenses": 18595000,
        "otherExpenses": 1523000,
        "operatingExpenses": 20118000,
        "costAndExpenses": 147514000,
        "interestIncome": 83007,
        "interestExpense": 1439464,
        "depreciationAndAmortization": 57795000,
        "ebitda": 215959000,
        "ebitdaratio": 0.702890862,
        "operatingIncome": 159730000,
        "operatingIncomeRatio": 0.5198799651,
        "totalOtherIncomeExpensesNet": -1592000,
        "incomeBeforeTax": 158138000,
        "incomeBeforeTaxRatio": 0.5146984156,
        "incomeTaxExpense": 671000,
        "netIncome": 157467000,
        "netIncomeRatio": 0.5125144836,
        "eps": 0.35,
        "epsdiluted": 0.35,
        "weightedAverageShsOut": 450915000,
        "weightedAverageShsOutDil": 451953000,
        "link": null,
        "finalLink": null
    },
    {
        "date": "2021-12-31",
        "symbol": "WPM",
        "reportedCurrency": "USD",
        "cik": "0001323404",
        "fillingDate": "2022-03-11",
        "acceptedDate": "2022-03-10 17:35:07",
        "calendarYear": "2021",
        "period": "Q4",
        "revenue": 278197000,
        "costOfRevenue": 127525000,
        "grossProfit": 150672000,
        "grossProfitRatio": 0.5416018145,
        "researchAndDevelopmentExpenses": 0,
        "generalAndAdministrativeExpenses": 13681000,
        "sellingAndMarketingExpenses": 0,
        "sellingGeneralAndAdministrativeExpenses": 13681000,
        "otherExpenses": -153443000,
        "operatingExpenses": -139762000,
        "costAndExpenses": -12237000,
        "interestIncome": 75744,
        "interestExpense": 1502922,
        "depreciationAndAmortization": 59816000,
        "ebitda": 352352000,
        "ebitdaratio": 1.2665557141,
        "operatingIncome": 290434000,
        "operatingIncomeRatio": 1.0439868151,
        "totalOtherIncomeExpensesNet": 2074000,
        "incomeBeforeTax": 292508000,
        "incomeBeforeTaxRatio": 1.0514419638,
        "incomeTaxExpense": 686000,
        "netIncome": 291822000,
        "netIncomeRatio": 1.0489760853,
        "eps": 0.65,
        "epsdiluted": 0.65,
        "weightedAverageShsOut": 450326000,
        "weightedAverageShsOutDil": 451717000,
        "link": "https://www.sec.gov/Archives/edgar/data/1323404/000119312522072173/0001193125-22-072173-index.htm",
        "finalLink": "https://www.sec.gov/Archives/edgar/data/1323404/000119312522072173/d154651dex991.htm"
    },
    {
        "date": "2021-09-30",
        "symbol": "WPM",
        "reportedCurrency": "USD",
        "cik": "0001323404",
        "fillingDate": "2021-09-30",
        "acceptedDate": "2021-09-30 00:00:00",
        "calendarYear": "2021",
        "period": "Q3",
        "revenue": 268957000,
        "costOfRevenue": 117505000,
        "grossProfit": 151452000,
        "grossProfitRatio": 0.563108601,
        "researchAndDevelopmentExpenses": 0,
        "generalAndAdministrativeExpenses": 11660000,
        "sellingAndMarketingExpenses": 0,
        "sellingGeneralAndAdministrativeExpenses": 11660000,
        "otherExpenses": 1935000,
        "operatingExpenses": 13595000,
        "costAndExpenses": 131100000,
        "interestIncome": 67537,
        "interestExpense": 1369611,
        "depreciationAndAmortization": 55445000,
        "ebitda": 190845000,
        "ebitdaratio": 0.7095743929,
        "operatingIncome": 137857000,
        "operatingIncomeRatio": 0.5125614875,
        "totalOtherIncomeExpensesNet": -2487000,
        "incomeBeforeTax": 135370000,
        "incomeBeforeTaxRatio": 0.5033146562,
        "incomeTaxExpense": 433000,
        "netIncome": 134937000,
        "netIncomeRatio": 0.5017047335,
        "eps": 0.3,
        "epsdiluted": 0.3,
        "weightedAverageShsOut": 450326000,
        "weightedAverageShsOutDil": 451717000,
        "link": null,
        "finalLink": null
    },
    {
        "date": "2021-06-30",
        "symbol": "WPM",
        "reportedCurrency": "USD",
        "cik": "0001323404",
        "fillingDate": "2021-08-13",
        "acceptedDate": "2021-08-12 20:23:57",
        "calendarYear": "2021",
        "period": "Q2",
        "revenue": 330393000,
        "costOfRevenue": 148753000,
        "grossProfit": 181640000,
        "grossProfitRatio": 0.5497695169,
        "researchAndDevelopmentExpenses": 0,
        "generalAndAdministrativeExpenses": 16162000,
        "sellingAndMarketingExpenses": 0,
        "sellingGeneralAndAdministrativeExpenses": 16162000,
        "otherExpenses": 2303000,
        "operatingExpenses": 18465000,
        "costAndExpenses": 167218000,
        "interestIncome": 95000,
        "interestExpense": 1357000,
        "depreciationAndAmortization": 70775000,
        "ebitda": 236045000,
        "ebitdaratio": 0.7144370492,
        "operatingIncome": 163175000,
        "operatingIncomeRatio": 0.493881529,
        "totalOtherIncomeExpensesNet": 2063000,
        "incomeBeforeTax": 165238000,
        "incomeBeforeTaxRatio": 0.500125608,
        "incomeTaxExpense": -886000,
        "netIncome": 166124000,
        "netIncomeRatio": 0.5028072629,
        "eps": 0.37,
        "epsdiluted": 0.37,
        "weightedAverageShsOut": 450088000,
        "weightedAverageShsOutDil": 451203000,
        "link": "https://www.sec.gov/Archives/edgar/data/1323404/000119312521245047/0001193125-21-245047-index.htm",
        "finalLink": "https://www.sec.gov/Archives/edgar/data/1323404/000119312521245047/d157786dex991.htm"
    },
    {
        "date": "2021-03-31",
        "symbol": "WPM",
        "reportedCurrency": "USD",
        "cik": "0001323404",
        "fillingDate": "2021-04-08",
        "acceptedDate": "2021-04-08 11:28:07",
        "calendarYear": "2021",
        "period": "Q1",
        "revenue": 324119000,
        "costOfRevenue": 148956000,
        "grossProfit": 175163000,
        "grossProfitRatio": 0.5404280527,
        "researchAndDevelopmentExpenses": 0,
        "generalAndAdministrativeExpenses": 10986000,
        "sellingAndMarketingExpenses": 0,
        "sellingGeneralAndAdministrativeExpenses": 10986000,
        "otherExpenses": 985000,
        "operatingExpenses": 11971000,
        "costAndExpenses": 160927000,
        "interestIncome": 2015,
        "interestExpense": 1584750,
        "depreciationAndAmortization": 70649000,
        "ebitda": 232411000,
        "ebitdaratio": 0.7170545386,
        "operatingIncome": 163192000,
        "operatingIncomeRatio": 0.503494087,
        "totalOtherIncomeExpensesNet": -1692000,
        "incomeBeforeTax": 161500000,
        "incomeBeforeTaxRatio": 0.4982737822,
        "incomeTaxExpense": -502000,
        "netIncome": 162002000,
        "netIncomeRatio": 0.499822596,
        "eps": 0.36,
        "epsdiluted": 0.36,
        "weightedAverageShsOut": 449509000,
        "weightedAverageShsOutDil": 450600000,
        "link": "https://www.sec.gov/Archives/edgar/data/1323404/000119312521109817/0001193125-21-109817-index.htm",
        "finalLink": "https://www.sec.gov/Archives/edgar/data/1323404/000119312521109817/d115032dex991.htm"
    },
    {
        "date": "2020-12-31",
        "symbol": "WPM",
        "reportedCurrency": "USD",
        "cik": "0001323404",
        "fillingDate": "2021-03-12",
        "acceptedDate": "2021-03-11 18:00:03",
        "calendarYear": "2020",
        "period": "Q4",
        "revenue": 286212000,
        "costOfRevenue": 124310000,
        "grossProfit": 161902000,
        "grossProfitRatio": 0.5656716001,
        "researchAndDevelopmentExpenses": 0,
        "generalAndAdministrativeExpenses": 1710000,
        "sellingAndMarketingExpenses": 0,
        "sellingGeneralAndAdministrativeExpenses": 1710000,
        "otherExpenses": 7681000,
        "operatingExpenses": 9391000,
        "costAndExpenses": 133701000,
        "interestIncome": 229000,
        "interestExpense": 2196000,
        "depreciationAndAmortization": 60237000,
        "ebitda": 209229000,
        "ebitdaratio": 0.7310280491,
        "operatingIncome": 152511000,
        "operatingIncomeRatio": 0.5328602574,
        "totalOtherIncomeExpensesNet": -1366000,
        "incomeBeforeTax": 151145000,
        "incomeBeforeTaxRatio": 0.5280875715,
        "incomeTaxExpense": -6076000,
        "netIncome": 157221000,
        "netIncomeRatio": 0.5493165905,
        "eps": 0.35,
        "epsdiluted": 0.35,
        "weightedAverageShsOut": 449509000,
        "weightedAverageShsOutDil": 450600000,
        "link": "https://www.sec.gov/Archives/edgar/data/1323404/000119312521078086/0001193125-21-078086-index.htm",
        "finalLink": "https://www.sec.gov/Archives/edgar/data/1323404/000119312521078086/d139911dex991.htm"
    },
    {
        "date": "2020-09-30",
        "symbol": "WPM",
        "reportedCurrency": "USD",
        "cik": "0001323404",
        "fillingDate": "2020-11-10",
        "acceptedDate": "2020-11-09 18:52:33",
        "calendarYear": "2020",
        "period": "Q3",
        "revenue": 307268000,
        "costOfRevenue": 130720000,
        "grossProfit": 176548000,
        "grossProfitRatio": 0.5745733366,
        "researchAndDevelopmentExpenses": 0,
        "generalAndAdministrativeExpenses": 19132000,
        "sellingAndMarketingExpenses": 0,
        "sellingGeneralAndAdministrativeExpenses": 19132000,
        "otherExpenses": 2194000,
        "operatingExpenses": 21326000,
        "costAndExpenses": 152046000,
        "interestIncome": 23000,
        "interestExpense": 2766000,
        "depreciationAndAmortization": 61050000,
        "ebitda": 212677000,
        "ebitdaratio": 0.6921547314,
        "operatingIncome": 155222000,
        "operatingIncomeRatio": 0.5051681268,
        "totalOtherIncomeExpensesNet": -5390000,
        "incomeBeforeTax": 149832000,
        "incomeBeforeTaxRatio": 0.4876264369,
        "incomeTaxExpense": -43000,
        "netIncome": 149875000,
        "netIncomeRatio": 0.4877663798,
        "eps": 0.33,
        "epsdiluted": 0.33,
        "weightedAverageShsOut": 449125000,
        "weightedAverageShsOutDil": 451999000,
        "link": "https://www.sec.gov/Archives/edgar/data/1323404/000119312520289298/0001193125-20-289298-index.htm",
        "finalLink": "https://www.sec.gov/Archives/edgar/data/1323404/000119312520289298/d278311dex991.htm"
    },
    {
        "date": "2020-06-30",
        "symbol": "WPM",
        "reportedCurrency": "USD",
        "cik": "0001323404",
        "fillingDate": "2020-08-12",
        "acceptedDate": "2020-08-12 17:18:44",
        "calendarYear": "2020",
        "period": "Q2",
        "revenue": 247954000,
        "costOfRevenue": 123872000,
        "grossProfit": 124082000,
        "grossProfitRatio": 0.5004234656,
        "researchAndDevelopmentExpenses": 0,
        "generalAndAdministrativeExpenses": 21799000,
        "sellingAndMarketingExpenses": 0,
        "sellingGeneralAndAdministrativeExpenses": 21799000,
        "otherExpenses": 0,
        "operatingExpenses": 21799000,
        "costAndExpenses": 145671000,
        "interestIncome": 0,
        "interestExpense": 4636000,
        "depreciationAndAmortization": 59140000,
        "ebitda": 164789000,
        "ebitdaratio": 0.6645950459,
        "operatingIncome": 102283000,
        "operatingIncomeRatio": 0.4125079652,
        "totalOtherIncomeExpensesNet": -1270000,
        "incomeBeforeTax": 101013000,
        "incomeBeforeTaxRatio": 0.4073860474,
        "incomeTaxExpense": -4799000,
        "netIncome": 105812000,
        "netIncomeRatio": 0.4267404438,
        "eps": 0.24,
        "epsdiluted": 0.24,
        "weightedAverageShsOut": 448636000,
        "weightedAverageShsOutDil": 450042000,
        "link": "https://www.sec.gov/Archives/edgar/data/1323404/000119312520217791/0001193125-20-217791-index.htm",
        "finalLink": "https://www.sec.gov/Archives/edgar/data/1323404/000119312520217791/d36157dex991.htm"
    },
    {
        "date": "2020-03-31",
        "symbol": "WPM",
        "reportedCurrency": "USD",
        "cik": "0001323404",
        "fillingDate": "2020-04-03",
        "acceptedDate": "2020-04-03 14:38:41",
        "calendarYear": "2020",
        "period": "Q1",
        "revenue": 254789000,
        "costOfRevenue": 131749000,
        "grossProfit": 123040000,
        "grossProfitRatio": 0.4829093878,
        "researchAndDevelopmentExpenses": 0,
        "generalAndAdministrativeExpenses": 12329000,
        "sellingAndMarketingExpenses": 0,
        "sellingGeneralAndAdministrativeExpenses": 12329000,
        "otherExpenses": 852000,
        "operatingExpenses": 13181000,
        "costAndExpenses": 144930000,
        "interestIncome": 117000,
        "interestExpense": 5978000,
        "depreciationAndAmortization": 65352000,
        "ebitda": 174668000,
        "ebitdaratio": 0.6855397996,
        "operatingIncome": 109859000,
        "operatingIncomeRatio": 0.4311763852,
        "totalOtherIncomeExpensesNet": -6521000,
        "incomeBeforeTax": 103338000,
        "incomeBeforeTaxRatio": 0.4055826586,
        "incomeTaxExpense": 8442000,
        "netIncome": 94896000,
        "netIncomeRatio": 0.3724493601,
        "eps": 0.21,
        "epsdiluted": 0.21,
        "weightedAverageShsOut": 447805000,
        "weightedAverageShsOutDil": 448891000,
        "link": "https://www.sec.gov/Archives/edgar/data/1323404/000119312520097908/0001193125-20-097908-index.htm",
        "finalLink": "https://www.sec.gov/Archives/edgar/data/1323404/000119312520097908/d904892dex991.htm"
    },
    {
        "date": "2019-12-31",
        "symbol": "WPM",
        "reportedCurrency": "USD",
        "cik": "0001323404",
        "fillingDate": "2020-03-12",
        "acceptedDate": "2020-03-11 19:04:14",
        "calendarYear": "2019",
        "period": "Q4",
        "revenue": 223222000,
        "costOfRevenue": 127409000,
        "grossProfit": 95813000,
        "grossProfitRatio": 0.4292274059,
        "researchAndDevelopmentExpenses": 0,
        "generalAndAdministrativeExpenses": 10328000,
        "sellingAndMarketingExpenses": 0,
        "sellingGeneralAndAdministrativeExpenses": 10328000,
        "otherExpenses": 1368000,
        "operatingExpenses": 11696000,
        "costAndExpenses": 139105000,
        "interestIncome": 132333,
        "interestExpense": 9779424,
        "depreciationAndAmortization": 64140000,
        "ebitda": 146684000,
        "ebitdaratio": 0.6571216099,
        "operatingIncome": 84117000,
        "operatingIncomeRatio": 0.3768311367,
        "totalOtherIncomeExpensesNet": -10042000,
        "incomeBeforeTax": 74075000,
        "incomeBeforeTaxRatio": 0.3318445315,
        "incomeTaxExpense": -3448000,
        "netIncome": 77523000,
        "netIncomeRatio": 0.3472910376,
        "eps": 0.17,
        "epsdiluted": 0.17,
        "weightedAverageShsOut": 447805000,
        "weightedAverageShsOutDil": 448891000,
        "link": "https://www.sec.gov/Archives/edgar/data/1323404/000119312520070526/0001193125-20-070526-index.htm",
        "finalLink": "https://www.sec.gov/Archives/edgar/data/1323404/000119312520070526/d878245dex991.htm"
    },
    {
        "date": "2019-09-30",
        "symbol": "WPM",
        "reportedCurrency": "USD",
        "cik": "0001323404",
        "fillingDate": "2019-11-14",
        "acceptedDate": "2019-11-14 17:30:10",
        "calendarYear": "2019",
        "period": "Q3",
        "revenue": 223595000,
        "costOfRevenue": 128020000,
        "grossProfit": 95575000,
        "grossProfitRatio": 0.4274469465,
        "researchAndDevelopmentExpenses": 0,
        "generalAndAdministrativeExpenses": 14028000,
        "sellingAndMarketingExpenses": 0,
        "sellingGeneralAndAdministrativeExpenses": 14028000,
        "otherExpenses": 0,
        "operatingExpenses": 14028000,
        "costAndExpenses": 142048000,
        "interestIncome": 185523,
        "interestExpense": 11840569,
        "depreciationAndAmortization": 63845000,
        "ebitda": 148925000,
        "ebitdaratio": 0.6660479886,
        "operatingIncome": 81547000,
        "operatingIncomeRatio": 0.3647085132,
        "totalOtherIncomeExpensesNet": -8338000,
        "incomeBeforeTax": 73209000,
        "incomeBeforeTaxRatio": 0.3274178761,
        "incomeTaxExpense": -2751000,
        "netIncome": 75960000,
        "netIncomeRatio": 0.3397213712,
        "eps": 0.17,
        "epsdiluted": 0.17,
        "weightedAverageShsOut": 446802000,
        "weightedAverageShsOutDil": 447849000,
        "link": "https://www.sec.gov/Archives/edgar/data/1323404/000119312519292502/0001193125-19-292502-index.htm",
        "finalLink": "https://www.sec.gov/Archives/edgar/data/1323404/000119312519292502/d830530dex991.htm"
    },
    {
        "date": "2019-06-30",
        "symbol": "WPM",
        "reportedCurrency": "USD",
        "cik": "0001323404",
        "fillingDate": "2019-08-09",
        "acceptedDate": "2019-08-08 18:14:44",
        "calendarYear": "2019",
        "period": "Q2",
        "revenue": 189466000,
        "costOfRevenue": 122361000,
        "grossProfit": 67105000,
        "grossProfitRatio": 0.3541796417,
        "researchAndDevelopmentExpenses": 0,
        "generalAndAdministrativeExpenses": 12249000,
        "sellingAndMarketingExpenses": 0,
        "sellingGeneralAndAdministrativeExpenses": 12249000,
        "otherExpenses": 165912000,
        "operatingExpenses": 178161000,
        "costAndExpenses": 300522000,
        "interestIncome": 280536,
        "interestExpense": 13623447,
        "depreciationAndAmortization": 61871000,
        "ebitda": -52275000,
        "ebitdaratio": -0.2759070229,
        "operatingIncome": -111056000,
        "operatingIncomeRatio": -0.5861526606,
        "totalOtherIncomeExpensesNet": -16396000,
        "incomeBeforeTax": -127452000,
        "incomeBeforeTaxRatio": -0.6726906147,
        "incomeTaxExpense": -2758000,
        "netIncome": -124694000,
        "netIncomeRatio": -0.6581339132,
        "eps": -0.28,
        "epsdiluted": -0.28,
        "weightedAverageShsOut": 445769000,
        "weightedAverageShsOutDil": 446470000,
        "link": "https://www.sec.gov/Archives/edgar/data/1323404/000119312519217075/0001193125-19-217075-index.htm",
        "finalLink": "https://www.sec.gov/Archives/edgar/data/1323404/000119312519217075/d739924dex991.htm"
    },
    {
        "date": "2019-03-31",
        "symbol": "WPM",
        "reportedCurrency": "USD",
        "cik": "0001323404",
        "fillingDate": "2019-03-31",
        "acceptedDate": "2019-03-31 00:00:00",
        "calendarYear": "2019",
        "period": "Q1",
        "revenue": 225049000,
        "costOfRevenue": 137595000,
        "grossProfit": 87454000,
        "grossProfitRatio": 0.388599816,
        "researchAndDevelopmentExpenses": 0,
        "generalAndAdministrativeExpenses": 15567000,
        "sellingAndMarketingExpenses": 0,
        "sellingGeneralAndAdministrativeExpenses": 15567000,
        "otherExpenses": 968000,
        "operatingExpenses": 16535000,
        "costAndExpenses": 154130000,
        "interestIncome": 226000,
        "interestExpense": 13946000,
        "depreciationAndAmortization": 68874000,
        "ebitda": 139265000,
        "ebitdaratio": 0.6188207901,
        "operatingIncome": 70919000,
        "operatingIncomeRatio": 0.3151269279,
        "totalOtherIncomeExpensesNet": -13680000,
        "incomeBeforeTax": 57239000,
        "incomeBeforeTaxRatio": 0.2543401659,
        "incomeTaxExpense": -110000,
        "netIncome": 57349000,
        "netIncomeRatio": 0.2548289484,
        "eps": 0.13,
        "epsdiluted": 0.13,
        "weightedAverageShsOut": 444389000,
        "weightedAverageShsOutDil": 445121000,
        "link": null,
        "finalLink": null
    },
    {
        "date": "2018-12-31",
        "symbol": "WPM",
        "reportedCurrency": "USD",
        "cik": "0001323404",
        "fillingDate": "2019-03-21",
        "acceptedDate": "2019-03-20 18:10:42",
        "calendarYear": "2018",
        "period": "Q4",
        "revenue": 196591000,
        "costOfRevenue": 131442000,
        "grossProfit": 65149000,
        "grossProfitRatio": 0.331393604,
        "researchAndDevelopmentExpenses": 0,
        "generalAndAdministrativeExpenses": 20050000,
        "sellingAndMarketingExpenses": 0,
        "sellingGeneralAndAdministrativeExpenses": 20050000,
        "otherExpenses": 1093000,
        "operatingExpenses": 21143000,
        "costAndExpenses": 152585000,
        "interestIncome": 0,
        "interestExpense": 16884000,
        "depreciationAndAmortization": 68137000,
        "ebitda": 102126000,
        "ebitdaratio": 0.5194846153,
        "operatingIncome": 44006000,
        "operatingIncomeRatio": 0.2238454456,
        "totalOtherIncomeExpensesNet": -18505000,
        "incomeBeforeTax": 25501000,
        "incomeBeforeTaxRatio": 0.1297160094,
        "incomeTaxExpense": 18673000,
        "netIncome": 6828000,
        "netIncomeRatio": 0.0347320071,
        "eps": 0.015,
        "epsdiluted": 0.015,
        "weightedAverageShsOut": 444389000,
        "weightedAverageShsOutDil": 445121000,
        "link": "https://www.sec.gov/Archives/edgar/data/1323404/000119312519081031/0001193125-19-081031-index.htm",
        "finalLink": "https://www.sec.gov/Archives/edgar/data/1323404/000119312519081031/d682269dex991.htm"
    },
    {
        "date": "2018-09-30",
        "symbol": "WPM",
        "reportedCurrency": "USD",
        "cik": "0001323404",
        "fillingDate": "2018-09-30",
        "acceptedDate": "2018-09-30 00:00:00",
        "calendarYear": "2018",
        "period": "Q3",
        "revenue": 185769000,
        "costOfRevenue": 127886000,
        "grossProfit": 57883000,
        "grossProfitRatio": 0.3115858943,
        "researchAndDevelopmentExpenses": 0,
        "generalAndAdministrativeExpenses": 7818000,
        "sellingAndMarketingExpenses": 0,
        "sellingGeneralAndAdministrativeExpenses": 7818000,
        "otherExpenses": 961000,
        "operatingExpenses": 8779000,
        "costAndExpenses": 136665000,
        "interestIncome": 90000,
        "interestExpense": 12877000,
        "depreciationAndAmortization": 64974000,
        "ebitda": 111706000,
        "ebitdaratio": 0.601316689,
        "operatingIncome": 49104000,
        "operatingIncomeRatio": 0.2643282787,
        "totalOtherIncomeExpensesNet": -14178000,
        "incomeBeforeTax": 34926000,
        "incomeBeforeTaxRatio": 0.188007687,
        "incomeTaxExpense": 905000,
        "netIncome": 34021000,
        "netIncomeRatio": 0.1831360453,
        "eps": 0.08,
        "epsdiluted": 0.08,
        "weightedAverageShsOut": 443634000,
        "weightedAverageShsOutDil": 444120000,
        "link": null,
        "finalLink": null
    },
    {
        "date": "2018-06-30",
        "symbol": "WPM",
        "reportedCurrency": "USD",
        "cik": "0001323404",
        "fillingDate": "2018-06-30",
        "acceptedDate": "2018-06-30 00:00:00",
        "calendarYear": "2018",
        "period": "Q2",
        "revenue": 212400000,
        "costOfRevenue": 125074000,
        "grossProfit": 87326000,
        "grossProfitRatio": 0.4111393597,
        "researchAndDevelopmentExpenses": 0,
        "generalAndAdministrativeExpenses": 11300000,
        "sellingAndMarketingExpenses": 0,
        "sellingGeneralAndAdministrativeExpenses": 11300000,
        "otherExpenses": 672000,
        "operatingExpenses": 11972000,
        "costAndExpenses": 137046000,
        "interestIncome": 661000,
        "interestExpense": 5659000,
        "depreciationAndAmortization": 62727000,
        "ebitda": 383304000,
        "ebitdaratio": 1.8046327684,
        "operatingIncome": 75354000,
        "operatingIncomeRatio": 0.3547740113,
        "totalOtherIncomeExpensesNet": 239564000,
        "incomeBeforeTax": 314918000,
        "incomeBeforeTaxRatio": 1.4826647834,
        "incomeTaxExpense": -3224000,
        "netIncome": 318142000,
        "netIncomeRatio": 1.4978436911,
        "eps": 0.72,
        "epsdiluted": 0.72,
        "weightedAverageShsOut": 443191000,
        "weightedAverageShsOutDil": 443770000,
        "link": null,
        "finalLink": null
    },
    {
        "date": "2018-03-31",
        "symbol": "WPM",
        "reportedCurrency": "USD",
        "cik": "0001323404",
        "fillingDate": "2018-05-11",
        "acceptedDate": "2018-05-10 19:33:46",
        "calendarYear": "2018",
        "period": "Q1",
        "revenue": 199252000,
        "costOfRevenue": 113679000,
        "grossProfit": 85573000,
        "grossProfitRatio": 0.4294712224,
        "researchAndDevelopmentExpenses": 0,
        "generalAndAdministrativeExpenses": 8818000,
        "sellingAndMarketingExpenses": 0,
        "sellingGeneralAndAdministrativeExpenses": 8818000,
        "otherExpenses": 939000,
        "operatingExpenses": 9757000,
        "costAndExpenses": 123436000,
        "interestIncome": 183000,
        "interestExpense": 7107000,
        "depreciationAndAmortization": 57505000,
        "ebitda": 132250000,
        "ebitdaratio": 0.663732359,
        "operatingIncome": 75816000,
        "operatingIncomeRatio": 0.3805030815,
        "totalOtherIncomeExpensesNet": -8178000,
        "incomeBeforeTax": 67638000,
        "incomeBeforeTaxRatio": 0.3394595788,
        "incomeTaxExpense": -485000,
        "netIncome": 68123000,
        "netIncomeRatio": 0.3418936824,
        "eps": 0.15,
        "epsdiluted": 0.15,
        "weightedAverageShsOut": 442728000,
        "weightedAverageShsOutDil": 443181000,
        "link": "https://www.sec.gov/Archives/edgar/data/1323404/000132340418000015/0001323404-18-000015-index.htm",
        "finalLink": "https://www.sec.gov/Archives/edgar/data/1323404/000132340418000015/wpm6kexhibit99-1.htm"
    },
    {
        "date": "2017-12-31",
        "symbol": "WPM",
        "reportedCurrency": "USD",
        "cik": "0001323404",
        "fillingDate": "2018-03-22",
        "acceptedDate": "2018-03-21 18:36:55",
        "calendarYear": "2017",
        "period": "Q4",
        "revenue": 242546000,
        "costOfRevenue": 147108000,
        "grossProfit": 95438000,
        "grossProfitRatio": 0.3934841226,
        "researchAndDevelopmentExpenses": 0,
        "generalAndAdministrativeExpenses": 7883000,
        "sellingAndMarketingExpenses": 0,
        "sellingGeneralAndAdministrativeExpenses": 7883000,
        "otherExpenses": 87555000,
        "operatingExpenses": 95438000,
        "costAndExpenses": 242546000,
        "interestIncome": 199882,
        "interestExpense": 7386532,
        "depreciationAndAmortization": 77054000,
        "ebitda": -55073000,
        "ebitdaratio": -0.2270620831,
        "operatingIncome": 87314000,
        "operatingIncomeRatio": 0.3599894453,
        "totalOtherIncomeExpensesNet": -225220000,
        "incomeBeforeTax": -137906000,
        "incomeBeforeTaxRatio": -0.5685766824,
        "incomeTaxExpense": -195000,
        "netIncome": -137711000,
        "netIncomeRatio": -0.5677727112,
        "eps": -0.31,
        "epsdiluted": -0.31,
        "weightedAverageShsOut": 442728000,
        "weightedAverageShsOutDil": 443181000,
        "link": "https://www.sec.gov/Archives/edgar/data/1323404/000132340418000009/0001323404-18-000009-index.htm",
        "finalLink": "https://www.sec.gov/Archives/edgar/data/1323404/000132340418000009/slw6kexhibit99-1.htm"
    },
    {
        "date": "2017-09-30",
        "symbol": "WPM",
        "reportedCurrency": "USD",
        "cik": "0001323404",
        "fillingDate": "2017-11-13",
        "acceptedDate": "2017-11-09 19:25:12",
        "calendarYear": "2017",
        "period": "Q3",
        "revenue": 203034000,
        "costOfRevenue": 120086000,
        "grossProfit": 82948000,
        "grossProfitRatio": 0.4085424116,
        "researchAndDevelopmentExpenses": 0,
        "generalAndAdministrativeExpenses": 8028000,
        "sellingAndMarketingExpenses": 0,
        "sellingGeneralAndAdministrativeExpenses": 8028000,
        "otherExpenses": 765000,
        "operatingExpenses": 8793000,
        "costAndExpenses": 128879000,
        "interestIncome": 78000,
        "interestExpense": 7766000,
        "depreciationAndAmortization": 62096000,
        "ebitda": 136177000,
        "ebitdaratio": 0.6707103244,
        "operatingIncome": 74155000,
        "operatingIncomeRatio": 0.3652343942,
        "totalOtherIncomeExpensesNet": -7840000,
        "incomeBeforeTax": 66315000,
        "incomeBeforeTaxRatio": 0.326620172,
        "incomeTaxExpense": -263000,
        "netIncome": 66578000,
        "netIncomeRatio": 0.3279155215,
        "eps": 0.15,
        "epsdiluted": 0.15,
        "weightedAverageShsOut": 442094000,
        "weightedAverageShsOutDil": 442476000,
        "link": "https://www.sec.gov/Archives/edgar/data/1323404/000132340417000023/0001323404-17-000023-index.htm",
        "finalLink": "https://www.sec.gov/Archives/edgar/data/1323404/000132340417000023/wpm6kexhibit99-1.htm"
    },
    {
        "date": "2017-06-30",
        "symbol": "WPM",
        "reportedCurrency": "USD",
        "cik": "0001323404",
        "fillingDate": "2017-06-30",
        "acceptedDate": "2017-06-30 00:00:00",
        "calendarYear": "2017",
        "period": "Q2",
        "revenue": 199684000,
        "costOfRevenue": 116753000,
        "grossProfit": 82931000,
        "grossProfitRatio": 0.4153111917,
        "researchAndDevelopmentExpenses": 0,
        "generalAndAdministrativeExpenses": 8375000,
        "sellingAndMarketingExpenses": 0,
        "sellingGeneralAndAdministrativeExpenses": 8375000,
        "otherExpenses": 873000,
        "operatingExpenses": 9248000,
        "costAndExpenses": 126001000,
        "interestIncome": 74546,
        "interestExpense": 8109992,
        "depreciationAndAmortization": 60016000,
        "ebitda": 133554000,
        "ebitdaratio": 0.6688267463,
        "operatingIncome": 73683000,
        "operatingIncomeRatio": 0.3689980169,
        "totalOtherIncomeExpensesNet": -6627000,
        "incomeBeforeTax": 67056000,
        "incomeBeforeTaxRatio": 0.3358105807,
        "incomeTaxExpense": -556000,
        "netIncome": 67612000,
        "netIncomeRatio": 0.3385949801,
        "eps": 0.15,
        "epsdiluted": 0.15,
        "weightedAverageShsOut": 441784000,
        "weightedAverageShsOutDil": 442370000,
        "link": null,
        "finalLink": null
    },
    {
        "date": "2017-03-31",
        "symbol": "WPM",
        "reportedCurrency": "USD",
        "cik": "0001323404",
        "fillingDate": "2017-05-09",
        "acceptedDate": "2017-05-09 17:27:26",
        "calendarYear": "2017",
        "period": "Q1",
        "revenue": 197951000,
        "costOfRevenue": 122234000,
        "grossProfit": 75717000,
        "grossProfitRatio": 0.3825037509,
        "researchAndDevelopmentExpenses": 0,
        "generalAndAdministrativeExpenses": 7274000,
        "sellingAndMarketingExpenses": 0,
        "sellingGeneralAndAdministrativeExpenses": 7274000,
        "otherExpenses": 624000,
        "operatingExpenses": 7898000,
        "costAndExpenses": 130132000,
        "interestIncome": 60533,
        "interestExpense": 7414844,
        "depreciationAndAmortization": 64186000,
        "ebitda": 131911000,
        "ebitdaratio": 0.6663820845,
        "operatingIncome": 67819000,
        "operatingIncomeRatio": 0.3426049881,
        "totalOtherIncomeExpensesNet": -6467000,
        "incomeBeforeTax": 61352000,
        "incomeBeforeTaxRatio": 0.309935287,
        "incomeTaxExpense": 128000,
        "netIncome": 61224000,
        "netIncomeRatio": 0.3092886623,
        "eps": 0.14,
        "epsdiluted": 0.14,
        "weightedAverageShsOut": 441484000,
        "weightedAverageShsOutDil": 441955000,
        "link": "https://www.sec.gov/Archives/edgar/data/1323404/000132340417000010/0001323404-17-000010-index.htm",
        "finalLink": "https://www.sec.gov/Archives/edgar/data/1323404/000132340417000010/slw6kexhibit99-1.htm"
    },
    {
        "date": "2016-12-31",
        "symbol": "WPM",
        "reportedCurrency": "USD",
        "cik": "0001323404",
        "fillingDate": "2017-03-22",
        "acceptedDate": "2017-03-21 18:03:12",
        "calendarYear": "2016",
        "period": "Q4",
        "revenue": 258491000,
        "costOfRevenue": 165180000,
        "grossProfit": 93311000,
        "grossProfitRatio": 0.3609835546,
        "researchAndDevelopmentExpenses": 0,
        "generalAndAdministrativeExpenses": 3390000,
        "sellingAndMarketingExpenses": 0,
        "sellingGeneralAndAdministrativeExpenses": 3390000,
        "otherExpenses": 89921000,
        "operatingExpenses": 93311000,
        "costAndExpenses": 258491000,
        "interestIncome": 69650,
        "interestExpense": 7688471,
        "depreciationAndAmortization": 88622000,
        "ebitda": 105966000,
        "ebitdaratio": 0.4099407716,
        "operatingIncome": 89665000,
        "operatingIncomeRatio": 0.3468786147,
        "totalOtherIncomeExpensesNet": -78985000,
        "incomeBeforeTax": 10680000,
        "incomeBeforeTaxRatio": 0.041316719,
        "incomeTaxExpense": -186000,
        "netIncome": 10866000,
        "netIncomeRatio": 0.0420362798,
        "eps": 0.025,
        "epsdiluted": 0.025,
        "weightedAverageShsOut": 441484000,
        "weightedAverageShsOutDil": 441955000,
        "link": "https://www.sec.gov/Archives/edgar/data/1323404/000132340417000004/0001323404-17-000004-index.htm",
        "finalLink": "https://www.sec.gov/Archives/edgar/data/1323404/000132340417000004/slw6kexhibit99-1.htm"
    },
    {
        "date": "2016-09-30",
        "symbol": "WPM",
        "reportedCurrency": "USD",
        "cik": "0001323404",
        "fillingDate": "2016-11-09",
        "acceptedDate": "2016-11-09 17:22:50",
        "calendarYear": "2016",
        "period": "Q3",
        "revenue": 233204000,
        "costOfRevenue": 134695000,
        "grossProfit": 98509000,
        "grossProfitRatio": 0.4224155675,
        "researchAndDevelopmentExpenses": 0,
        "generalAndAdministrativeExpenses": 8689000,
        "sellingAndMarketingExpenses": 0,
        "sellingGeneralAndAdministrativeExpenses": 8689000,
        "otherExpenses": 824000,
        "operatingExpenses": 9513000,
        "costAndExpenses": 144208000,
        "interestIncome": 10917,
        "interestExpense": 7323657,
        "depreciationAndAmortization": 74149000,
        "ebitda": 161765000,
        "ebitdaratio": 0.693663059,
        "operatingIncome": 88996000,
        "operatingIncomeRatio": 0.3816229567,
        "totalOtherIncomeExpensesNet": -7387000,
        "incomeBeforeTax": 81609000,
        "incomeBeforeTaxRatio": 0.3499468277,
        "incomeTaxExpense": -1377000,
        "netIncome": 82986000,
        "netIncomeRatio": 0.3558515291,
        "eps": 0.19,
        "epsdiluted": 0.19,
        "weightedAverageShsOut": 440635000,
        "weightedAverageShsOutDil": 441917000,
        "link": "https://www.sec.gov/Archives/edgar/data/1323404/000132340416000067/0001323404-16-000067-index.htm",
        "finalLink": "https://www.sec.gov/Archives/edgar/data/1323404/000132340416000067/slw6kexhibit99-1.htm"
    },
    {
        "date": "2016-06-30",
        "symbol": "WPM",
        "reportedCurrency": "USD",
        "cik": "0001323404",
        "fillingDate": "2016-06-30",
        "acceptedDate": "2016-06-30 00:00:00",
        "calendarYear": "2016",
        "period": "Q2",
        "revenue": 212351000,
        "costOfRevenue": 135282000,
        "grossProfit": 77069000,
        "grossProfitRatio": 0.3629321265,
        "researchAndDevelopmentExpenses": 0,
        "generalAndAdministrativeExpenses": 9504000,
        "sellingAndMarketingExpenses": 0,
        "sellingGeneralAndAdministrativeExpenses": 9504000,
        "otherExpenses": 669000,
        "operatingExpenses": 10173000,
        "costAndExpenses": 145455000,
        "interestIncome": 40000,
        "interestExpense": 4590000,
        "depreciationAndAmortization": 75308000,
        "ebitda": 140819000,
        "ebitdaratio": 0.6631426271,
        "operatingIncome": 66896000,
        "operatingIncomeRatio": 0.3150255944,
        "totalOtherIncomeExpensesNet": -5975000,
        "incomeBeforeTax": 60921000,
        "incomeBeforeTaxRatio": 0.2868882181,
        "incomeTaxExpense": 615000,
        "netIncome": 60306000,
        "netIncomeRatio": 0.2839920697,
        "eps": 0.14,
        "epsdiluted": 0.14,
        "weightedAverageShsOut": 436726000,
        "weightedAverageShsOutDil": 436986000,
        "link": null,
        "finalLink": null
    },
    {
        "date": "2016-03-31",
        "symbol": "WPM",
        "reportedCurrency": "USD",
        "cik": "0001323404",
        "fillingDate": "2016-05-09",
        "acceptedDate": "2016-05-09 11:06:18",
        "calendarYear": "2016",
        "period": "Q1",
        "revenue": 187511000,
        "costOfRevenue": 127980000,
        "grossProfit": 59531000,
        "grossProfitRatio": 0.3174800412,
        "researchAndDevelopmentExpenses": 0,
        "generalAndAdministrativeExpenses": 9926000,
        "sellingAndMarketingExpenses": 0,
        "sellingGeneralAndAdministrativeExpenses": 9926000,
        "otherExpenses": 918000,
        "operatingExpenses": 10844000,
        "costAndExpenses": 138824000,
        "interestIncome": 25000,
        "interestExpense": 6932000,
        "depreciationAndAmortization": 71575000,
        "ebitda": 119102000,
        "ebitdaratio": 0.6351734032,
        "operatingIncome": 48687000,
        "operatingIncomeRatio": 0.2596487673,
        "totalOtherIncomeExpensesNet": -8092000,
        "incomeBeforeTax": 40595000,
        "incomeBeforeTaxRatio": 0.2164939657,
        "incomeTaxExpense": -384000,
        "netIncome": 40979000,
        "netIncomeRatio": 0.2185418455,
        "eps": 0.1,
        "epsdiluted": 0.1,
        "weightedAverageShsOut": 402952000,
        "weightedAverageShsOutDil": 403125000,
        "link": "https://www.sec.gov/Archives/edgar/data/1323404/000132340416000051/0001323404-16-000051-index.htm",
        "finalLink": "https://www.sec.gov/Archives/edgar/data/1323404/000132340416000051/slw6kexhibit99-1.htm"
    },
    {
        "date": "2015-12-31",
        "symbol": "WPM",
        "reportedCurrency": "USD",
        "cik": "0001323404",
        "fillingDate": "2016-03-17",
        "acceptedDate": "2016-03-16 19:43:10",
        "calendarYear": "2015",
        "period": "Q4",
        "revenue": 200496000,
        "costOfRevenue": 129208000,
        "grossProfit": 71288000,
        "grossProfitRatio": 0.3555582156,
        "researchAndDevelopmentExpenses": 0,
        "generalAndAdministrativeExpenses": 8585000,
        "sellingAndMarketingExpenses": 0,
        "sellingGeneralAndAdministrativeExpenses": 8585000,
        "otherExpenses": -291000,
        "operatingExpenses": 8294000,
        "costAndExpenses": 137502000,
        "interestIncome": 17000,
        "interestExpense": 1364000,
        "depreciationAndAmortization": 68206000,
        "ebitda": -100814000,
        "ebitdaratio": -0.502822999,
        "operatingIncome": 62994000,
        "operatingIncomeRatio": 0.3141908068,
        "totalOtherIncomeExpensesNet": -233378000,
        "incomeBeforeTax": -170384000,
        "incomeBeforeTaxRatio": -0.8498124651,
        "incomeTaxExpense": -1122000,
        "netIncome": -169262000,
        "netIncomeRatio": -0.8442163435,
        "eps": -0.42,
        "epsdiluted": -0.42,
        "weightedAverageShsOut": 402952000,
        "weightedAverageShsOutDil": 403125000,
        "link": "https://www.sec.gov/Archives/edgar/data/1323404/000132340416000040/0001323404-16-000040-index.htm",
        "finalLink": "https://www.sec.gov/Archives/edgar/data/1323404/000132340416000040/slw6kexhibit99-1.htm"
    },
    {
        "date": "2015-09-30",
        "symbol": "WPM",
        "reportedCurrency": "USD",
        "cik": "0001323404",
        "fillingDate": "2015-11-04",
        "acceptedDate": "2015-11-03 19:01:21",
        "calendarYear": "2015",
        "period": "Q3",
        "revenue": 153251000,
        "costOfRevenue": 91956000,
        "grossProfit": 61295000,
        "grossProfitRatio": 0.3999647637,
        "researchAndDevelopmentExpenses": 0,
        "generalAndAdministrativeExpenses": 6278000,
        "sellingAndMarketingExpenses": 0,
        "sellingGeneralAndAdministrativeExpenses": 6278000,
        "otherExpenses": 159000,
        "operatingExpenses": 6437000,
        "costAndExpenses": 98393000,
        "interestIncome": 14000,
        "interestExpense": 428000,
        "depreciationAndAmortization": 45406000,
        "ebitda": -55253000,
        "ebitdaratio": -0.3605392461,
        "operatingIncome": 61295000,
        "operatingIncomeRatio": 0.3999647637,
        "totalOtherIncomeExpensesNet": -162382000,
        "incomeBeforeTax": -101087000,
        "incomeBeforeTaxRatio": -0.6596172293,
        "incomeTaxExpense": -5162000,
        "netIncome": -95925000,
        "netIncomeRatio": -0.6259339254,
        "eps": -0.24,
        "epsdiluted": -0.24,
        "weightedAverageShsOut": 404370000,
        "weightedAverageShsOutDil": 404540000,
        "link": "https://www.sec.gov/Archives/edgar/data/1323404/000132340415000034/0001323404-15-000034-index.htm",
        "finalLink": "https://www.sec.gov/Archives/edgar/data/1323404/000132340415000034/slw6kexhibit99-1.htm"
    },
    {
        "date": "2015-06-30",
        "symbol": "WPM",
        "reportedCurrency": "USD",
        "cik": "0001323404",
        "fillingDate": "2015-06-30",
        "acceptedDate": "2015-06-30 00:00:00",
        "calendarYear": "2015",
        "period": "Q2",
        "revenue": 164435000,
        "costOfRevenue": 101122000,
        "grossProfit": 63313000,
        "grossProfitRatio": 0.3850335999,
        "researchAndDevelopmentExpenses": 0,
        "generalAndAdministrativeExpenses": 7360000,
        "sellingAndMarketingExpenses": 0,
        "sellingGeneralAndAdministrativeExpenses": 7360000,
        "otherExpenses": 121000,
        "operatingExpenses": 7481000,
        "costAndExpenses": 108603000,
        "interestIncome": 16000,
        "interestExpense": 798000,
        "depreciationAndAmortization": 53448000,
        "ebitda": 107883000,
        "ebitdaratio": 0.6560829507,
        "operatingIncome": 63313000,
        "operatingIncomeRatio": 0.3850335999,
        "totalOtherIncomeExpensesNet": -9676000,
        "incomeBeforeTax": 53637000,
        "incomeBeforeTaxRatio": 0.3261896798,
        "incomeTaxExpense": -89000,
        "netIncome": 53726000,
        "netIncomeRatio": 0.3267309271,
        "eps": 0.13,
        "epsdiluted": 0.13,
        "weightedAverageShsOut": 404138000,
        "weightedAverageShsOutDil": 404308000,
        "link": null,
        "finalLink": null
    },
    {
        "date": "2015-03-31",
        "symbol": "WPM",
        "reportedCurrency": "USD",
        "cik": "0001323404",
        "fillingDate": "2015-04-10",
        "acceptedDate": "2015-04-10 12:13:53",
        "calendarYear": "2015",
        "period": "Q1",
        "revenue": 130504000,
        "costOfRevenue": 66509000,
        "grossProfit": 63995000,
        "grossProfitRatio": 0.4903681113,
        "researchAndDevelopmentExpenses": 0,
        "generalAndAdministrativeExpenses": 7428000,
        "sellingAndMarketingExpenses": 0,
        "sellingGeneralAndAdministrativeExpenses": 7428000,
        "otherExpenses": 96000,
        "operatingExpenses": 7524000,
        "costAndExpenses": 74033000,
        "interestIncome": 75000,
        "interestExpense": 1500000,
        "depreciationAndAmortization": 32142000,
        "ebitda": 86043000,
        "ebitdaratio": 0.6593131245,
        "operatingIncome": 63995000,
        "operatingIncomeRatio": 0.4903681113,
        "totalOtherIncomeExpensesNet": -11594000,
        "incomeBeforeTax": 52401000,
        "incomeBeforeTaxRatio": 0.4015279225,
        "incomeTaxExpense": 2982000,
        "netIncome": 49419000,
        "netIncomeRatio": 0.3786780482,
        "eps": 0.13,
        "epsdiluted": 0.13,
        "weightedAverageShsOut": 370844000,
        "weightedAverageShsOutDil": 371115000,
        "link": "https://www.sec.gov/Archives/edgar/data/1323404/000106299315001863/0001062993-15-001863-index.htm",
        "finalLink": "https://www.sec.gov/Archives/edgar/data/1323404/000106299315001863/exhibit99-1.htm"
    },
    {
        "date": "2014-12-31",
        "symbol": "WPM",
        "reportedCurrency": "USD",
        "cik": "0001323404",
        "fillingDate": "2015-03-19",
        "acceptedDate": "2015-03-18 17:49:45",
        "calendarYear": "2014",
        "period": "Q4",
        "revenue": 140375000,
        "costOfRevenue": 79442000,
        "grossProfit": 60933000,
        "grossProfitRatio": 0.4340730187,
        "researchAndDevelopmentExpenses": 0,
        "generalAndAdministrativeExpenses": 7721000,
        "sellingAndMarketingExpenses": 0,
        "sellingGeneralAndAdministrativeExpenses": 7721000,
        "otherExpenses": 97000,
        "operatingExpenses": 7818000,
        "costAndExpenses": 87260000,
        "interestIncome": 47000,
        "interestExpense": 0,
        "depreciationAndAmortization": 41007000,
        "ebitda": 92226000,
        "ebitdaratio": 0.6569973286,
        "operatingIncome": 60933000,
        "operatingIncomeRatio": 0.4340730187,
        "totalOtherIncomeExpensesNet": -9708000,
        "incomeBeforeTax": 51225000,
        "incomeBeforeTaxRatio": 0.3649154052,
        "incomeTaxExpense": -806000,
        "netIncome": 52031000,
        "netIncomeRatio": 0.3706571683,
        "eps": 0.14,
        "epsdiluted": 0.14,
        "weightedAverageShsOut": 370844000,
        "weightedAverageShsOutDil": 371115000,
        "link": "https://www.sec.gov/Archives/edgar/data/1323404/000132340415000008/0001323404-15-000008-index.htm",
        "finalLink": "https://www.sec.gov/Archives/edgar/data/1323404/000132340415000008/slw6kexhibit99-1.htm"
    },
    {
        "date": "2014-09-30",
        "symbol": "WPM",
        "reportedCurrency": "USD",
        "cik": "0001323404",
        "fillingDate": "2014-09-30",
        "acceptedDate": "2014-09-30 00:00:00",
        "calendarYear": "2014",
        "period": "Q3",
        "revenue": 165852000,
        "costOfRevenue": 84243000,
        "grossProfit": 81609000,
        "grossProfitRatio": 0.4920591853,
        "researchAndDevelopmentExpenses": 0,
        "generalAndAdministrativeExpenses": 7570000,
        "sellingAndMarketingExpenses": 0,
        "sellingGeneralAndAdministrativeExpenses": 7570000,
        "otherExpenses": 96000,
        "operatingExpenses": 7666000,
        "costAndExpenses": 91909000,
        "interestIncome": 31000,
        "interestExpense": 583000,
        "depreciationAndAmortization": 44231000,
        "ebitda": 49907000,
        "ebitdaratio": 0.3009128621,
        "operatingIncome": 81609000,
        "operatingIncomeRatio": 0.4920591853,
        "totalOtherIncomeExpensesNet": -76516000,
        "incomeBeforeTax": 5093000,
        "incomeBeforeTaxRatio": 0.0307081012,
        "incomeTaxExpense": 597000,
        "netIncome": 4496000,
        "netIncomeRatio": 0.0271085064,
        "eps": 0.01,
        "epsdiluted": 0.01,
        "weightedAverageShsOut": 358366000,
        "weightedAverageShsOutDil": 358762000,
        "link": null,
        "finalLink": null
    },
    {
        "date": "2014-06-30",
        "symbol": "WPM",
        "reportedCurrency": "USD",
        "cik": "0001323404",
        "fillingDate": "2014-06-30",
        "acceptedDate": "2014-06-30 00:00:00",
        "calendarYear": "2014",
        "period": "Q2",
        "revenue": 148570000,
        "costOfRevenue": 73882000,
        "grossProfit": 74688000,
        "grossProfitRatio": 0.5027125261,
        "researchAndDevelopmentExpenses": 0,
        "generalAndAdministrativeExpenses": 9659000,
        "sellingAndMarketingExpenses": 0,
        "sellingGeneralAndAdministrativeExpenses": 9659000,
        "otherExpenses": 66000,
        "operatingExpenses": 9725000,
        "costAndExpenses": 83607000,
        "interestIncome": 17000,
        "interestExpense": 591000,
        "depreciationAndAmortization": 38580000,
        "ebitda": 101813000,
        "ebitdaratio": 0.685286397,
        "operatingIncome": 74688000,
        "operatingIncomeRatio": 0.5027125261,
        "totalOtherIncomeExpensesNet": -12046000,
        "incomeBeforeTax": 62642000,
        "incomeBeforeTaxRatio": 0.4216329003,
        "incomeTaxExpense": -850000,
        "netIncome": 63492000,
        "netIncomeRatio": 0.4273541092,
        "eps": 0.18,
        "epsdiluted": 0.18,
        "weightedAverageShsOut": 357655000,
        "weightedAverageShsOutDil": 358097000,
        "link": null,
        "finalLink": null
    },
    {
        "date": "2014-03-31",
        "symbol": "WPM",
        "reportedCurrency": "USD",
        "cik": "0001323404",
        "fillingDate": "2014-05-09",
        "acceptedDate": "2014-05-08 17:45:17",
        "calendarYear": "2014",
        "period": "Q1",
        "revenue": 165379000,
        "costOfRevenue": 73709000,
        "grossProfit": 91670000,
        "grossProfitRatio": 0.5543025414,
        "researchAndDevelopmentExpenses": 0,
        "generalAndAdministrativeExpenses": 9397000,
        "sellingAndMarketingExpenses": 0,
        "sellingGeneralAndAdministrativeExpenses": 9397000,
        "otherExpenses": 67000,
        "operatingExpenses": 9464000,
        "costAndExpenses": 83173000,
        "interestIncome": 28000,
        "interestExpense": 1108000,
        "depreciationAndAmortization": 36688000,
        "ebitda": 117619000,
        "ebitdaratio": 0.7112087992,
        "operatingIncome": 91670000,
        "operatingIncomeRatio": 0.5543025414,
        "totalOtherIncomeExpensesNet": -11847000,
        "incomeBeforeTax": 79823000,
        "incomeBeforeTaxRatio": 0.4826670859,
        "incomeTaxExpense": 14000,
        "netIncome": 79809000,
        "netIncomeRatio": 0.4825824319,
        "eps": 0.22,
        "epsdiluted": 0.22,
        "weightedAverageShsOut": 357398000,
        "weightedAverageShsOutDil": 357940000,
        "link": "https://www.sec.gov/Archives/edgar/data/1323404/000132340414000011/0001323404-14-000011-index.htm",
        "finalLink": "https://www.sec.gov/Archives/edgar/data/1323404/000132340414000011/slw6kexhibit99-1.htm"
    },
    {
        "date": "2013-12-31",
        "symbol": "WPM",
        "reportedCurrency": "USD",
        "cik": "0001323404",
        "fillingDate": "2014-03-21",
        "acceptedDate": "2014-03-20 17:38:17",
        "calendarYear": "2013",
        "period": "Q4",
        "revenue": 167416000,
        "costOfRevenue": 77131000,
        "grossProfit": 90285000,
        "grossProfitRatio": 0.539285373,
        "researchAndDevelopmentExpenses": 0,
        "generalAndAdministrativeExpenses": 6996000,
        "sellingAndMarketingExpenses": 0,
        "sellingGeneralAndAdministrativeExpenses": 6996000,
        "otherExpenses": 72000,
        "operatingExpenses": 7068000,
        "costAndExpenses": 84199000,
        "interestIncome": 16000,
        "interestExpense": 1225000,
        "depreciationAndAmortization": 39765000,
        "ebitda": 122213000,
        "ebitdaratio": 0.7299959383,
        "operatingIncome": 90285000,
        "operatingIncomeRatio": 0.539285373,
        "totalOtherIncomeExpensesNet": -9062000,
        "incomeBeforeTax": 81223000,
        "incomeBeforeTaxRatio": 0.4851567353,
        "incomeTaxExpense": -12677000,
        "netIncome": 93900000,
        "netIncomeRatio": 0.5608782912,
        "eps": 0.26,
        "epsdiluted": 0.26,
        "weightedAverageShsOut": 357398000,
        "weightedAverageShsOutDil": 357940000,
        "link": "https://www.sec.gov/Archives/edgar/data/1323404/000132340414000007/0001323404-14-000007-index.htm",
        "finalLink": "https://www.sec.gov/Archives/edgar/data/1323404/000132340414000007/slw6kexhibit99-1.htm"
    },
    {
        "date": "2013-09-30",
        "symbol": "WPM",
        "reportedCurrency": "USD",
        "cik": "0001323404",
        "fillingDate": "2013-09-30",
        "acceptedDate": "2013-09-30 00:00:00",
        "calendarYear": "2013",
        "period": "Q3",
        "revenue": 166405000,
        "costOfRevenue": 75763000,
        "grossProfit": 90642000,
        "grossProfitRatio": 0.5447071903,
        "researchAndDevelopmentExpenses": 0,
        "generalAndAdministrativeExpenses": 8258000,
        "sellingAndMarketingExpenses": 0,
        "sellingGeneralAndAdministrativeExpenses": 8258000,
        "otherExpenses": 64000,
        "operatingExpenses": 8322000,
        "costAndExpenses": 84085000,
        "interestIncome": 7000,
        "interestExpense": 1653000,
        "depreciationAndAmortization": 38820000,
        "ebitda": 119143000,
        "ebitdaratio": 0.7159820919,
        "operatingIncome": 90642000,
        "operatingIncomeRatio": 0.5447071903,
        "totalOtherIncomeExpensesNet": -11972000,
        "incomeBeforeTax": 78670000,
        "incomeBeforeTaxRatio": 0.4727622367,
        "incomeTaxExpense": 1613000,
        "netIncome": 77057000,
        "netIncomeRatio": 0.4630690184,
        "eps": 0.22,
        "epsdiluted": 0.22,
        "weightedAverageShsOut": 355707000,
        "weightedAverageShsOutDil": 356557000,
        "link": null,
        "finalLink": null
    },
    {
        "date": "2013-06-30",
        "symbol": "WPM",
        "reportedCurrency": "USD",
        "cik": "0001323404",
        "fillingDate": "2013-08-14",
        "acceptedDate": "2013-08-14 17:56:50",
        "calendarYear": "2013",
        "period": "Q2",
        "revenue": 166890000,
        "costOfRevenue": 75859000,
        "grossProfit": 91031000,
        "grossProfitRatio": 0.5454550902,
        "researchAndDevelopmentExpenses": 0,
        "generalAndAdministrativeExpenses": 8349000,
        "sellingAndMarketingExpenses": 0,
        "sellingGeneralAndAdministrativeExpenses": 8349000,
        "otherExpenses": 55000,
        "operatingExpenses": 8404000,
        "costAndExpenses": 84263000,
        "interestIncome": 7000,
        "interestExpense": 2525000,
        "depreciationAndAmortization": 41417000,
        "ebitda": 116721000,
        "ebitdaratio": 0.699388819,
        "operatingIncome": 91031000,
        "operatingIncomeRatio": 0.5454550902,
        "totalOtherIncomeExpensesNet": -18252000,
        "incomeBeforeTax": 72779000,
        "incomeBeforeTaxRatio": 0.4360896399,
        "incomeTaxExpense": 1662000,
        "netIncome": 71117000,
        "netIncomeRatio": 0.4261309845,
        "eps": 0.2,
        "epsdiluted": 0.2,
        "weightedAverageShsOut": 354800000,
        "weightedAverageShsOutDil": 355804000,
        "link": "https://www.sec.gov/Archives/edgar/data/1323404/000106299313004180/0001062993-13-004180-index.htm",
        "finalLink": "https://www.sec.gov/Archives/edgar/data/1323404/000106299313004180/exhibit99-1.htm"
    },
    {
        "date": "2013-03-31",
        "symbol": "WPM",
        "reportedCurrency": "USD",
        "cik": "0001323404",
        "fillingDate": "2013-03-31",
        "acceptedDate": "2013-03-31 00:00:00",
        "calendarYear": "2013",
        "period": "Q1",
        "revenue": 205761000,
        "costOfRevenue": 54751000,
        "grossProfit": 151010000,
        "grossProfitRatio": 0.7339097302,
        "researchAndDevelopmentExpenses": 0,
        "generalAndAdministrativeExpenses": 8753000,
        "sellingAndMarketingExpenses": 0,
        "sellingGeneralAndAdministrativeExpenses": 8753000,
        "otherExpenses": 51000,
        "operatingExpenses": 8804000,
        "costAndExpenses": 63555000,
        "interestIncome": 174000,
        "interestExpense": 680000,
        "depreciationAndAmortization": 24393000,
        "ebitda": 162776000,
        "ebitdaratio": 0.7910925783,
        "operatingIncome": 151010000,
        "operatingIncomeRatio": 0.7339097302,
        "totalOtherIncomeExpensesNet": -13307000,
        "incomeBeforeTax": 137703000,
        "incomeBeforeTaxRatio": 0.6692376106,
        "incomeTaxExpense": 4282000,
        "netIncome": 133421000,
        "netIncomeRatio": 0.6484270586,
        "eps": 0.38,
        "epsdiluted": 0.37,
        "weightedAverageShsOut": 354423000,
        "weightedAverageShsOutDil": 356382000,
        "link": null,
        "finalLink": null
    },
    {
        "date": "2012-12-31",
        "symbol": "WPM",
        "reportedCurrency": "USD",
        "cik": "0001323404",
        "fillingDate": "2013-03-22",
        "acceptedDate": "2013-03-21 19:40:16",
        "calendarYear": "2012",
        "period": "Q4",
        "revenue": 287241000,
        "costOfRevenue": 90916000,
        "grossProfit": 196325000,
        "grossProfitRatio": 0.6834852963,
        "researchAndDevelopmentExpenses": 0,
        "generalAndAdministrativeExpenses": 0,
        "sellingAndMarketingExpenses": 0,
        "sellingGeneralAndAdministrativeExpenses": 7074000,
        "otherExpenses": 189251000,
        "operatingExpenses": 196325000,
        "costAndExpenses": 287241000,
        "interestIncome": 0,
        "interestExpense": 2207000,
        "depreciationAndAmortization": 48017000,
        "ebitda": 234888000,
        "ebitdaratio": 0.8177384148,
        "operatingIncome": 186871000,
        "operatingIncomeRatio": 0.6505721676,
        "totalOtherIncomeExpensesNet": -983000,
        "incomeBeforeTax": 185888000,
        "incomeBeforeTaxRatio": 0.6471499542,
        "incomeTaxExpense": 8144000,
        "netIncome": 177744000,
        "netIncomeRatio": 0.6187974558,
        "eps": 0.5,
        "epsdiluted": 0.5,
        "weightedAverageShsOut": 354423000,
        "weightedAverageShsOutDil": 356382000,
        "link": "https://www.sec.gov/Archives/edgar/data/1323404/000132340413000006/0001323404-13-000006-index.htm",
        "finalLink": "https://www.sec.gov/Archives/edgar/data/1323404/000132340413000006/slw6k20121231ex99-1.htm"
    },
    {
        "date": "2012-09-30",
        "symbol": "WPM",
        "reportedCurrency": "USD",
        "cik": "0001323404",
        "fillingDate": "2012-11-05",
        "acceptedDate": "2012-11-05 14:06:10",
        "calendarYear": "2012",
        "period": "Q3",
        "revenue": 161273000,
        "costOfRevenue": 35870000,
        "grossProfit": 125403000,
        "grossProfitRatio": 0.7775821123,
        "researchAndDevelopmentExpenses": 0,
        "generalAndAdministrativeExpenses": 6674000,
        "sellingAndMarketingExpenses": 0,
        "sellingGeneralAndAdministrativeExpenses": 6674000,
        "otherExpenses": 59000,
        "operatingExpenses": 6733000,
        "costAndExpenses": 42603000,
        "interestIncome": 344000,
        "interestExpense": 0,
        "depreciationAndAmortization": 14523000,
        "ebitda": 134733000,
        "ebitdaratio": 0.8354343256,
        "operatingIncome": 125403000,
        "operatingIncomeRatio": 0.7775821123,
        "totalOtherIncomeExpensesNet": -5193000,
        "incomeBeforeTax": 120210000,
        "incomeBeforeTaxRatio": 0.745382054,
        "incomeTaxExpense": 513000,
        "netIncome": 119697000,
        "netIncomeRatio": 0.7422011124,
        "eps": 0.34,
        "epsdiluted": 0.34,
        "weightedAverageShsOut": 353927000,
        "weightedAverageShsOutDil": 355928000,
        "link": "https://www.sec.gov/Archives/edgar/data/1323404/000132340412000011/0001323404-12-000011-index.htm",
        "finalLink": "https://www.sec.gov/Archives/edgar/data/1323404/000132340412000011/slw20120930ex99-1.htm"
    },
    {
        "date": "2012-06-30",
        "symbol": "WPM",
        "reportedCurrency": "USD",
        "cik": "0001323404",
        "fillingDate": "2012-06-30",
        "acceptedDate": "2012-06-30 00:00:00",
        "calendarYear": "2012",
        "period": "Q2",
        "revenue": 201408000,
        "costOfRevenue": 49707000,
        "grossProfit": 151701000,
        "grossProfitRatio": 0.7532024547,
        "researchAndDevelopmentExpenses": 0,
        "generalAndAdministrativeExpenses": 6981000,
        "sellingAndMarketingExpenses": 0,
        "sellingGeneralAndAdministrativeExpenses": 6981000,
        "otherExpenses": 60000,
        "operatingExpenses": 7041000,
        "costAndExpenses": 56748000,
        "interestIncome": 364000,
        "interestExpense": 0,
        "depreciationAndAmortization": 21651000,
        "ebitda": 165815000,
        "ebitdaratio": 0.823279115,
        "operatingIncome": 151701000,
        "operatingIncomeRatio": 0.7532024547,
        "totalOtherIncomeExpensesNet": -7537000,
        "incomeBeforeTax": 144164000,
        "incomeBeforeTaxRatio": 0.7157809024,
        "incomeTaxExpense": 2750000,
        "netIncome": 141414000,
        "netIncomeRatio": 0.7021270257,
        "eps": 0.4,
        "epsdiluted": 0.4,
        "weightedAverageShsOut": 353733000,
        "weightedAverageShsOutDil": 355519000,
        "link": null,
        "finalLink": null
    },
    {
        "date": "2012-03-31",
        "symbol": "WPM",
        "reportedCurrency": "USD",
        "cik": "0001323404",
        "fillingDate": "2012-03-31",
        "acceptedDate": "2012-03-31 00:00:00",
        "calendarYear": "2012",
        "period": "Q1",
        "revenue": 199638000,
        "costOfRevenue": 42225000,
        "grossProfit": 157413000,
        "grossProfitRatio": 0.7884921708,
        "researchAndDevelopmentExpenses": 0,
        "generalAndAdministrativeExpenses": 6638000,
        "sellingAndMarketingExpenses": 0,
        "sellingGeneralAndAdministrativeExpenses": 6638000,
        "otherExpenses": 61000,
        "operatingExpenses": 6699000,
        "costAndExpenses": 48924000,
        "interestIncome": 276000,
        "interestExpense": 0,
        "depreciationAndAmortization": 17267000,
        "ebitda": 167796000,
        "ebitdaratio": 0.8405013074,
        "operatingIncome": 157413000,
        "operatingIncomeRatio": 0.7884921708,
        "totalOtherIncomeExpensesNet": -6884000,
        "incomeBeforeTax": 150529000,
        "incomeBeforeTaxRatio": 0.7540097577,
        "incomeTaxExpense": 3348000,
        "netIncome": 147181000,
        "netIncomeRatio": 0.7372394033,
        "eps": 0.42,
        "epsdiluted": 0.41,
        "weightedAverageShsOut": 353529000,
        "weightedAverageShsOutDil": 355943000,
        "link": null,
        "finalLink": null
    },
    {
        "date": "2011-12-31",
        "symbol": "WPM",
        "reportedCurrency": "USD",
        "cik": "0001323404",
        "fillingDate": "2012-03-23",
        "acceptedDate": "2012-03-22 19:35:30",
        "calendarYear": "2011",
        "period": "Q4",
        "revenue": 191867000,
        "costOfRevenue": 41675000,
        "grossProfit": 150192000,
        "grossProfitRatio": 0.7827922467,
        "researchAndDevelopmentExpenses": 0,
        "generalAndAdministrativeExpenses": 0,
        "sellingAndMarketingExpenses": 0,
        "sellingGeneralAndAdministrativeExpenses": 5854000,
        "otherExpenses": 144338000,
        "operatingExpenses": 150192000,
        "costAndExpenses": 191867000,
        "interestIncome": 0,
        "interestExpense": 130000,
        "depreciationAndAmortization": 17454000,
        "ebitda": 162488000,
        "ebitdaratio": 0.8468783063,
        "operatingIncome": 145034000,
        "operatingIncomeRatio": 0.7559090412,
        "totalOtherIncomeExpensesNet": -65000,
        "incomeBeforeTax": 144969000,
        "incomeBeforeTaxRatio": 0.7555702648,
        "incomeTaxExpense": 222000,
        "netIncome": 144747000,
        "netIncomeRatio": 0.7544132133,
        "eps": 0.41,
        "epsdiluted": 0.41,
        "weightedAverageShsOut": 353529000,
        "weightedAverageShsOutDil": 355943000,
        "link": "https://www.sec.gov/Archives/edgar/data/1323404/000132340412000004/0001323404-12-000004-index.htm",
        "finalLink": "https://www.sec.gov/Archives/edgar/data/1323404/000132340412000004/exhibit99-1.htm"
    },
    {
        "date": "2011-09-30",
        "symbol": "WPM",
        "reportedCurrency": "USD",
        "cik": "0001323404",
        "fillingDate": "2011-11-09",
        "acceptedDate": "2011-11-09 14:45:45",
        "calendarYear": "2011",
        "period": "Q3",
        "revenue": 185195000,
        "costOfRevenue": 34683000,
        "grossProfit": 150512000,
        "grossProfitRatio": 0.8127217257,
        "researchAndDevelopmentExpenses": 0,
        "generalAndAdministrativeExpenses": 0,
        "sellingAndMarketingExpenses": 0,
        "sellingGeneralAndAdministrativeExpenses": 6311000,
        "otherExpenses": 144201000,
        "operatingExpenses": 150512000,
        "costAndExpenses": 185195000,
        "interestIncome": 0,
        "interestExpense": 0,
        "depreciationAndAmortization": 13709000,
        "ebitda": 157289000,
        "ebitdaratio": 0.8493155863,
        "operatingIncome": 143580000,
        "operatingIncomeRatio": 0.7752909096,
        "totalOtherIncomeExpensesNet": 11000,
        "incomeBeforeTax": 143591000,
        "incomeBeforeTaxRatio": 0.7753503064,
        "incomeTaxExpense": 8551000,
        "netIncome": 135040000,
        "netIncomeRatio": 0.7291773536,
        "eps": 0.38,
        "epsdiluted": 0.38,
        "weightedAverageShsOut": 353327000,
        "weightedAverageShsOutDil": 356014000,
        "link": "https://www.sec.gov/Archives/edgar/data/1323404/000132340411000014/0001323404-11-000014-index.htm",
        "finalLink": "https://www.sec.gov/Archives/edgar/data/1323404/000132340411000014/slw6kexhibit99-1.htm"
    },
    {
        "date": "2011-06-30",
        "symbol": "WPM",
        "reportedCurrency": "USD",
        "cik": "0001323404",
        "fillingDate": "2011-06-30",
        "acceptedDate": "2011-06-30 00:00:00",
        "calendarYear": "2011",
        "period": "Q2",
        "revenue": 194752000,
        "costOfRevenue": 35734000,
        "grossProfit": 159018000,
        "grossProfitRatio": 0.8165153631,
        "researchAndDevelopmentExpenses": 0,
        "generalAndAdministrativeExpenses": 0,
        "sellingAndMarketingExpenses": 0,
        "sellingGeneralAndAdministrativeExpenses": 6252000,
        "otherExpenses": 152766000,
        "operatingExpenses": 159018000,
        "costAndExpenses": 194752000,
        "interestIncome": 0,
        "interestExpense": 0,
        "depreciationAndAmortization": 14803000,
        "ebitda": 164804000,
        "ebitdaratio": 0.8462249425,
        "operatingIncome": 150001000,
        "operatingIncomeRatio": 0.7702154535,
        "totalOtherIncomeExpensesNet": 502000,
        "incomeBeforeTax": 150503000,
        "incomeBeforeTaxRatio": 0.7727930907,
        "incomeTaxExpense": 2438000,
        "netIncome": 148065000,
        "netIncomeRatio": 0.7602746057,
        "eps": 0.42,
        "epsdiluted": 0.42,
        "weightedAverageShsOut": 353267000,
        "weightedAverageShsOutDil": 355921000,
        "link": null,
        "finalLink": null
    },
    {
        "date": "2011-03-31",
        "symbol": "WPM",
        "reportedCurrency": "USD",
        "cik": "0001323404",
        "fillingDate": "2011-05-09",
        "acceptedDate": "2011-05-09 13:25:44",
        "calendarYear": "2011",
        "period": "Q1",
        "revenue": 158183000,
        "costOfRevenue": 31632000,
        "grossProfit": 126551000,
        "grossProfitRatio": 0.8000290802,
        "researchAndDevelopmentExpenses": 0,
        "generalAndAdministrativeExpenses": 6431000,
        "sellingAndMarketingExpenses": 0,
        "sellingGeneralAndAdministrativeExpenses": 6431000,
        "otherExpenses": 120120000,
        "operatingExpenses": 126551000,
        "costAndExpenses": 158183000,
        "interestIncome": 0,
        "interestExpense": 0,
        "depreciationAndAmortization": 11754000,
        "ebitda": 131664000,
        "ebitdaratio": 0.832352402,
        "operatingIncome": 119910000,
        "operatingIncomeRatio": 0.7580460606,
        "totalOtherIncomeExpensesNet": 4000,
        "incomeBeforeTax": 119914000,
        "incomeBeforeTaxRatio": 0.7580713477,
        "incomeTaxExpense": -2262000,
        "netIncome": 122176000,
        "netIncomeRatio": 0.7723712409,
        "eps": 0.35,
        "epsdiluted": 0.34,
        "weightedAverageShsOut": 352898000,
        "weightedAverageShsOutDil": 355903000,
        "link": "https://www.sec.gov/Archives/edgar/data/1323404/000132340411000004/0001323404-11-000004-index.htm",
        "finalLink": "https://www.sec.gov/Archives/edgar/data/1323404/000132340411000004/slw6kmdafs20110331ex99-1.htm"
    },
    {
        "date": "2010-12-31",
        "symbol": "WPM",
        "reportedCurrency": "USD",
        "cik": "0001323404",
        "fillingDate": "2011-03-24",
        "acceptedDate": "2011-03-24 15:52:12",
        "calendarYear": "2010",
        "period": "Q4",
        "revenue": 149577000,
        "costOfRevenue": 38882000,
        "grossProfit": 110695000,
        "grossProfitRatio": 0.7400536179,
        "researchAndDevelopmentExpenses": 0,
        "generalAndAdministrativeExpenses": 0,
        "sellingAndMarketingExpenses": 0,
        "sellingGeneralAndAdministrativeExpenses": 6409000,
        "otherExpenses": 104286000,
        "operatingExpenses": 110695000,
        "costAndExpenses": 149577000,
        "interestIncome": 0,
        "interestExpense": 0,
        "depreciationAndAmortization": 16224000,
        "ebitda": 112252000,
        "ebitdaratio": 0.7504629722,
        "operatingIncome": 96028000,
        "operatingIncomeRatio": 0.6419970985,
        "totalOtherIncomeExpensesNet": 18129000,
        "incomeBeforeTax": 114157000,
        "incomeBeforeTaxRatio": 0.7631988875,
        "incomeTaxExpense": -8815000,
        "netIncome": 122972000,
        "netIncomeRatio": 0.8221317449,
        "eps": 0.18,
        "epsdiluted": 0.18,
        "weightedAverageShsOut": 352898000,
        "weightedAverageShsOutDil": 355903000,
        "link": "https://www.sec.gov/Archives/edgar/data/1323404/000117625611000244/0001176256-11-000244-index.htm",
        "finalLink": "https://www.sec.gov/Archives/edgar/data/1323404/000117625611000244/exhibit99-1.htm"
    },
    {
        "date": "2010-09-30",
        "symbol": "WPM",
        "reportedCurrency": "USD",
        "cik": "0001323404",
        "fillingDate": "2010-09-30",
        "acceptedDate": "2010-09-30 00:00:00",
        "calendarYear": "2010",
        "period": "Q3",
        "revenue": 92834000,
        "costOfRevenue": 31659000,
        "grossProfit": 61175000,
        "grossProfitRatio": 0.6589719284,
        "researchAndDevelopmentExpenses": 0,
        "generalAndAdministrativeExpenses": 4947000,
        "sellingAndMarketingExpenses": 0,
        "sellingGeneralAndAdministrativeExpenses": 4947000,
        "otherExpenses": 56228000,
        "operatingExpenses": 61175000,
        "costAndExpenses": 92834000,
        "interestIncome": 0,
        "interestExpense": 0,
        "depreciationAndAmortization": 12573000,
        "ebitda": 31242000,
        "ebitdaratio": 0.3365361829,
        "operatingIncome": 18669000,
        "operatingIncomeRatio": 0.2011008898,
        "totalOtherIncomeExpensesNet": 505000,
        "incomeBeforeTax": 19174000,
        "incomeBeforeTaxRatio": 0.2065407071,
        "incomeTaxExpense": -4497000,
        "netIncome": 69234000,
        "netIncomeRatio": 0.7457827951,
        "eps": 0.07,
        "epsdiluted": 0.07,
        "weightedAverageShsOut": 344253000,
        "weightedAverageShsOutDil": 346242000,
        "link": null,
        "finalLink": null
    },
    {
        "date": "2010-06-30",
        "symbol": "WPM",
        "reportedCurrency": "USD",
        "cik": "0001323404",
        "fillingDate": "2010-06-30",
        "acceptedDate": "2010-06-30 00:00:00",
        "calendarYear": "2010",
        "period": "Q2",
        "revenue": 95004000,
        "costOfRevenue": 36060000,
        "grossProfit": 58944000,
        "grossProfitRatio": 0.6204370342,
        "researchAndDevelopmentExpenses": 0,
        "generalAndAdministrativeExpenses": 0,
        "sellingAndMarketingExpenses": 0,
        "sellingGeneralAndAdministrativeExpenses": 6118000,
        "otherExpenses": 52826000,
        "operatingExpenses": 58944000,
        "costAndExpenses": 95004000,
        "interestIncome": 0,
        "interestExpense": 0,
        "depreciationAndAmortization": 15426000,
        "ebitda": 30975000,
        "ebitdaratio": 0.3260389036,
        "operatingIncome": 15549000,
        "operatingIncomeRatio": 0.163666793,
        "totalOtherIncomeExpensesNet": 150000,
        "incomeBeforeTax": 15699000,
        "incomeBeforeTaxRatio": 0.1652456739,
        "incomeTaxExpense": 446000,
        "netIncome": 53258000,
        "netIncomeRatio": 0.5605869227,
        "eps": 0.04,
        "epsdiluted": 0.04,
        "weightedAverageShsOut": 342898000,
        "weightedAverageShsOutDil": 344681000,
        "link": null,
        "finalLink": null
    },
    {
        "date": "2010-03-31",
        "symbol": "WPM",
        "reportedCurrency": "USD",
        "cik": "0001323404",
        "fillingDate": "2010-03-31",
        "acceptedDate": "2010-03-31 00:00:00",
        "calendarYear": "2010",
        "period": "Q1",
        "revenue": 85938000,
        "costOfRevenue": 33718000,
        "grossProfit": 52220000,
        "grossProfitRatio": 0.6076473737,
        "researchAndDevelopmentExpenses": 0,
        "generalAndAdministrativeExpenses": 4864000,
        "sellingAndMarketingExpenses": 0,
        "sellingGeneralAndAdministrativeExpenses": 4864000,
        "otherExpenses": -3548000,
        "operatingExpenses": 1316000,
        "costAndExpenses": 35034000,
        "interestIncome": 0,
        "interestExpense": 0,
        "depreciationAndAmortization": 13616000,
        "ebitda": 64520000,
        "ebitdaratio": 0.7507738137,
        "operatingIncome": 52220000,
        "operatingIncomeRatio": 0.6076473737,
        "totalOtherIncomeExpensesNet": -1284000,
        "incomeBeforeTax": 50936000,
        "incomeBeforeTaxRatio": 0.5927063697,
        "incomeTaxExpense": 377000,
        "netIncome": 44630000,
        "netIncomeRatio": 0.5193278875,
        "eps": 0.15,
        "epsdiluted": 0.13,
        "weightedAverageShsOut": 342334000,
        "weightedAverageShsOutDil": 346457000,
        "link": null,
        "finalLink": null
    },
    {
        "date": "2009-12-31",
        "symbol": "WPM",
        "reportedCurrency": "USD",
        "cik": "0001323404",
        "fillingDate": "2010-03-26",
        "acceptedDate": "2010-03-26 17:27:16",
        "calendarYear": "2009",
        "period": "Q4",
        "revenue": 90551000,
        "costOfRevenue": 35632000,
        "grossProfit": 54919000,
        "grossProfitRatio": 0.6064979956,
        "researchAndDevelopmentExpenses": 0,
        "generalAndAdministrativeExpenses": 0,
        "sellingAndMarketingExpenses": 0,
        "sellingGeneralAndAdministrativeExpenses": 4371000,
        "otherExpenses": 50548000,
        "operatingExpenses": 54919000,
        "costAndExpenses": 90551000,
        "interestIncome": 0,
        "interestExpense": 0,
        "depreciationAndAmortization": 15054000,
        "ebitda": 66392000,
        "ebitdaratio": 0.7332000751,
        "operatingIncome": 50548000,
        "operatingIncomeRatio": 0.5582268556,
        "totalOtherIncomeExpensesNet": 261000,
        "incomeBeforeTax": 50809000,
        "incomeBeforeTaxRatio": 0.5611092092,
        "incomeTaxExpense": 0,
        "netIncome": 50809000,
        "netIncomeRatio": 0.5611092092,
        "eps": 0.15,
        "epsdiluted": 0.15,
        "weightedAverageShsOut": 342334000,
        "weightedAverageShsOutDil": 346457000,
        "link": "https://www.sec.gov/Archives/edgar/data/1323404/000117625610000260/0001176256-10-000260-index.htm",
        "finalLink": "https://www.sec.gov/Archives/edgar/data/1323404/000117625610000260/exhibit99-1.htm"
    },
    {
        "date": "2009-09-30",
        "symbol": "WPM",
        "reportedCurrency": "USD",
        "cik": "0001323404",
        "fillingDate": "2009-09-30",
        "acceptedDate": "2009-09-30 00:00:00",
        "calendarYear": "2009",
        "period": "Q3",
        "revenue": 69767000,
        "costOfRevenue": 31929000,
        "grossProfit": 37838000,
        "grossProfitRatio": 0.5423481015,
        "researchAndDevelopmentExpenses": 0,
        "generalAndAdministrativeExpenses": 3906000,
        "sellingAndMarketingExpenses": 0,
        "sellingGeneralAndAdministrativeExpenses": 3906000,
        "otherExpenses": 33932000,
        "operatingExpenses": 37838000,
        "costAndExpenses": 69767000,
        "interestIncome": 0,
        "interestExpense": 0,
        "depreciationAndAmortization": 13229000,
        "ebitda": 46795000,
        "ebitdaratio": 0.6707325813,
        "operatingIncome": 33566000,
        "operatingIncomeRatio": 0.4811157137,
        "totalOtherIncomeExpensesNet": 0,
        "incomeBeforeTax": 33566000,
        "incomeBeforeTaxRatio": 0.4811157137,
        "incomeTaxExpense": 0,
        "netIncome": 33566000,
        "netIncomeRatio": 0.4811157137,
        "eps": 0.11,
        "epsdiluted": 0.11,
        "weightedAverageShsOut": 313445000,
        "weightedAverageShsOutDil": 317431000,
        "link": null,
        "finalLink": null
    },
    {
        "date": "2009-06-30",
        "symbol": "WPM",
        "reportedCurrency": "USD",
        "cik": "0001323404",
        "fillingDate": "2009-06-30",
        "acceptedDate": "2009-06-30 00:00:00",
        "calendarYear": "2009",
        "period": "Q2",
        "revenue": 41403000,
        "costOfRevenue": 11764000,
        "grossProfit": 23220000,
        "grossProfitRatio": 0.5608289254,
        "researchAndDevelopmentExpenses": 0,
        "generalAndAdministrativeExpenses": 0,
        "sellingAndMarketingExpenses": 0,
        "sellingGeneralAndAdministrativeExpenses": 4433000,
        "otherExpenses": 6419000,
        "operatingExpenses": 10852000,
        "costAndExpenses": 22616000,
        "interestIncome": 0,
        "interestExpense": 0,
        "depreciationAndAmortization": 6482000,
        "ebitda": 31339000,
        "ebitdaratio": 0.7569258266,
        "operatingIncome": 18787000,
        "operatingIncomeRatio": 0.4537593894,
        "totalOtherIncomeExpensesNet": -349000,
        "incomeBeforeTax": 18438000,
        "incomeBeforeTaxRatio": 0.4453300485,
        "incomeTaxExpense": 0,
        "netIncome": 18438000,
        "netIncomeRatio": 0.4453300485,
        "eps": 0.07,
        "epsdiluted": 0.06,
        "weightedAverageShsOut": 297973000,
        "weightedAverageShsOutDil": 301235000,
        "link": null,
        "finalLink": null
    },
    {
        "date": "2009-03-31",
        "symbol": "WPM",
        "reportedCurrency": "USD",
        "cik": "0001323404",
        "fillingDate": "2009-03-31",
        "acceptedDate": "2009-03-31 00:00:00",
        "calendarYear": "2009",
        "period": "Q1",
        "revenue": 37572000,
        "costOfRevenue": 19127000,
        "grossProfit": 18445000,
        "grossProfitRatio": 0.4909240924,
        "researchAndDevelopmentExpenses": 0,
        "generalAndAdministrativeExpenses": 4578000,
        "sellingAndMarketingExpenses": 0,
        "sellingGeneralAndAdministrativeExpenses": 4578000,
        "otherExpenses": 0,
        "operatingExpenses": 4578000,
        "costAndExpenses": 23705000,
        "interestIncome": 0,
        "interestExpense": 0,
        "depreciationAndAmortization": 6648000,
        "ebitda": 20515000,
        "ebitdaratio": 0.5460183115,
        "operatingIncome": 18445000,
        "operatingIncomeRatio": 0.4909240924,
        "totalOtherIncomeExpensesNet": -3334000,
        "incomeBeforeTax": 15111000,
        "incomeBeforeTaxRatio": 0.4021877994,
        "incomeTaxExpense": 0,
        "netIncome": 15111000,
        "netIncomeRatio": 0.4021877994,
        "eps": 0.06,
        "epsdiluted": 0.06,
        "weightedAverageShsOut": 270284000,
        "weightedAverageShsOutDil": 272767000,
        "link": null,
        "finalLink": null
    },
    {
        "date": "2008-12-31",
        "symbol": "WPM",
        "reportedCurrency": "USD",
        "cik": "0001323404",
        "fillingDate": "2008-12-31",
        "acceptedDate": "2008-12-31 00:00:00",
        "calendarYear": "2008",
        "period": "Q4",
        "revenue": 37087000,
        "costOfRevenue": 32350000,
        "grossProfit": 4737000,
        "grossProfitRatio": 0.1277266967,
        "researchAndDevelopmentExpenses": 0,
        "generalAndAdministrativeExpenses": 0,
        "sellingAndMarketingExpenses": 0,
        "sellingGeneralAndAdministrativeExpenses": 4455000,
        "otherExpenses": -709000,
        "operatingExpenses": 3746000,
        "costAndExpenses": 36096000,
        "interestIncome": 27000,
        "interestExpense": 48381000,
        "depreciationAndAmortization": 5923000,
        "ebitda": -59564000,
        "ebitdaratio": -1.6060614231,
        "operatingIncome": 991000,
        "operatingIncomeRatio": 0.0267209534,
        "totalOtherIncomeExpensesNet": -51566000,
        "incomeBeforeTax": -50575000,
        "incomeBeforeTaxRatio": -1.3636853884,
        "incomeTaxExpense": -711000,
        "netIncome": -49863000,
        "netIncomeRatio": -1.3444872867,
        "eps": -0.18,
        "epsdiluted": -0.18,
        "weightedAverageShsOut": 270284000,
        "weightedAverageShsOutDil": 272767000,
        "link": null,
        "finalLink": null
    },
    {
        "date": "2008-09-30",
        "symbol": "WPM",
        "reportedCurrency": "USD",
        "cik": "0001323404",
        "fillingDate": "2008-09-30",
        "acceptedDate": "2008-09-30 00:00:00",
        "calendarYear": "2008",
        "period": "Q3",
        "revenue": 39371000,
        "costOfRevenue": 15829000,
        "grossProfit": 23542000,
        "grossProfitRatio": 0.5979528079,
        "researchAndDevelopmentExpenses": 0,
        "generalAndAdministrativeExpenses": 0,
        "sellingAndMarketingExpenses": 0,
        "sellingGeneralAndAdministrativeExpenses": 3589000,
        "otherExpenses": -2162000,
        "operatingExpenses": 1427000,
        "costAndExpenses": 17256000,
        "interestIncome": 128000,
        "interestExpense": 0,
        "depreciationAndAmortization": 5152000,
        "ebitda": 25105000,
        "ebitdaratio": 0.6376520789,
        "operatingIncome": 22115000,
        "operatingIncomeRatio": 0.561707856,
        "totalOtherIncomeExpensesNet": -1874000,
        "incomeBeforeTax": 20241000,
        "incomeBeforeTaxRatio": 0.5141093698,
        "incomeTaxExpense": 0,
        "netIncome": 19014000,
        "netIncomeRatio": 0.4829442991,
        "eps": 0.09,
        "epsdiluted": 0.08,
        "weightedAverageShsOut": 232710000,
        "weightedAverageShsOutDil": 249010000,
        "link": null,
        "finalLink": null
    },
    {
        "date": "2008-06-30",
        "symbol": "WPM",
        "reportedCurrency": "USD",
        "cik": "0001323404",
        "fillingDate": "2008-06-30",
        "acceptedDate": "2008-06-30 00:00:00",
        "calendarYear": "2008",
        "period": "Q2",
        "revenue": 49675000,
        "costOfRevenue": 16477000,
        "grossProfit": 33198000,
        "grossProfitRatio": 0.6683039758,
        "researchAndDevelopmentExpenses": 0,
        "generalAndAdministrativeExpenses": 0,
        "sellingAndMarketingExpenses": 0,
        "sellingGeneralAndAdministrativeExpenses": 4849000,
        "otherExpenses": 0,
        "operatingExpenses": 4849000,
        "costAndExpenses": 21326000,
        "interestIncome": 94000,
        "interestExpense": 322000,
        "depreciationAndAmortization": 5216000,
        "ebitda": 33565000,
        "ebitdaratio": 0.675691998,
        "operatingIncome": 28349000,
        "operatingIncomeRatio": 0.5706894816,
        "totalOtherIncomeExpensesNet": -855000,
        "incomeBeforeTax": 27494000,
        "incomeBeforeTaxRatio": 0.5534776044,
        "incomeTaxExpense": 4218000,
        "netIncome": 23276000,
        "netIncomeRatio": 0.4685656769,
        "eps": 0.1,
        "epsdiluted": 0.09,
        "weightedAverageShsOut": 223744000,
        "weightedAverageShsOutDil": 249282000,
        "link": null,
        "finalLink": null
    },
    {
        "date": "2008-03-31",
        "symbol": "WPM",
        "reportedCurrency": "USD",
        "cik": "0001323404",
        "fillingDate": "2008-03-31",
        "acceptedDate": "2008-03-31 00:00:00",
        "calendarYear": "2008",
        "period": "Q1",
        "revenue": 48948000,
        "costOfRevenue": 11095000,
        "grossProfit": 37853000,
        "grossProfitRatio": 0.7733308818,
        "researchAndDevelopmentExpenses": 0,
        "generalAndAdministrativeExpenses": 0,
        "sellingAndMarketingExpenses": 0,
        "sellingGeneralAndAdministrativeExpenses": 6202000,
        "otherExpenses": 4075000,
        "operatingExpenses": 10277000,
        "costAndExpenses": 21372000,
        "interestIncome": 82000,
        "interestExpense": 8000,
        "depreciationAndAmortization": 4075000,
        "ebitda": 31651000,
        "ebitdaratio": 0.6466249898,
        "operatingIncome": 27576000,
        "operatingIncomeRatio": 0.5633733758,
        "totalOtherIncomeExpensesNet": -8000,
        "incomeBeforeTax": 27568000,
        "incomeBeforeTaxRatio": 0.5632099371,
        "incomeTaxExpense": -360000,
        "netIncome": 27928000,
        "netIncomeRatio": 0.5705646809,
        "eps": 0.13,
        "epsdiluted": 0.11,
        "weightedAverageShsOut": 223266000,
        "weightedAverageShsOutDil": 250934000,
        "link": null,
        "finalLink": null
    },
    {
        "date": "2007-12-31",
        "symbol": "WPM",
        "reportedCurrency": "USD",
        "cik": "0001323404",
        "fillingDate": "2008-04-22",
        "acceptedDate": "2008-04-22 13:11:34",
        "calendarYear": "2007",
        "period": "Q4",
        "revenue": 50232000,
        "costOfRevenue": 13910000,
        "grossProfit": 36322000,
        "grossProfitRatio": 0.7230848861,
        "researchAndDevelopmentExpenses": 0,
        "generalAndAdministrativeExpenses": 0,
        "sellingAndMarketingExpenses": 0,
        "sellingGeneralAndAdministrativeExpenses": 3480000,
        "otherExpenses": 3007000,
        "operatingExpenses": 6487000,
        "costAndExpenses": 20397000,
        "interestIncome": 37000,
        "interestExpense": 3961000,
        "depreciationAndAmortization": 6487000,
        "ebitda": 36108000,
        "ebitdaratio": 0.7188246536,
        "operatingIncome": 29835000,
        "operatingIncomeRatio": 0.5939440994,
        "totalOtherIncomeExpensesNet": -3748000,
        "incomeBeforeTax": 26087000,
        "incomeBeforeTaxRatio": 0.5193303074,
        "incomeTaxExpense": 1204000,
        "netIncome": 24883000,
        "netIncomeRatio": 0.4953615225,
        "eps": 0.11,
        "epsdiluted": 0.1,
        "weightedAverageShsOut": 223266000,
        "weightedAverageShsOutDil": 250934000,
        "link": "https://www.sec.gov/Archives/edgar/data/1323404/000117625608000525/0001176256-08-000525-index.htm",
        "finalLink": "https://www.sec.gov/Archives/edgar/data/1323404/000117625608000525/exhibit991.htm"
    },
    {
        "date": "2007-09-30",
        "symbol": "WPM",
        "reportedCurrency": "USD",
        "cik": "0001323404",
        "fillingDate": "2007-09-30",
        "acceptedDate": "2007-09-30 00:00:00",
        "calendarYear": "2007",
        "period": "Q3",
        "revenue": 39600000,
        "costOfRevenue": 12201000,
        "grossProfit": 27399000,
        "grossProfitRatio": 0.6918939394,
        "researchAndDevelopmentExpenses": 0,
        "generalAndAdministrativeExpenses": 0,
        "sellingAndMarketingExpenses": 0,
        "sellingGeneralAndAdministrativeExpenses": 2112000,
        "otherExpenses": 2673000,
        "operatingExpenses": 4785000,
        "costAndExpenses": 16986000,
        "interestIncome": 158000,
        "interestExpense": 3408000,
        "depreciationAndAmortization": 4786000,
        "ebitda": 27443000,
        "ebitdaratio": 0.6930050505,
        "operatingIncome": 22614000,
        "operatingIncomeRatio": 0.5710606061,
        "totalOtherIncomeExpensesNet": -2682000,
        "incomeBeforeTax": 19932000,
        "incomeBeforeTaxRatio": 0.5033333333,
        "incomeTaxExpense": 747000,
        "netIncome": 19184000,
        "netIncomeRatio": 0.4844444444,
        "eps": 0.09,
        "epsdiluted": 0.08,
        "weightedAverageShsOut": 222393000,
        "weightedAverageShsOutDil": 247250000,
        "link": null,
        "finalLink": null
    },
    {
        "date": "2007-06-30",
        "symbol": "WPM",
        "reportedCurrency": "USD",
        "cik": "0001323404",
        "fillingDate": "2007-06-30",
        "acceptedDate": "2007-06-30 00:00:00",
        "calendarYear": "2007",
        "period": "Q2",
        "revenue": 41464000,
        "costOfRevenue": 11906000,
        "grossProfit": 29558000,
        "grossProfitRatio": 0.7128593479,
        "researchAndDevelopmentExpenses": 0,
        "generalAndAdministrativeExpenses": 0,
        "sellingAndMarketingExpenses": 0,
        "sellingGeneralAndAdministrativeExpenses": 2642000,
        "otherExpenses": 2955000,
        "operatingExpenses": 5597000,
        "costAndExpenses": 17503000,
        "interestIncome": 422000,
        "interestExpense": 3290000,
        "depreciationAndAmortization": 5597000,
        "ebitda": 29558000,
        "ebitdaratio": 0.7128593479,
        "operatingIncome": 23961000,
        "operatingIncomeRatio": 0.5778747829,
        "totalOtherIncomeExpensesNet": -2755000,
        "incomeBeforeTax": 21206000,
        "incomeBeforeTaxRatio": 0.5114316033,
        "incomeTaxExpense": -1649000,
        "netIncome": 22855000,
        "netIncomeRatio": 0.5512010419,
        "eps": 0.1,
        "epsdiluted": 0.09,
        "weightedAverageShsOut": 221640000,
        "weightedAverageShsOutDil": 245534000,
        "link": null,
        "finalLink": null
    },
    {
        "date": "2007-03-31",
        "symbol": "WPM",
        "reportedCurrency": "USD",
        "cik": "0001323404",
        "fillingDate": "2007-03-31",
        "acceptedDate": "2007-03-31 00:00:00",
        "calendarYear": "2007",
        "period": "Q1",
        "revenue": 44132000,
        "costOfRevenue": 13039000,
        "grossProfit": 31093000,
        "grossProfitRatio": 0.7045454545,
        "researchAndDevelopmentExpenses": 0,
        "generalAndAdministrativeExpenses": 0,
        "sellingAndMarketingExpenses": 0,
        "sellingGeneralAndAdministrativeExpenses": 2284000,
        "otherExpenses": 2551000,
        "operatingExpenses": 4835000,
        "costAndExpenses": 17874000,
        "interestIncome": 0,
        "interestExpense": 1796000,
        "depreciationAndAmortization": 4835000,
        "ebitda": 31093000,
        "ebitdaratio": 0.7045454545,
        "operatingIncome": 26258000,
        "operatingIncomeRatio": 0.594987764,
        "totalOtherIncomeExpensesNet": -1601000,
        "incomeBeforeTax": 24657000,
        "incomeBeforeTaxRatio": 0.5587102329,
        "incomeTaxExpense": -280000,
        "netIncome": 24937000,
        "netIncomeRatio": 0.5650548355,
        "eps": 0.11,
        "epsdiluted": 0.1,
        "weightedAverageShsOut": 220853000,
        "weightedAverageShsOutDil": 244239000,
        "link": null,
        "finalLink": null
    },
    {
        "date": "2006-12-31",
        "symbol": "WPM",
        "reportedCurrency": "USD",
        "cik": "0001323404",
        "fillingDate": "2006-12-31",
        "acceptedDate": "2006-12-31 00:00:00",
        "calendarYear": "2006",
        "period": "Q4",
        "revenue": 43651000,
        "costOfRevenue": 13780000,
        "grossProfit": 29871000,
        "grossProfitRatio": 0.6843142196,
        "researchAndDevelopmentExpenses": 0,
        "generalAndAdministrativeExpenses": 0,
        "sellingAndMarketingExpenses": 0,
        "sellingGeneralAndAdministrativeExpenses": 1965000,
        "otherExpenses": -22333000,
        "operatingExpenses": -20368000,
        "costAndExpenses": -6588000,
        "interestIncome": 829000,
        "interestExpense": 0,
        "depreciationAndAmortization": 5055000,
        "ebitda": 55144000,
        "ebitdaratio": 1.2632929372,
        "operatingIncome": 50239000,
        "operatingIncomeRatio": 1.1509243774,
        "totalOtherIncomeExpensesNet": -50239000,
        "incomeBeforeTax": 0,
        "incomeBeforeTaxRatio": 0,
        "incomeTaxExpense": 0,
        "netIncome": 23762000,
        "netIncomeRatio": 0.5443632448,
        "eps": 0.11,
        "epsdiluted": 0.1,
        "weightedAverageShsOut": 220853000,
        "weightedAverageShsOutDil": 244239000,
        "link": null,
        "finalLink": null
    },
    {
        "date": "2006-09-30",
        "symbol": "WPM",
        "reportedCurrency": "USD",
        "cik": "0001323404",
        "fillingDate": "2006-09-30",
        "acceptedDate": "2006-09-30 00:00:00",
        "calendarYear": "2006",
        "period": "Q3",
        "revenue": 41766000,
        "costOfRevenue": 13729000,
        "grossProfit": 28037000,
        "grossProfitRatio": 0.6712876502,
        "researchAndDevelopmentExpenses": 0,
        "generalAndAdministrativeExpenses": 0,
        "sellingAndMarketingExpenses": 0,
        "sellingGeneralAndAdministrativeExpenses": 1154000,
        "otherExpenses": 3863000,
        "operatingExpenses": 5017000,
        "costAndExpenses": 18746000,
        "interestIncome": 732000,
        "interestExpense": 0,
        "depreciationAndAmortization": 5027000,
        "ebitda": 28090000,
        "ebitdaratio": 0.672556625,
        "operatingIncome": 23020000,
        "operatingIncomeRatio": 0.5511660202,
        "totalOtherIncomeExpensesNet": -23020000,
        "incomeBeforeTax": 0,
        "incomeBeforeTaxRatio": 0,
        "incomeTaxExpense": 0,
        "netIncome": 22518000,
        "netIncomeRatio": 0.5391466743,
        "eps": 0.1,
        "epsdiluted": 0.09,
        "weightedAverageShsOut": 220302000,
        "weightedAverageShsOutDil": 242488000,
        "link": null,
        "finalLink": null
    },
    {
        "date": "2006-06-30",
        "symbol": "WPM",
        "reportedCurrency": "USD",
        "cik": "0001323404",
        "fillingDate": "2007-03-21",
        "acceptedDate": "2007-03-20 21:57:47",
        "calendarYear": "2006",
        "period": "Q2",
        "revenue": 47413000,
        "costOfRevenue": 14841000,
        "grossProfit": 32572000,
        "grossProfitRatio": 0.6869845823,
        "researchAndDevelopmentExpenses": 0,
        "generalAndAdministrativeExpenses": 0,
        "sellingAndMarketingExpenses": 0,
        "sellingGeneralAndAdministrativeExpenses": 2162000,
        "otherExpenses": 2755000,
        "operatingExpenses": 4917000,
        "costAndExpenses": 19758000,
        "interestIncome": 520000,
        "interestExpense": 0,
        "depreciationAndAmortization": 5592000,
        "ebitda": 33322000,
        "ebitdaratio": 0.7028030287,
        "operatingIncome": 27655000,
        "operatingIncomeRatio": 0.5832788476,
        "totalOtherIncomeExpensesNet": -27655000,
        "incomeBeforeTax": 0,
        "incomeBeforeTaxRatio": 0,
        "incomeTaxExpense": 0,
        "netIncome": 25159000,
        "netIncomeRatio": 0.5306350579,
        "eps": 0.12,
        "epsdiluted": 0.11,
        "weightedAverageShsOut": 216815000,
        "weightedAverageShsOutDil": 238569000,
        "link": "https://www.sec.gov/Archives/edgar/data/1323404/000117625607000158/0001176256-07-000158-index.htm",
        "finalLink": "https://www.sec.gov/Archives/edgar/data/1323404/000117625607000158/slw6kaq206mar20.htm"
    },
    {
        "date": "2006-03-31",
        "symbol": "WPM",
        "reportedCurrency": "USD",
        "cik": "0001323404",
        "fillingDate": "2006-03-31",
        "acceptedDate": "2006-03-31 00:00:00",
        "calendarYear": "2006",
        "period": "Q1",
        "revenue": 25711000,
        "costOfRevenue": 10422000,
        "grossProfit": 15289000,
        "grossProfitRatio": 0.594648205,
        "researchAndDevelopmentExpenses": 0,
        "generalAndAdministrativeExpenses": 0,
        "sellingAndMarketingExpenses": 0,
        "sellingGeneralAndAdministrativeExpenses": 662000,
        "otherExpenses": 898000,
        "operatingExpenses": 1560000,
        "costAndExpenses": 11982000,
        "interestIncome": 1140000,
        "interestExpense": 0,
        "depreciationAndAmortization": 1814000,
        "ebitda": 15543000,
        "ebitdaratio": 0.6045272451,
        "operatingIncome": 13729000,
        "operatingIncomeRatio": 0.5339737855,
        "totalOtherIncomeExpensesNet": -13729000,
        "incomeBeforeTax": 0,
        "incomeBeforeTaxRatio": 0,
        "incomeTaxExpense": 0,
        "netIncome": 13781000,
        "netIncomeRatio": 0.5359962662,
        "eps": 0.07,
        "epsdiluted": 0.07,
        "weightedAverageShsOut": 184433000,
        "weightedAverageShsOutDil": 204389000,
        "link": null,
        "finalLink": null
    },
    {
        "date": "2005-12-31",
        "symbol": "WPM",
        "reportedCurrency": "USD",
        "cik": "0001323404",
        "fillingDate": "2005-12-31",
        "acceptedDate": "2005-12-31 00:00:00",
        "calendarYear": "2005",
        "period": "Q4",
        "revenue": 17474000,
        "costOfRevenue": 8489000,
        "grossProfit": 8985000,
        "grossProfitRatio": 0.5141925146,
        "researchAndDevelopmentExpenses": 0,
        "generalAndAdministrativeExpenses": 0,
        "sellingAndMarketingExpenses": 0,
        "sellingGeneralAndAdministrativeExpenses": 1000000,
        "otherExpenses": 279000,
        "operatingExpenses": 1279000,
        "costAndExpenses": 9768000,
        "interestIncome": 254000,
        "interestExpense": 0,
        "depreciationAndAmortization": 1279000,
        "ebitda": 8985000,
        "ebitdaratio": 0.5141925146,
        "operatingIncome": 7706000,
        "operatingIncomeRatio": 0.4409980543,
        "totalOtherIncomeExpensesNet": -7706000,
        "incomeBeforeTax": 0,
        "incomeBeforeTaxRatio": 0,
        "incomeTaxExpense": 0,
        "netIncome": 7009000,
        "netIncomeRatio": 0.4011102209,
        "eps": 0.038,
        "epsdiluted": 0.034,
        "weightedAverageShsOut": 184433000,
        "weightedAverageShsOutDil": 204389000,
        "link": null,
        "finalLink": null
    },
    {
        "date": "2005-09-30",
        "symbol": "WPM",
        "reportedCurrency": "USD",
        "cik": "0001323404",
        "fillingDate": "2005-09-30",
        "acceptedDate": "2005-09-30 00:00:00",
        "calendarYear": "2005",
        "period": "Q3",
        "revenue": 18081000,
        "costOfRevenue": 9885000,
        "grossProfit": 8196000,
        "grossProfitRatio": 0.4532935125,
        "researchAndDevelopmentExpenses": 0,
        "generalAndAdministrativeExpenses": 0,
        "sellingAndMarketingExpenses": 0,
        "sellingGeneralAndAdministrativeExpenses": 475000,
        "otherExpenses": 1166000,
        "operatingExpenses": 1641000,
        "costAndExpenses": 11526000,
        "interestIncome": 0,
        "interestExpense": 0,
        "depreciationAndAmortization": 1641000,
        "ebitda": 8205000,
        "ebitdaratio": 0.4537912726,
        "operatingIncome": 6555000,
        "operatingIncomeRatio": 0.362535258,
        "totalOtherIncomeExpensesNet": -6555000,
        "incomeBeforeTax": 0,
        "incomeBeforeTaxRatio": 0,
        "incomeTaxExpense": 0,
        "netIncome": 6378000,
        "netIncomeRatio": 0.3527459764,
        "eps": 0.04,
        "epsdiluted": 0.04,
        "weightedAverageShsOut": 167108000,
        "weightedAverageShsOutDil": 170092000,
        "link": null,
        "finalLink": null
    },
    {
        "date": "2005-06-30",
        "symbol": "WPM",
        "reportedCurrency": "USD",
        "cik": "0001323404",
        "fillingDate": "2005-06-30",
        "acceptedDate": "2005-06-30 00:00:00",
        "calendarYear": "2005",
        "period": "Q2",
        "revenue": 19263000,
        "costOfRevenue": 10405000,
        "grossProfit": 8858000,
        "grossProfitRatio": 0.4598452993,
        "researchAndDevelopmentExpenses": 0,
        "generalAndAdministrativeExpenses": 0,
        "sellingAndMarketingExpenses": 0,
        "sellingGeneralAndAdministrativeExpenses": 600000,
        "otherExpenses": 1136000,
        "operatingExpenses": 1736000,
        "costAndExpenses": 12141000,
        "interestIncome": 183000,
        "interestExpense": 0,
        "depreciationAndAmortization": 1736000,
        "ebitda": 8858000,
        "ebitdaratio": 0.4598452993,
        "operatingIncome": 7122000,
        "operatingIncomeRatio": 0.369724342,
        "totalOtherIncomeExpensesNet": -7122000,
        "incomeBeforeTax": 0,
        "incomeBeforeTaxRatio": 0,
        "incomeTaxExpense": 0,
        "netIncome": 6722000,
        "netIncomeRatio": 0.3489591445,
        "eps": 0.04,
        "epsdiluted": 0.04,
        "weightedAverageShsOut": 167026000,
        "weightedAverageShsOutDil": 167899000,
        "link": null,
        "finalLink": null
    },
    {
        "date": "2005-03-31",
        "symbol": "WPM",
        "reportedCurrency": "USD",
        "cik": "0001323404",
        "fillingDate": "2005-05-02",
        "acceptedDate": "2005-05-02 16:54:53",
        "calendarYear": "2005",
        "period": "Q1",
        "revenue": 16077000,
        "costOfRevenue": 9061000,
        "grossProfit": 7016000,
        "grossProfitRatio": 0.4363998258,
        "researchAndDevelopmentExpenses": 0,
        "generalAndAdministrativeExpenses": 0,
        "sellingAndMarketingExpenses": 0,
        "sellingGeneralAndAdministrativeExpenses": 463000,
        "otherExpenses": 881000,
        "operatingExpenses": 1344000,
        "costAndExpenses": 10405000,
        "interestIncome": 77000,
        "interestExpense": 0,
        "depreciationAndAmortization": 1344000,
        "ebitda": 7016000,
        "ebitdaratio": 0.4363998258,
        "operatingIncome": 5672000,
        "operatingIncomeRatio": 0.3528021397,
        "totalOtherIncomeExpensesNet": -5672000,
        "incomeBeforeTax": 0,
        "incomeBeforeTaxRatio": 0,
        "incomeTaxExpense": 0,
        "netIncome": 5182000,
        "netIncomeRatio": 0.3223238166,
        "eps": 0.03,
        "epsdiluted": 0.03,
        "weightedAverageShsOut": 167010000,
        "weightedAverageShsOutDil": 167010000,
        "link": "https://www.sec.gov/Archives/edgar/data/1323404/000117625605000158/0001176256-05-000158-index.htm",
        "finalLink": "https://www.sec.gov/Archives/edgar/data/1323404/000117625605000158/0001176256-05-000158.txt"
    },
    {
        "date": "2004-08-31",
        "symbol": "WPM",
        "reportedCurrency": "USD",
        "cik": "0001323404",
        "fillingDate": "2004-08-31",
        "acceptedDate": "2004-08-31 00:00:00",
        "calendarYear": "2004",
        "period": "Q3",
        "revenue": 0,
        "costOfRevenue": 0,
        "grossProfit": 0,
        "grossProfitRatio": 0,
        "researchAndDevelopmentExpenses": 0,
        "generalAndAdministrativeExpenses": 0,
        "sellingAndMarketingExpenses": 0,
        "sellingGeneralAndAdministrativeExpenses": 15536,
        "otherExpenses": 0,
        "operatingExpenses": 15536,
        "costAndExpenses": 15536,
        "interestIncome": 0,
        "interestExpense": 0,
        "depreciationAndAmortization": 0,
        "ebitda": -15536,
        "ebitdaratio": 0,
        "operatingIncome": -15536,
        "operatingIncomeRatio": 0,
        "totalOtherIncomeExpensesNet": 15536,
        "incomeBeforeTax": 0,
        "incomeBeforeTaxRatio": 0,
        "incomeTaxExpense": 0,
        "netIncome": -114177,
        "netIncomeRatio": 0,
        "eps": -0.0664,
        "epsdiluted": -0.0664,
        "weightedAverageShsOut": 1720000,
        "weightedAverageShsOutDil": 1720000,
        "link": null,
        "finalLink": null
    },
    {
        "date": "2004-05-31",
        "symbol": "WPM",
        "reportedCurrency": "USD",
        "cik": "0001323404",
        "fillingDate": "2004-05-31",
        "acceptedDate": "2004-05-31 00:00:00",
        "calendarYear": "2004",
        "period": "Q2",
        "revenue": 0,
        "costOfRevenue": 0,
        "grossProfit": 0,
        "grossProfitRatio": 0,
        "researchAndDevelopmentExpenses": 0,
        "generalAndAdministrativeExpenses": 0,
        "sellingAndMarketingExpenses": 0,
        "sellingGeneralAndAdministrativeExpenses": 19747,
        "otherExpenses": 0,
        "operatingExpenses": 19747,
        "costAndExpenses": 19747,
        "interestIncome": 655,
        "interestExpense": 0,
        "depreciationAndAmortization": 0,
        "ebitda": -19747,
        "ebitdaratio": 0,
        "operatingIncome": -19747,
        "operatingIncomeRatio": 0,
        "totalOtherIncomeExpensesNet": 19747,
        "incomeBeforeTax": 0,
        "incomeBeforeTaxRatio": 0,
        "incomeTaxExpense": 0,
        "netIncome": -19092,
        "netIncomeRatio": 0,
        "eps": -0.0111,
        "epsdiluted": -0.0111,
        "weightedAverageShsOut": 1720000,
        "weightedAverageShsOutDil": 1720000,
        "link": null,
        "finalLink": null
    },
    {
        "date": "2004-02-29",
        "symbol": "WPM",
        "reportedCurrency": "USD",
        "cik": "0001323404",
        "fillingDate": "2004-02-29",
        "acceptedDate": "2004-02-29 00:00:00",
        "calendarYear": "2004",
        "period": "Q1",
        "revenue": -236666,
        "costOfRevenue": 0,
        "grossProfit": 0,
        "grossProfitRatio": 0,
        "researchAndDevelopmentExpenses": 0,
        "generalAndAdministrativeExpenses": 0,
        "sellingAndMarketingExpenses": 0,
        "sellingGeneralAndAdministrativeExpenses": -181263,
        "otherExpenses": 0,
        "operatingExpenses": -181263,
        "costAndExpenses": -181263,
        "interestIncome": 0,
        "interestExpense": 0,
        "depreciationAndAmortization": 0,
        "ebitda": -55403,
        "ebitdaratio": 0.2340978425,
        "operatingIncome": -55403,
        "operatingIncomeRatio": 0.2340978425,
        "totalOtherIncomeExpensesNet": 0,
        "incomeBeforeTax": -55403,
        "incomeBeforeTaxRatio": 0.2340978425,
        "incomeTaxExpense": 0,
        "netIncome": -150619,
        "netIncomeRatio": 0.6364201026,
        "eps": -0.0876,
        "epsdiluted": -0.0876,
        "weightedAverageShsOut": 1720000,
        "weightedAverageShsOutDil": 1720000,
        "link": null,
        "finalLink": null
    },
    {
        "date": "2003-11-30",
        "symbol": "WPM",
        "reportedCurrency": "USD",
        "cik": "0001323404",
        "fillingDate": "2003-11-30",
        "acceptedDate": "2003-11-30 00:00:00",
        "calendarYear": "2003",
        "period": "Q4",
        "revenue": 237846,
        "costOfRevenue": 0,
        "grossProfit": 0,
        "grossProfitRatio": 0,
        "researchAndDevelopmentExpenses": 0,
        "generalAndAdministrativeExpenses": 0,
        "sellingAndMarketingExpenses": 0,
        "sellingGeneralAndAdministrativeExpenses": 201233,
        "otherExpenses": 0,
        "operatingExpenses": 201234,
        "costAndExpenses": 201234,
        "interestIncome": 0,
        "interestExpense": 0,
        "depreciationAndAmortization": 0,
        "ebitda": 36613,
        "ebitdaratio": 0.1539357399,
        "operatingIncome": 36612,
        "operatingIncomeRatio": 0.1539315355,
        "totalOtherIncomeExpensesNet": 0,
        "incomeBeforeTax": 36612,
        "incomeBeforeTaxRatio": 0.1539315355,
        "incomeTaxExpense": 0,
        "netIncome": 36612,
        "netIncomeRatio": 0.1539315355,
        "eps": 0.0213,
        "epsdiluted": 0.0213,
        "weightedAverageShsOut": 1720000,
        "weightedAverageShsOutDil": 1720000,
        "link": null,
        "finalLink": null
    },
    {
        "date": "2003-08-31",
        "symbol": "WPM",
        "reportedCurrency": "USD",
        "cik": "0001323404",
        "fillingDate": "2003-08-31",
        "acceptedDate": "2003-08-31 00:00:00",
        "calendarYear": "2003",
        "period": "Q3",
        "revenue": 171542,
        "costOfRevenue": 0,
        "grossProfit": 0,
        "grossProfitRatio": 0,
        "researchAndDevelopmentExpenses": 0,
        "generalAndAdministrativeExpenses": 0,
        "sellingAndMarketingExpenses": 0,
        "sellingGeneralAndAdministrativeExpenses": -109203,
        "otherExpenses": 259671,
        "operatingExpenses": 150468,
        "costAndExpenses": 150468,
        "interestIncome": 0,
        "interestExpense": 0,
        "depreciationAndAmortization": 0,
        "ebitda": 21073,
        "ebitdaratio": 0.1228445512,
        "operatingIncome": 21074,
        "operatingIncomeRatio": 0.1228503807,
        "totalOtherIncomeExpensesNet": -21074,
        "incomeBeforeTax": 0,
        "incomeBeforeTaxRatio": 0,
        "incomeTaxExpense": 0,
        "netIncome": 23165,
        "netIncomeRatio": 0.1350398153,
        "eps": 0.013,
        "epsdiluted": 0.013,
        "weightedAverageShsOut": 1720000,
        "weightedAverageShsOutDil": 1720000,
        "link": null,
        "finalLink": null
    },
    {
        "date": "2003-05-31",
        "symbol": "WPM",
        "reportedCurrency": "USD",
        "cik": "0001323404",
        "fillingDate": "2003-05-31",
        "acceptedDate": "2003-05-31 00:00:00",
        "calendarYear": "2003",
        "period": "Q2",
        "revenue": 201922,
        "costOfRevenue": 0,
        "grossProfit": 0,
        "grossProfitRatio": 0,
        "researchAndDevelopmentExpenses": 0,
        "generalAndAdministrativeExpenses": 0,
        "sellingAndMarketingExpenses": 0,
        "sellingGeneralAndAdministrativeExpenses": 5168,
        "otherExpenses": 201922,
        "operatingExpenses": 207090,
        "costAndExpenses": 207090,
        "interestIncome": 0,
        "interestExpense": 0,
        "depreciationAndAmortization": 0,
        "ebitda": -5168,
        "ebitdaratio": -0.0255940413,
        "operatingIncome": -5168,
        "operatingIncomeRatio": -0.0255940413,
        "totalOtherIncomeExpensesNet": 35763,
        "incomeBeforeTax": 30595,
        "incomeBeforeTaxRatio": 0.1515189033,
        "incomeTaxExpense": -491,
        "netIncome": 31086,
        "netIncomeRatio": 0.1539505354,
        "eps": -0.0183,
        "epsdiluted": -0.0183,
        "weightedAverageShsOut": 1720000,
        "weightedAverageShsOutDil": 1720000,
        "link": null,
        "finalLink": null
    },
    {
        "date": "2003-02-28",
        "symbol": "WPM",
        "reportedCurrency": "USD",
        "cik": "0001323404",
        "fillingDate": "2003-02-28",
        "acceptedDate": "2003-02-28 00:00:00",
        "calendarYear": "2003",
        "period": "Q1",
        "revenue": 149982,
        "costOfRevenue": 0,
        "grossProfit": 0,
        "grossProfitRatio": 0,
        "researchAndDevelopmentExpenses": 0,
        "generalAndAdministrativeExpenses": 0,
        "sellingAndMarketingExpenses": 0,
        "sellingGeneralAndAdministrativeExpenses": 164152,
        "otherExpenses": 0,
        "operatingExpenses": 164152,
        "costAndExpenses": 164152,
        "interestIncome": 0,
        "interestExpense": 0,
        "depreciationAndAmortization": 0,
        "ebitda": -14170,
        "ebitdaratio": -0.094478004,
        "operatingIncome": -14170,
        "operatingIncomeRatio": -0.094478004,
        "totalOtherIncomeExpensesNet": 0,
        "incomeBeforeTax": -14170,
        "incomeBeforeTaxRatio": -0.094478004,
        "incomeTaxExpense": -5545,
        "netIncome": -8625,
        "netIncomeRatio": -0.0575069008,
        "eps": -0.005,
        "epsdiluted": -0.005,
        "weightedAverageShsOut": 1720000,
        "weightedAverageShsOutDil": 1720000,
        "link": null,
        "finalLink": null
    },
    {
        "date": "2002-11-30",
        "symbol": "WPM",
        "reportedCurrency": "USD",
        "cik": "0001323404",
        "fillingDate": "2002-11-30",
        "acceptedDate": "2002-11-30 00:00:00",
        "calendarYear": "2002",
        "period": "Q4",
        "revenue": 164471,
        "costOfRevenue": 0,
        "grossProfit": 0,
        "grossProfitRatio": 0,
        "researchAndDevelopmentExpenses": 0,
        "generalAndAdministrativeExpenses": 0,
        "sellingAndMarketingExpenses": 0,
        "sellingGeneralAndAdministrativeExpenses": 149920,
        "otherExpenses": 0,
        "operatingExpenses": 149921,
        "costAndExpenses": 149921,
        "interestIncome": 0,
        "interestExpense": 0,
        "depreciationAndAmortization": 0,
        "ebitda": 14551,
        "ebitdaratio": 0.0884715239,
        "operatingIncome": 14550,
        "operatingIncomeRatio": 0.0884654438,
        "totalOtherIncomeExpensesNet": 0,
        "incomeBeforeTax": 14550,
        "incomeBeforeTaxRatio": 0.0884654438,
        "incomeTaxExpense": 5692,
        "netIncome": 8859,
        "netIncomeRatio": 0.0538635991,
        "eps": 0.0051,
        "epsdiluted": 0.0051,
        "weightedAverageShsOut": 1720000,
        "weightedAverageShsOutDil": 1720000,
        "link": null,
        "finalLink": null
    },
    {
        "date": "2002-08-31",
        "symbol": "WPM",
        "reportedCurrency": "USD",
        "cik": "0001323404",
        "fillingDate": "2002-08-31",
        "acceptedDate": "2002-08-31 00:00:00",
        "calendarYear": "2002",
        "period": "Q3",
        "revenue": 136439,
        "costOfRevenue": 0,
        "grossProfit": 0,
        "grossProfitRatio": 0,
        "researchAndDevelopmentExpenses": 0,
        "generalAndAdministrativeExpenses": 0,
        "sellingAndMarketingExpenses": 0,
        "sellingGeneralAndAdministrativeExpenses": -74860,
        "otherExpenses": 195354,
        "operatingExpenses": 120494,
        "costAndExpenses": 120494,
        "interestIncome": 0,
        "interestExpense": 0,
        "depreciationAndAmortization": 0,
        "ebitda": 356,
        "ebitdaratio": 0.0026092246,
        "operatingIncome": 15945,
        "operatingIncomeRatio": 0.1168654124,
        "totalOtherIncomeExpensesNet": -15945,
        "incomeBeforeTax": 0,
        "incomeBeforeTaxRatio": 0,
        "incomeTaxExpense": 0,
        "netIncome": 20524,
        "netIncomeRatio": 0.1504261978,
        "eps": 0.0312,
        "epsdiluted": 0.0312,
        "weightedAverageShsOut": 1720000,
        "weightedAverageShsOutDil": 1720000,
        "link": null,
        "finalLink": null
    },
    {
        "date": "2002-05-31",
        "symbol": "WPM",
        "reportedCurrency": "USD",
        "cik": "0001323404",
        "fillingDate": "2002-05-31",
        "acceptedDate": "2002-05-31 00:00:00",
        "calendarYear": "2002",
        "period": "Q2",
        "revenue": 159542,
        "costOfRevenue": 0,
        "grossProfit": 0,
        "grossProfitRatio": 0,
        "researchAndDevelopmentExpenses": 0,
        "generalAndAdministrativeExpenses": 0,
        "sellingAndMarketingExpenses": 0,
        "sellingGeneralAndAdministrativeExpenses": 154549,
        "otherExpenses": 0,
        "operatingExpenses": 154549,
        "costAndExpenses": 154549,
        "interestIncome": 0,
        "interestExpense": 0,
        "depreciationAndAmortization": 0,
        "ebitda": 4993,
        "ebitdaratio": 0.0312958343,
        "operatingIncome": 4993,
        "operatingIncomeRatio": 0.0312958343,
        "totalOtherIncomeExpensesNet": -4993,
        "incomeBeforeTax": 0,
        "incomeBeforeTaxRatio": 0,
        "incomeTaxExpense": 0,
        "netIncome": 4993,
        "netIncomeRatio": 0.0312958343,
        "eps": 0.0029,
        "epsdiluted": 0.0029,
        "weightedAverageShsOut": 1720000,
        "weightedAverageShsOutDil": 1720000,
        "link": null,
        "finalLink": null
    },
    {
        "date": "2002-02-28",
        "symbol": "WPM",
        "reportedCurrency": "USD",
        "cik": "0001323404",
        "fillingDate": "2002-02-28",
        "acceptedDate": "2002-02-28 00:00:00",
        "calendarYear": "2002",
        "period": "Q1",
        "revenue": 117999,
        "costOfRevenue": 0,
        "grossProfit": 0,
        "grossProfitRatio": 0,
        "researchAndDevelopmentExpenses": 0,
        "generalAndAdministrativeExpenses": 0,
        "sellingAndMarketingExpenses": 0,
        "sellingGeneralAndAdministrativeExpenses": 129459,
        "otherExpenses": 137302,
        "operatingExpenses": 266761,
        "costAndExpenses": 266761,
        "interestIncome": 0,
        "interestExpense": 0,
        "depreciationAndAmortization": 0,
        "ebitda": -11460,
        "ebitdaratio": -0.0971194671,
        "operatingIncome": -148762,
        "operatingIncomeRatio": -1.2607055992,
        "totalOtherIncomeExpensesNet": 148762,
        "incomeBeforeTax": 0,
        "incomeBeforeTaxRatio": 0,
        "incomeTaxExpense": 0,
        "netIncome": -148762,
        "netIncomeRatio": -1.2607055992,
        "eps": -0.0865,
        "epsdiluted": -0.0865,
        "weightedAverageShsOut": 1720000,
        "weightedAverageShsOutDil": 1720000,
        "link": null,
        "finalLink": null
    },
    {
        "date": "2001-11-30",
        "symbol": "WPM",
        "reportedCurrency": "USD",
        "cik": "0001323404",
        "fillingDate": "2001-11-30",
        "acceptedDate": "2001-11-30 00:00:00",
        "calendarYear": "2001",
        "period": "Q4",
        "revenue": 138915,
        "costOfRevenue": 0,
        "grossProfit": 0,
        "grossProfitRatio": 0,
        "researchAndDevelopmentExpenses": 0,
        "generalAndAdministrativeExpenses": 0,
        "sellingAndMarketingExpenses": 0,
        "sellingGeneralAndAdministrativeExpenses": 129821,
        "otherExpenses": 0,
        "operatingExpenses": 129821,
        "costAndExpenses": 129821,
        "interestIncome": 0,
        "interestExpense": 0,
        "depreciationAndAmortization": 0,
        "ebitda": 9094,
        "ebitdaratio": 0.0654644927,
        "operatingIncome": 9094,
        "operatingIncomeRatio": 0.0654644927,
        "totalOtherIncomeExpensesNet": 0,
        "incomeBeforeTax": 9094,
        "incomeBeforeTaxRatio": 0.0654644927,
        "incomeTaxExpense": 4001,
        "netIncome": 5092,
        "netIncomeRatio": 0.0366555088,
        "eps": 0.003,
        "epsdiluted": 0.003,
        "weightedAverageShsOut": 1720000,
        "weightedAverageShsOutDil": 1720000,
        "link": null,
        "finalLink": null
    },
    {
        "date": "2001-08-31",
        "symbol": "WPM",
        "reportedCurrency": "USD",
        "cik": "0001323404",
        "fillingDate": "2001-08-31",
        "acceptedDate": "2001-08-31 00:00:00",
        "calendarYear": "2001",
        "period": "Q3",
        "revenue": 577767,
        "costOfRevenue": 0,
        "grossProfit": 0,
        "grossProfitRatio": 0,
        "researchAndDevelopmentExpenses": 0,
        "generalAndAdministrativeExpenses": 0,
        "sellingAndMarketingExpenses": 0,
        "sellingGeneralAndAdministrativeExpenses": -54127,
        "otherExpenses": 212254,
        "operatingExpenses": 158127,
        "costAndExpenses": 158127,
        "interestIncome": 0,
        "interestExpense": 0,
        "depreciationAndAmortization": 0,
        "ebitda": 419639,
        "ebitdaratio": 0.7263118177,
        "operatingIncome": 419640,
        "operatingIncomeRatio": 0.7263135485,
        "totalOtherIncomeExpensesNet": -419640,
        "incomeBeforeTax": 0,
        "incomeBeforeTaxRatio": 0,
        "incomeTaxExpense": 0,
        "netIncome": -6204,
        "netIncomeRatio": -0.0107378926,
        "eps": -0.0036,
        "epsdiluted": -0.0036,
        "weightedAverageShsOut": 1720000,
        "weightedAverageShsOutDil": 1720000,
        "link": null,
        "finalLink": null
    },
    {
        "date": "2001-05-31",
        "symbol": "WPM",
        "reportedCurrency": "USD",
        "cik": "0001323404",
        "fillingDate": "2001-05-31",
        "acceptedDate": "2001-05-31 00:00:00",
        "calendarYear": "2001",
        "period": "Q2",
        "revenue": 0,
        "costOfRevenue": 0,
        "grossProfit": 0,
        "grossProfitRatio": 0,
        "researchAndDevelopmentExpenses": 0,
        "generalAndAdministrativeExpenses": 0,
        "sellingAndMarketingExpenses": 0,
        "sellingGeneralAndAdministrativeExpenses": 143512,
        "otherExpenses": 0,
        "operatingExpenses": 143511,
        "costAndExpenses": 143511,
        "interestIncome": 0,
        "interestExpense": 0,
        "depreciationAndAmortization": 0,
        "ebitda": -143511,
        "ebitdaratio": 0,
        "operatingIncome": -143511,
        "operatingIncomeRatio": 0,
        "totalOtherIncomeExpensesNet": 141795,
        "incomeBeforeTax": -1716,
        "incomeBeforeTaxRatio": 0,
        "incomeTaxExpense": -418,
        "netIncome": -1298,
        "netIncomeRatio": 0,
        "eps": -0.0008,
        "epsdiluted": -0.0008,
        "weightedAverageShsOut": 1720000,
        "weightedAverageShsOutDil": 1720000,
        "link": null,
        "finalLink": null
    },
    {
        "date": "2001-02-28",
        "symbol": "WPM",
        "reportedCurrency": "USD",
        "cik": "0001323404",
        "fillingDate": "2001-02-28",
        "acceptedDate": "2001-02-28 00:00:00",
        "calendarYear": "2001",
        "period": "Q1",
        "revenue": 0,
        "costOfRevenue": 0,
        "grossProfit": 0,
        "grossProfitRatio": 0,
        "researchAndDevelopmentExpenses": 0,
        "generalAndAdministrativeExpenses": 0,
        "sellingAndMarketingExpenses": 0,
        "sellingGeneralAndAdministrativeExpenses": 166829,
        "otherExpenses": 0,
        "operatingExpenses": 166828,
        "costAndExpenses": 166828,
        "interestIncome": 0,
        "interestExpense": 0,
        "depreciationAndAmortization": 0,
        "ebitda": -166828,
        "ebitdaratio": 0,
        "operatingIncome": -166828,
        "operatingIncomeRatio": 0,
        "totalOtherIncomeExpensesNet": 167691,
        "incomeBeforeTax": 863,
        "incomeBeforeTaxRatio": 0,
        "incomeTaxExpense": 379,
        "netIncome": 484,
        "netIncomeRatio": 0,
        "eps": 0.0003,
        "epsdiluted": 0.0003,
        "weightedAverageShsOut": 1720000,
        "weightedAverageShsOutDil": 1720000,
        "link": null,
        "finalLink": null
    },
    {
        "date": "2000-11-30",
        "symbol": "WPM",
        "reportedCurrency": "USD",
        "cik": "0001323404",
        "fillingDate": "2000-11-30",
        "acceptedDate": "2000-11-30 00:00:00",
        "calendarYear": "2000",
        "period": "Q4",
        "revenue": 0,
        "costOfRevenue": 0,
        "grossProfit": 0,
        "grossProfitRatio": 0,
        "researchAndDevelopmentExpenses": 0,
        "generalAndAdministrativeExpenses": 0,
        "sellingAndMarketingExpenses": 0,
        "sellingGeneralAndAdministrativeExpenses": 121274,
        "otherExpenses": 0,
        "operatingExpenses": 121274,
        "costAndExpenses": 121274,
        "interestIncome": 121362,
        "interestExpense": 0,
        "depreciationAndAmortization": 0,
        "ebitda": -121273,
        "ebitdaratio": 0,
        "operatingIncome": -121274,
        "operatingIncomeRatio": 0,
        "totalOtherIncomeExpensesNet": 121361,
        "incomeBeforeTax": 87.94215,
        "incomeBeforeTaxRatio": 0,
        "incomeTaxExpense": 39.0854,
        "netIncome": 48.85675,
        "netIncomeRatio": 0,
        "eps": 2.84051e-05,
        "epsdiluted": 2.84051e-05,
        "weightedAverageShsOut": 1720000,
        "weightedAverageShsOutDil": 1720000,
        "link": null,
        "finalLink": null
    },
    {
        "date": "2000-08-31",
        "symbol": "WPM",
        "reportedCurrency": "USD",
        "cik": "0001323404",
        "fillingDate": "2000-08-31",
        "acceptedDate": "2000-08-31 00:00:00",
        "calendarYear": "2000",
        "period": "Q3",
        "revenue": 149172,
        "costOfRevenue": 0,
        "grossProfit": 0,
        "grossProfitRatio": 0,
        "researchAndDevelopmentExpenses": 0,
        "generalAndAdministrativeExpenses": 0,
        "sellingAndMarketingExpenses": 0,
        "sellingGeneralAndAdministrativeExpenses": -155025,
        "otherExpenses": 304197,
        "operatingExpenses": 149172,
        "costAndExpenses": 149172,
        "interestIncome": 0,
        "interestExpense": 0,
        "depreciationAndAmortization": 0,
        "ebitda": -23845,
        "ebitdaratio": -0.1598490333,
        "operatingIncome": -23845,
        "operatingIncomeRatio": -0.1598490333,
        "totalOtherIncomeExpensesNet": 23845,
        "incomeBeforeTax": 0,
        "incomeBeforeTaxRatio": 0,
        "incomeTaxExpense": 0,
        "netIncome": 0,
        "netIncomeRatio": 0,
        "eps": 0,
        "epsdiluted": 0,
        "weightedAverageShsOut": 1720000,
        "weightedAverageShsOutDil": 1720000,
        "link": null,
        "finalLink": null
    },
    {
        "date": "2000-05-31",
        "symbol": "WPM",
        "reportedCurrency": "USD",
        "cik": "0001323404",
        "fillingDate": "2000-05-31",
        "acceptedDate": "2000-05-31 00:00:00",
        "calendarYear": "2000",
        "period": "Q2",
        "revenue": 267308,
        "costOfRevenue": 0,
        "grossProfit": 0,
        "grossProfitRatio": 0,
        "researchAndDevelopmentExpenses": 0,
        "generalAndAdministrativeExpenses": 0,
        "sellingAndMarketingExpenses": 0,
        "sellingGeneralAndAdministrativeExpenses": 267308,
        "otherExpenses": 0,
        "operatingExpenses": 267308,
        "costAndExpenses": 267308,
        "interestIncome": 0,
        "interestExpense": 0,
        "depreciationAndAmortization": 0,
        "ebitda": 0,
        "ebitdaratio": 0,
        "operatingIncome": 0,
        "operatingIncomeRatio": 0,
        "totalOtherIncomeExpensesNet": 0,
        "incomeBeforeTax": 0,
        "incomeBeforeTaxRatio": 0,
        "incomeTaxExpense": 0,
        "netIncome": 0,
        "netIncomeRatio": 0,
        "eps": 0,
        "epsdiluted": 0,
        "weightedAverageShsOut": 1720000,
        "weightedAverageShsOutDil": 1720000,
        "link": null,
        "finalLink": null
    },
    {
        "date": "2000-02-29",
        "symbol": "WPM",
        "reportedCurrency": "USD",
        "cik": "0001323404",
        "fillingDate": "2000-02-29",
        "acceptedDate": "2000-02-29 00:00:00",
        "calendarYear": "2000",
        "period": "Q1",
        "revenue": 137941,
        "costOfRevenue": 0,
        "grossProfit": 0,
        "grossProfitRatio": 0,
        "researchAndDevelopmentExpenses": 0,
        "generalAndAdministrativeExpenses": 0,
        "sellingAndMarketingExpenses": 0,
        "sellingGeneralAndAdministrativeExpenses": 137941,
        "otherExpenses": 0,
        "operatingExpenses": 137941,
        "costAndExpenses": 137941,
        "interestIncome": 0,
        "interestExpense": 0,
        "depreciationAndAmortization": 0,
        "ebitda": 0,
        "ebitdaratio": 0,
        "operatingIncome": 0,
        "operatingIncomeRatio": 0,
        "totalOtherIncomeExpensesNet": 0,
        "incomeBeforeTax": 0,
        "incomeBeforeTaxRatio": 0,
        "incomeTaxExpense": 0,
        "netIncome": 0,
        "netIncomeRatio": 0,
        "eps": 0,
        "epsdiluted": 0,
        "weightedAverageShsOut": 1720000,
        "weightedAverageShsOutDil": 1720000,
        "link": null,
        "finalLink": null
    },
    {
        "date": "1999-11-30",
        "symbol": "WPM",
        "reportedCurrency": "USD",
        "cik": "0001323404",
        "fillingDate": "1999-11-30",
        "acceptedDate": "1999-11-30 00:00:00",
        "calendarYear": "1999",
        "period": "Q4",
        "revenue": 135731,
        "costOfRevenue": 0,
        "grossProfit": 0,
        "grossProfitRatio": 0,
        "researchAndDevelopmentExpenses": 0,
        "generalAndAdministrativeExpenses": 0,
        "sellingAndMarketingExpenses": 0,
        "sellingGeneralAndAdministrativeExpenses": 135731,
        "otherExpenses": 0,
        "operatingExpenses": 135731,
        "costAndExpenses": 135731,
        "interestIncome": 0,
        "interestExpense": 0,
        "depreciationAndAmortization": 0,
        "ebitda": 0,
        "ebitdaratio": 0,
        "operatingIncome": 0,
        "operatingIncomeRatio": 0,
        "totalOtherIncomeExpensesNet": 0,
        "incomeBeforeTax": 0,
        "incomeBeforeTaxRatio": 0,
        "incomeTaxExpense": 0,
        "netIncome": 0,
        "netIncomeRatio": 0,
        "eps": 0,
        "epsdiluted": 0,
        "weightedAverageShsOut": 1720000,
        "weightedAverageShsOutDil": 1720000,
        "link": null,
        "finalLink": null
    },
    {
        "date": "1999-08-31",
        "symbol": "WPM",
        "reportedCurrency": "USD",
        "cik": "0001323404",
        "fillingDate": "1999-08-31",
        "acceptedDate": "1999-08-31 00:00:00",
        "calendarYear": "1999",
        "period": "Q3",
        "revenue": 126954,
        "costOfRevenue": 0,
        "grossProfit": 0,
        "grossProfitRatio": 0,
        "researchAndDevelopmentExpenses": 0,
        "generalAndAdministrativeExpenses": 0,
        "sellingAndMarketingExpenses": 0,
        "sellingGeneralAndAdministrativeExpenses": -74051,
        "otherExpenses": 201005,
        "operatingExpenses": 126954,
        "costAndExpenses": 126954,
        "interestIncome": 0,
        "interestExpense": 0,
        "depreciationAndAmortization": 0,
        "ebitda": 0,
        "ebitdaratio": 0,
        "operatingIncome": 0,
        "operatingIncomeRatio": 0,
        "totalOtherIncomeExpensesNet": 0,
        "incomeBeforeTax": 0,
        "incomeBeforeTaxRatio": 0,
        "incomeTaxExpense": 0,
        "netIncome": 0,
        "netIncomeRatio": 0,
        "eps": 0,
        "epsdiluted": 0,
        "weightedAverageShsOut": 1720000,
        "weightedAverageShsOutDil": 1720000,
        "link": null,
        "finalLink": null
    },
    {
        "date": "1999-05-31",
        "symbol": "WPM",
        "reportedCurrency": "USD",
        "cik": "0001323404",
        "fillingDate": "1999-05-31",
        "acceptedDate": "1999-05-31 00:00:00",
        "calendarYear": "1999",
        "period": "Q2",
        "revenue": 136017,
        "costOfRevenue": 0,
        "grossProfit": 0,
        "grossProfitRatio": 0,
        "researchAndDevelopmentExpenses": 0,
        "generalAndAdministrativeExpenses": 0,
        "sellingAndMarketingExpenses": 0,
        "sellingGeneralAndAdministrativeExpenses": 136017,
        "otherExpenses": 0,
        "operatingExpenses": 136017,
        "costAndExpenses": 136017,
        "interestIncome": 0,
        "interestExpense": 0,
        "depreciationAndAmortization": 0,
        "ebitda": 0,
        "ebitdaratio": 0,
        "operatingIncome": 0,
        "operatingIncomeRatio": 0,
        "totalOtherIncomeExpensesNet": 0,
        "incomeBeforeTax": 0,
        "incomeBeforeTaxRatio": 0,
        "incomeTaxExpense": 0,
        "netIncome": 0,
        "netIncomeRatio": 0,
        "eps": 0,
        "epsdiluted": 0,
        "weightedAverageShsOut": 1720000,
        "weightedAverageShsOutDil": 1720000,
        "link": null,
        "finalLink": null
    },
    {
        "date": "1999-02-28",
        "symbol": "WPM",
        "reportedCurrency": "USD",
        "cik": "0001323404",
        "fillingDate": "1999-02-28",
        "acceptedDate": "1999-02-28 00:00:00",
        "calendarYear": "1999",
        "period": "Q1",
        "revenue": 132442,
        "costOfRevenue": 0,
        "grossProfit": 0,
        "grossProfitRatio": 0,
        "researchAndDevelopmentExpenses": 0,
        "generalAndAdministrativeExpenses": 0,
        "sellingAndMarketingExpenses": 0,
        "sellingGeneralAndAdministrativeExpenses": 132442,
        "otherExpenses": 0,
        "operatingExpenses": 132442,
        "costAndExpenses": 132442,
        "interestIncome": 0,
        "interestExpense": 0,
        "depreciationAndAmortization": 0,
        "ebitda": 0,
        "ebitdaratio": 0,
        "operatingIncome": 0,
        "operatingIncomeRatio": 0,
        "totalOtherIncomeExpensesNet": 0,
        "incomeBeforeTax": 0,
        "incomeBeforeTaxRatio": 0,
        "incomeTaxExpense": 0,
        "netIncome": 0,
        "netIncomeRatio": 0,
        "eps": 0,
        "epsdiluted": 0,
        "weightedAverageShsOut": 1720000,
        "weightedAverageShsOutDil": 1720000,
        "link": null,
        "finalLink": null
    },
    {
        "date": "1998-11-30",
        "symbol": "WPM",
        "reportedCurrency": "USD",
        "cik": "0001323404",
        "fillingDate": "1998-11-30",
        "acceptedDate": "1998-11-30 00:00:00",
        "calendarYear": "1998",
        "period": "Q4",
        "revenue": 130429,
        "costOfRevenue": 0,
        "grossProfit": 0,
        "grossProfitRatio": 0,
        "researchAndDevelopmentExpenses": 0,
        "generalAndAdministrativeExpenses": 0,
        "sellingAndMarketingExpenses": 0,
        "sellingGeneralAndAdministrativeExpenses": 130429,
        "otherExpenses": 0,
        "operatingExpenses": 130429,
        "costAndExpenses": 130429,
        "interestIncome": 0,
        "interestExpense": 0,
        "depreciationAndAmortization": 0,
        "ebitda": 0,
        "ebitdaratio": 0,
        "operatingIncome": 0,
        "operatingIncomeRatio": 0,
        "totalOtherIncomeExpensesNet": 0,
        "incomeBeforeTax": 0,
        "incomeBeforeTaxRatio": 0,
        "incomeTaxExpense": 0,
        "netIncome": 0,
        "netIncomeRatio": 0,
        "eps": 0,
        "epsdiluted": 0,
        "weightedAverageShsOut": 1720000,
        "weightedAverageShsOutDil": 1720000,
        "link": null,
        "finalLink": null
    }
]