[
    {
        "date": "2025-03-31",
        "symbol": "X",
        "reportedCurrency": "USD",
        "cik": "0001163302",
        "fillingDate": "2025-05-02",
        "acceptedDate": "2025-05-02 11:56:15",
        "calendarYear": "2025",
        "period": "Q1",
        "revenue": 3727000000,
        "costOfRevenue": 3493000000,
        "grossProfit": 234000000,
        "grossProfitRatio": 0.0627850818,
        "researchAndDevelopmentExpenses": 0,
        "generalAndAdministrativeExpenses": 0,
        "sellingAndMarketingExpenses": 0,
        "sellingGeneralAndAdministrativeExpenses": 120000000,
        "otherExpenses": 236000000,
        "operatingExpenses": 356000000,
        "costAndExpenses": 3849000000,
        "interestIncome": 10000000,
        "interestExpense": 45000000,
        "depreciationAndAmortization": 249000000,
        "ebitda": 147000000,
        "ebitdaratio": 0.0394419104,
        "operatingIncome": -131000000,
        "operatingIncomeRatio": -0.0351489133,
        "totalOtherIncomeExpensesNet": -16000000,
        "incomeBeforeTax": -147000000,
        "incomeBeforeTaxRatio": -0.0394419104,
        "incomeTaxExpense": -31000000,
        "netIncome": -116000000,
        "netIncomeRatio": -0.0311242286,
        "eps": -0.51,
        "epsdiluted": -0.51,
        "weightedAverageShsOut": 225645000,
        "weightedAverageShsOutDil": 225645000,
        "link": "https://www.sec.gov/Archives/edgar/data/1163302/000116330225000030/0001163302-25-000030-index.htm",
        "finalLink": "https://www.sec.gov/Archives/edgar/data/1163302/000116330225000030/x-20250331.htm"
    },
    {
        "date": "2024-12-31",
        "symbol": "X",
        "reportedCurrency": "USD",
        "cik": "0001163302",
        "fillingDate": "2025-01-31",
        "acceptedDate": "2025-01-31 12:17:51",
        "calendarYear": "2024",
        "period": "Q4",
        "revenue": 3509000000,
        "costOfRevenue": 3270000000,
        "grossProfit": 239000000,
        "grossProfitRatio": 0.0681105728,
        "researchAndDevelopmentExpenses": 0,
        "generalAndAdministrativeExpenses": 0,
        "sellingAndMarketingExpenses": 0,
        "sellingGeneralAndAdministrativeExpenses": 107000000,
        "otherExpenses": 15000000,
        "operatingExpenses": 122000000,
        "costAndExpenses": 3691000000,
        "interestIncome": 8000000,
        "interestExpense": 15000000,
        "depreciationAndAmortization": 251000000,
        "ebitda": 147000000,
        "ebitdaratio": 0.041892277,
        "operatingIncome": -424000000,
        "operatingIncomeRatio": -0.1208321459,
        "totalOtherIncomeExpensesNet": 305000000,
        "incomeBeforeTax": -119000000,
        "incomeBeforeTaxRatio": -0.0339127957,
        "incomeTaxExpense": -30000000,
        "netIncome": -89000000,
        "netIncomeRatio": -0.0253633514,
        "eps": -0.4,
        "epsdiluted": -0.4,
        "weightedAverageShsOut": 225173000,
        "weightedAverageShsOutDil": 225173000,
        "link": "https://www.sec.gov/Archives/edgar/data/1163302/000116330225000018/0001163302-25-000018-index.htm",
        "finalLink": "https://www.sec.gov/Archives/edgar/data/1163302/000116330225000018/x-20241231.htm"
    },
    {
        "date": "2024-09-30",
        "symbol": "X",
        "reportedCurrency": "USD",
        "cik": "0001163302",
        "fillingDate": "2024-11-01",
        "acceptedDate": "2024-11-01 11:42:04",
        "calendarYear": "2024",
        "period": "Q3",
        "revenue": 3840000000,
        "costOfRevenue": 3448000000,
        "grossProfit": 392000000,
        "grossProfitRatio": 0.1020833333,
        "researchAndDevelopmentExpenses": 0,
        "generalAndAdministrativeExpenses": 0,
        "sellingAndMarketingExpenses": 0,
        "sellingGeneralAndAdministrativeExpenses": 104000000,
        "otherExpenses": 253000000,
        "operatingExpenses": 357000000,
        "costAndExpenses": 3805000000,
        "interestIncome": 23000000,
        "interestExpense": 5000000,
        "depreciationAndAmortization": 235000000,
        "ebitda": 349000000,
        "ebitdaratio": 0.0908854167,
        "operatingIncome": 36000000,
        "operatingIncomeRatio": 0.009375,
        "totalOtherIncomeExpensesNet": 73000000,
        "incomeBeforeTax": 109000000,
        "incomeBeforeTaxRatio": 0.0283854167,
        "incomeTaxExpense": -10000000,
        "netIncome": 119000000,
        "netIncomeRatio": 0.0309895833,
        "eps": 0.54,
        "epsdiluted": 0.48,
        "weightedAverageShsOut": 225095000,
        "weightedAverageShsOutDil": 254060000,
        "link": "https://www.sec.gov/Archives/edgar/data/1163302/000116330224000068/0001163302-24-000068-index.htm",
        "finalLink": "https://www.sec.gov/Archives/edgar/data/1163302/000116330224000068/x-20240930.htm"
    },
    {
        "date": "2024-06-30",
        "symbol": "X",
        "reportedCurrency": "USD",
        "cik": "0001163302",
        "fillingDate": "2024-08-02",
        "acceptedDate": "2024-08-02 09:31:33",
        "calendarYear": "2024",
        "period": "Q2",
        "revenue": 4117000000,
        "costOfRevenue": 3832000000,
        "grossProfit": 285000000,
        "grossProfitRatio": 0.069225164,
        "researchAndDevelopmentExpenses": 0,
        "generalAndAdministrativeExpenses": 0,
        "sellingAndMarketingExpenses": 0,
        "sellingGeneralAndAdministrativeExpenses": 105000000,
        "otherExpenses": -19000000,
        "operatingExpenses": 124000000,
        "costAndExpenses": 3956000000,
        "interestIncome": 25000000,
        "interestExpense": 2000000,
        "depreciationAndAmortization": 217000000,
        "ebitda": 458000000,
        "ebitdaratio": 0.111246053,
        "operatingIncome": 161000000,
        "operatingIncomeRatio": 0.0391061453,
        "totalOtherIncomeExpensesNet": 58000000,
        "incomeBeforeTax": 239000000,
        "incomeBeforeTaxRatio": 0.0580519796,
        "incomeTaxExpense": 56000000,
        "netIncome": 183000000,
        "netIncomeRatio": 0.0444498421,
        "eps": 0.81,
        "epsdiluted": 0.72,
        "weightedAverageShsOut": 224893000,
        "weightedAverageShsOutDil": 254248000,
        "link": "https://www.sec.gov/Archives/edgar/data/1163302/000116330224000053/0001163302-24-000053-index.htm",
        "finalLink": "https://www.sec.gov/Archives/edgar/data/1163302/000116330224000053/x-20240630.htm"
    },
    {
        "date": "2024-03-31",
        "symbol": "X",
        "reportedCurrency": "USD",
        "cik": "0001163302",
        "fillingDate": "2024-05-03",
        "acceptedDate": "2024-05-03 11:51:48",
        "calendarYear": "2024",
        "period": "Q1",
        "revenue": 4190000000,
        "costOfRevenue": 3857000000,
        "grossProfit": 333000000,
        "grossProfitRatio": 0.0794749403,
        "researchAndDevelopmentExpenses": 0,
        "generalAndAdministrativeExpenses": 0,
        "sellingAndMarketingExpenses": 0,
        "sellingGeneralAndAdministrativeExpenses": 119000000,
        "otherExpenses": 13000000,
        "operatingExpenses": 106000000,
        "costAndExpenses": 3963000000,
        "interestIncome": 32000000,
        "interestExpense": 2000000,
        "depreciationAndAmortization": 210000000,
        "ebitda": 421000000,
        "ebitdaratio": 0.100477327,
        "operatingIncome": 227000000,
        "operatingIncomeRatio": 0.054176611,
        "totalOtherIncomeExpensesNet": -18000000,
        "incomeBeforeTax": 209000000,
        "incomeBeforeTaxRatio": 0.0498806683,
        "incomeTaxExpense": 38000000,
        "netIncome": 171000000,
        "netIncomeRatio": 0.0408114558,
        "eps": 0.76,
        "epsdiluted": 0.68,
        "weightedAverageShsOut": 224099000,
        "weightedAverageShsOutDil": 254584000,
        "link": "https://www.sec.gov/Archives/edgar/data/1163302/000116330224000022/0001163302-24-000022-index.htm",
        "finalLink": "https://www.sec.gov/Archives/edgar/data/1163302/000116330224000022/x-20240331.htm"
    },
    {
        "date": "2023-12-31",
        "symbol": "X",
        "reportedCurrency": "USD",
        "cik": "0001163302",
        "fillingDate": "2024-02-02",
        "acceptedDate": "2024-02-02 13:15:59",
        "calendarYear": "2023",
        "period": "Q4",
        "revenue": 4144000000,
        "costOfRevenue": 3851000000,
        "grossProfit": 293000000,
        "grossProfitRatio": 0.0707046332,
        "researchAndDevelopmentExpenses": 0,
        "generalAndAdministrativeExpenses": 0,
        "sellingAndMarketingExpenses": 0,
        "sellingGeneralAndAdministrativeExpenses": 181000000,
        "otherExpenses": 343000000,
        "operatingExpenses": 524000000,
        "costAndExpenses": 4375000000,
        "interestIncome": 38000000,
        "interestExpense": 9000000,
        "depreciationAndAmortization": 241000000,
        "ebitda": 85000000,
        "ebitdaratio": 0.020511583,
        "operatingIncome": -231000000,
        "operatingIncomeRatio": -0.0557432432,
        "totalOtherIncomeExpensesNet": -165000000,
        "incomeBeforeTax": -165000000,
        "incomeBeforeTaxRatio": -0.0398166023,
        "incomeTaxExpense": -85000000,
        "netIncome": -80000000,
        "netIncomeRatio": -0.0193050193,
        "eps": -0.36,
        "epsdiluted": -0.36,
        "weightedAverageShsOut": 223130000,
        "weightedAverageShsOutDil": 223130000,
        "link": "https://www.sec.gov/Archives/edgar/data/1163302/000116330224000009/0001163302-24-000009-index.htm",
        "finalLink": "https://www.sec.gov/Archives/edgar/data/1163302/000116330224000009/x-20231231.htm"
    },
    {
        "date": "2023-09-30",
        "symbol": "X",
        "reportedCurrency": "USD",
        "cik": "0001163302",
        "fillingDate": "2023-10-27",
        "acceptedDate": "2023-10-27 12:36:41",
        "calendarYear": "2023",
        "period": "Q3",
        "revenue": 4431000000,
        "costOfRevenue": 3838000000,
        "grossProfit": 593000000,
        "grossProfitRatio": 0.1338298353,
        "researchAndDevelopmentExpenses": 0,
        "generalAndAdministrativeExpenses": 0,
        "sellingAndMarketingExpenses": 0,
        "sellingGeneralAndAdministrativeExpenses": 118000000,
        "otherExpenses": 198000000,
        "operatingExpenses": 316000000,
        "costAndExpenses": 4154000000,
        "interestIncome": 39000000,
        "interestExpense": 16000000,
        "depreciationAndAmortization": 230000000,
        "ebitda": 587000000,
        "ebitdaratio": 0.1324757391,
        "operatingIncome": 277000000,
        "operatingIncomeRatio": 0.0625141052,
        "totalOtherIncomeExpensesNet": 64000000,
        "incomeBeforeTax": 341000000,
        "incomeBeforeTaxRatio": 0.0769577973,
        "incomeTaxExpense": 42000000,
        "netIncome": 299000000,
        "netIncomeRatio": 0.0674791244,
        "eps": 1.34,
        "epsdiluted": 1.19,
        "weightedAverageShsOut": 223109000,
        "weightedAverageShsOutDil": 253070000,
        "link": "https://www.sec.gov/Archives/edgar/data/1163302/000116330223000101/0001163302-23-000101-index.htm",
        "finalLink": "https://www.sec.gov/Archives/edgar/data/1163302/000116330223000101/x-20230930.htm"
    },
    {
        "date": "2023-06-30",
        "symbol": "X",
        "reportedCurrency": "USD",
        "cik": "0001163302",
        "fillingDate": "2023-07-28",
        "acceptedDate": "2023-07-28 13:22:41",
        "calendarYear": "2023",
        "period": "Q2",
        "revenue": 5008000000,
        "costOfRevenue": 4161000000,
        "grossProfit": 847000000,
        "grossProfitRatio": 0.169129393,
        "researchAndDevelopmentExpenses": 0,
        "generalAndAdministrativeExpenses": 0,
        "sellingAndMarketingExpenses": 0,
        "sellingGeneralAndAdministrativeExpenses": 103000000,
        "otherExpenses": 180000000,
        "operatingExpenses": 319000000,
        "costAndExpenses": 4480000000,
        "interestIncome": 34000000,
        "interestExpense": 20000000,
        "depreciationAndAmortization": 224000000,
        "ebitda": 865000000,
        "ebitdaratio": 0.1727236422,
        "operatingIncome": 564000000,
        "operatingIncomeRatio": 0.1126198083,
        "totalOtherIncomeExpensesNet": 57000000,
        "incomeBeforeTax": 621000000,
        "incomeBeforeTaxRatio": 0.1240015974,
        "incomeTaxExpense": 144000000,
        "netIncome": 477000000,
        "netIncomeRatio": 0.0952476038,
        "eps": 2.11,
        "epsdiluted": 1.88,
        "weightedAverageShsOut": 225538000,
        "weightedAverageShsOutDil": 254155000,
        "link": "https://www.sec.gov/Archives/edgar/data/1163302/000116330223000078/0001163302-23-000078-index.htm",
        "finalLink": "https://www.sec.gov/Archives/edgar/data/1163302/000116330223000078/x-20230630.htm"
    },
    {
        "date": "2023-03-31",
        "symbol": "X",
        "reportedCurrency": "USD",
        "cik": "0001163302",
        "fillingDate": "2023-04-28",
        "acceptedDate": "2023-04-28 10:49:35",
        "calendarYear": "2023",
        "period": "Q1",
        "revenue": 4470000000,
        "costOfRevenue": 3953000000,
        "grossProfit": 517000000,
        "grossProfitRatio": 0.1156599553,
        "researchAndDevelopmentExpenses": 0,
        "generalAndAdministrativeExpenses": 0,
        "sellingAndMarketingExpenses": 0,
        "sellingGeneralAndAdministrativeExpenses": 99000000,
        "otherExpenses": 213000000,
        "operatingExpenses": 312000000,
        "costAndExpenses": 4265000000,
        "interestIncome": 30000000,
        "interestExpense": 27000000,
        "depreciationAndAmortization": 221000000,
        "ebitda": 498000000,
        "ebitdaratio": 0.111409396,
        "operatingIncome": 208000000,
        "operatingIncomeRatio": 0.0465324385,
        "totalOtherIncomeExpensesNet": -210000000,
        "incomeBeforeTax": 250000000,
        "incomeBeforeTaxRatio": 0.0559284116,
        "incomeTaxExpense": 51000000,
        "netIncome": 199000000,
        "netIncomeRatio": 0.0445190157,
        "eps": 0.88,
        "epsdiluted": 0.77,
        "weightedAverageShsOut": 227332000,
        "weightedAverageShsOutDil": 257447000,
        "link": "https://www.sec.gov/Archives/edgar/data/1163302/000116330223000038/0001163302-23-000038-index.htm",
        "finalLink": "https://www.sec.gov/Archives/edgar/data/1163302/000116330223000038/x-20230331.htm"
    },
    {
        "date": "2022-12-31",
        "symbol": "X",
        "reportedCurrency": "USD",
        "cik": "0001163302",
        "fillingDate": "2023-02-03",
        "acceptedDate": "2023-02-03 11:42:11",
        "calendarYear": "2022",
        "period": "Q4",
        "revenue": 4338000000,
        "costOfRevenue": 3934000000,
        "grossProfit": 404000000,
        "grossProfitRatio": 0.0931304749,
        "researchAndDevelopmentExpenses": 0,
        "generalAndAdministrativeExpenses": 0,
        "sellingAndMarketingExpenses": 0,
        "sellingGeneralAndAdministrativeExpenses": 98000000,
        "otherExpenses": 184000000,
        "operatingExpenses": 282000000,
        "costAndExpenses": 4216000000,
        "interestIncome": 24000000,
        "interestExpense": 32000000,
        "depreciationAndAmortization": 197000000,
        "ebitda": 454000000,
        "ebitdaratio": 0.1046565237,
        "operatingIncome": 117000000,
        "operatingIncomeRatio": 0.0269709544,
        "totalOtherIncomeExpensesNet": -145000000,
        "incomeBeforeTax": 225000000,
        "incomeBeforeTaxRatio": 0.0518672199,
        "incomeTaxExpense": 51000000,
        "netIncome": 174000000,
        "netIncomeRatio": 0.0401106501,
        "eps": 0.75,
        "epsdiluted": 0.71,
        "weightedAverageShsOut": 232558000,
        "weightedAverageShsOutDil": 262702999,
        "link": "https://www.sec.gov/Archives/edgar/data/1163302/000116330223000016/0001163302-23-000016-index.htm",
        "finalLink": "https://www.sec.gov/Archives/edgar/data/1163302/000116330223000016/x-20221231.htm"
    },
    {
        "date": "2022-09-30",
        "symbol": "X",
        "reportedCurrency": "USD",
        "cik": "0001163302",
        "fillingDate": "2022-10-28",
        "acceptedDate": "2022-10-28 12:06:44",
        "calendarYear": "2022",
        "period": "Q3",
        "revenue": 5203000000,
        "costOfRevenue": 4359000000,
        "grossProfit": 844000000,
        "grossProfitRatio": 0.1622141072,
        "researchAndDevelopmentExpenses": 0,
        "generalAndAdministrativeExpenses": 0,
        "sellingAndMarketingExpenses": 0,
        "sellingGeneralAndAdministrativeExpenses": 95000000,
        "otherExpenses": 60000000,
        "operatingExpenses": 278000000,
        "costAndExpenses": 4637000000,
        "interestIncome": 15000000,
        "interestExpense": 38000000,
        "depreciationAndAmortization": 198000000,
        "ebitda": 880000000,
        "ebitdaratio": 0.1691331924,
        "operatingIncome": 626000000,
        "operatingIncomeRatio": 0.1203152028,
        "totalOtherIncomeExpensesNet": -165000000,
        "incomeBeforeTax": 644000000,
        "incomeBeforeTaxRatio": 0.1237747453,
        "incomeTaxExpense": 154000000,
        "netIncome": 490000000,
        "netIncomeRatio": 0.0941764367,
        "eps": 2.07,
        "epsdiluted": 1.85,
        "weightedAverageShsOut": 237094000,
        "weightedAverageShsOutDil": 266264000,
        "link": "https://www.sec.gov/Archives/edgar/data/1163302/000116330222000111/0001163302-22-000111-index.htm",
        "finalLink": "https://www.sec.gov/Archives/edgar/data/1163302/000116330222000111/x-20220930.htm"
    },
    {
        "date": "2022-06-30",
        "symbol": "X",
        "reportedCurrency": "USD",
        "cik": "0001163302",
        "fillingDate": "2022-07-29",
        "acceptedDate": "2022-07-29 16:04:11",
        "calendarYear": "2022",
        "period": "Q2",
        "revenue": 6290000000,
        "costOfRevenue": 4661000000,
        "grossProfit": 1629000000,
        "grossProfitRatio": 0.2589825119,
        "researchAndDevelopmentExpenses": 0,
        "generalAndAdministrativeExpenses": 0,
        "sellingAndMarketingExpenses": 0,
        "sellingGeneralAndAdministrativeExpenses": 112000000,
        "otherExpenses": 192000000,
        "operatingExpenses": 304000000,
        "costAndExpenses": 4965000000,
        "interestIncome": 4000000,
        "interestExpense": 39000000,
        "depreciationAndAmortization": 198000000,
        "ebitda": 1499000000,
        "ebitdaratio": 0.2383147854,
        "operatingIncome": 1469000000,
        "operatingIncomeRatio": 0.23354531,
        "totalOtherIncomeExpensesNet": -65000000,
        "incomeBeforeTax": 1262000000,
        "incomeBeforeTaxRatio": 0.20063593,
        "incomeTaxExpense": 284000000,
        "netIncome": 978000000,
        "netIncomeRatio": 0.1554848967,
        "eps": 3.42,
        "epsdiluted": 3.41,
        "weightedAverageShsOut": 285803374,
        "weightedAverageShsOutDil": 286680000,
        "link": "https://www.sec.gov/Archives/edgar/data/1163302/000116330222000085/0001163302-22-000085-index.htm",
        "finalLink": "https://www.sec.gov/Archives/edgar/data/1163302/000116330222000085/x-20220630.htm"
    },
    {
        "date": "2022-03-31",
        "symbol": "X",
        "reportedCurrency": "USD",
        "cik": "0001163302",
        "fillingDate": "2022-04-29",
        "acceptedDate": "2022-04-29 12:17:18",
        "calendarYear": "2022",
        "period": "Q1",
        "revenue": 5234000000,
        "costOfRevenue": 3823000000,
        "grossProfit": 1411000000,
        "grossProfitRatio": 0.2695834925,
        "researchAndDevelopmentExpenses": 0,
        "generalAndAdministrativeExpenses": 0,
        "sellingAndMarketingExpenses": 0,
        "sellingGeneralAndAdministrativeExpenses": 117000000,
        "otherExpenses": 197000000,
        "operatingExpenses": 314000000,
        "costAndExpenses": 4137000000,
        "interestIncome": 1000000,
        "interestExpense": 50000000,
        "depreciationAndAmortization": 198000000,
        "ebitda": 1376000000,
        "ebitdaratio": 0.2628964463,
        "operatingIncome": 1112000000,
        "operatingIncomeRatio": 0.2124570118,
        "totalOtherIncomeExpensesNet": -227000000,
        "incomeBeforeTax": 1128000000,
        "incomeBeforeTaxRatio": 0.2155139473,
        "incomeTaxExpense": 246000000,
        "netIncome": 882000000,
        "netIncomeRatio": 0.1685135652,
        "eps": 3.02,
        "epsdiluted": 3.01,
        "weightedAverageShsOut": 292272959,
        "weightedAverageShsOutDil": 293267000,
        "link": "https://www.sec.gov/Archives/edgar/data/1163302/000116330222000046/0001163302-22-000046-index.htm",
        "finalLink": "https://www.sec.gov/Archives/edgar/data/1163302/000116330222000046/x-20220331.htm"
    },
    {
        "date": "2021-12-31",
        "symbol": "X",
        "reportedCurrency": "USD",
        "cik": "0001163302",
        "fillingDate": "2022-02-11",
        "acceptedDate": "2022-02-11 11:58:56",
        "calendarYear": "2021",
        "period": "Q4",
        "revenue": 5622000000,
        "costOfRevenue": 3900000000,
        "grossProfit": 1722000000,
        "grossProfitRatio": 0.3062966916,
        "researchAndDevelopmentExpenses": 0,
        "generalAndAdministrativeExpenses": 0,
        "sellingAndMarketingExpenses": 0,
        "sellingGeneralAndAdministrativeExpenses": 110000000,
        "otherExpenses": -52000000,
        "operatingExpenses": 304000000,
        "costAndExpenses": 4204000000,
        "interestIncome": 1000000,
        "interestExpense": 62000000,
        "depreciationAndAmortization": 204000000,
        "ebitda": 1281000000,
        "ebitdaratio": 0.2278548559,
        "operatingIncome": 1077000000,
        "operatingIncomeRatio": 0.1915688367,
        "totalOtherIncomeExpensesNet": -403000000,
        "incomeBeforeTax": 1015000000,
        "incomeBeforeTaxRatio": 0.1805407328,
        "incomeTaxExpense": -54000000,
        "netIncome": 1069000000,
        "netIncomeRatio": 0.1901458556,
        "eps": 3.97,
        "epsdiluted": 3.75,
        "weightedAverageShsOut": 268995000,
        "weightedAverageShsOutDil": 285321000,
        "link": "https://www.sec.gov/Archives/edgar/data/1163302/000116330222000021/0001163302-22-000021-index.htm",
        "finalLink": "https://www.sec.gov/Archives/edgar/data/1163302/000116330222000021/x-20211231.htm"
    },
    {
        "date": "2021-09-30",
        "symbol": "X",
        "reportedCurrency": "USD",
        "cik": "0001163302",
        "fillingDate": "2021-10-29",
        "acceptedDate": "2021-10-29 13:13:44",
        "calendarYear": "2021",
        "period": "Q3",
        "revenue": 5964000000,
        "costOfRevenue": 3881000000,
        "grossProfit": 2083000000,
        "grossProfitRatio": 0.3492622401,
        "researchAndDevelopmentExpenses": 0,
        "generalAndAdministrativeExpenses": 0,
        "sellingAndMarketingExpenses": 0,
        "sellingGeneralAndAdministrativeExpenses": 108000000,
        "otherExpenses": 37000000,
        "operatingExpenses": 297000000,
        "costAndExpenses": 4178000000,
        "interestIncome": 1000000,
        "interestExpense": 75000000,
        "depreciationAndAmortization": 196000000,
        "ebitda": 2533000000,
        "ebitdaratio": 0.4247149564,
        "operatingIncome": 1712000000,
        "operatingIncomeRatio": 0.2870556673,
        "totalOtherIncomeExpensesNet": 476000000,
        "incomeBeforeTax": 2262000000,
        "incomeBeforeTaxRatio": 0.3792756539,
        "incomeTaxExpense": 260000000,
        "netIncome": 2002000000,
        "netIncomeRatio": 0.3356807512,
        "eps": 7.41,
        "epsdiluted": 6.97,
        "weightedAverageShsOut": 270175000,
        "weightedAverageShsOutDil": 287463000,
        "link": "https://www.sec.gov/Archives/edgar/data/1163302/000116330221000112/0001163302-21-000112-index.htm",
        "finalLink": "https://www.sec.gov/Archives/edgar/data/1163302/000116330221000112/x-20210930.htm"
    },
    {
        "date": "2021-06-30",
        "symbol": "X",
        "reportedCurrency": "USD",
        "cik": "0001163302",
        "fillingDate": "2021-07-30",
        "acceptedDate": "2021-07-30 13:32:58",
        "calendarYear": "2021",
        "period": "Q2",
        "revenue": 5025000000,
        "costOfRevenue": 3678000000,
        "grossProfit": 1347000000,
        "grossProfitRatio": 0.2680597015,
        "researchAndDevelopmentExpenses": 0,
        "generalAndAdministrativeExpenses": 0,
        "sellingAndMarketingExpenses": 0,
        "sellingGeneralAndAdministrativeExpenses": 106000000,
        "otherExpenses": 29000000,
        "operatingExpenses": 304000000,
        "costAndExpenses": 3982000000,
        "interestIncome": 1000000,
        "interestExpense": 84000000,
        "depreciationAndAmortization": 202000000,
        "ebitda": 1261000000,
        "ebitdaratio": 0.2509452736,
        "operatingIncome": 960000000,
        "operatingIncomeRatio": 0.1910447761,
        "totalOtherIncomeExpensesNet": -68000000,
        "incomeBeforeTax": 975000000,
        "incomeBeforeTaxRatio": 0.1940298507,
        "incomeTaxExpense": -37000000,
        "netIncome": 1012000000,
        "netIncomeRatio": 0.2013930348,
        "eps": 3.75,
        "epsdiluted": 3.53,
        "weightedAverageShsOut": 269872000,
        "weightedAverageShsOutDil": 286337000,
        "link": "https://www.sec.gov/Archives/edgar/data/1163302/000116330221000087/0001163302-21-000087-index.htm",
        "finalLink": "https://www.sec.gov/Archives/edgar/data/1163302/000116330221000087/x-20210630.htm"
    },
    {
        "date": "2021-03-31",
        "symbol": "X",
        "reportedCurrency": "USD",
        "cik": "0001163302",
        "fillingDate": "2021-04-30",
        "acceptedDate": "2021-04-30 13:26:47",
        "calendarYear": "2021",
        "period": "Q1",
        "revenue": 3664000000,
        "costOfRevenue": 3080000000,
        "grossProfit": 584000000,
        "grossProfitRatio": 0.1593886463,
        "researchAndDevelopmentExpenses": 0,
        "generalAndAdministrativeExpenses": 0,
        "sellingAndMarketingExpenses": 0,
        "sellingGeneralAndAdministrativeExpenses": 96000000,
        "otherExpenses": 31000000,
        "operatingExpenses": 278000000,
        "costAndExpenses": 3358000000,
        "interestIncome": 1000000,
        "interestExpense": 92000000,
        "depreciationAndAmortization": 189000000,
        "ebitda": 373000000,
        "ebitdaratio": 0.10180131,
        "operatingIncome": 215000000,
        "operatingIncomeRatio": 0.0586790393,
        "totalOtherIncomeExpensesNet": -214000000,
        "incomeBeforeTax": 92000000,
        "incomeBeforeTaxRatio": 0.0251091703,
        "incomeTaxExpense": 1000000,
        "netIncome": 91000000,
        "netIncomeRatio": 0.0248362445,
        "eps": 0.36,
        "epsdiluted": 0.35,
        "weightedAverageShsOut": 249351000,
        "weightedAverageShsOutDil": 261969000,
        "link": "https://www.sec.gov/Archives/edgar/data/1163302/000116330221000041/0001163302-21-000041-index.htm",
        "finalLink": "https://www.sec.gov/Archives/edgar/data/1163302/000116330221000041/x-20210331.htm"
    },
    {
        "date": "2020-12-31",
        "symbol": "X",
        "reportedCurrency": "USD",
        "cik": "0001163302",
        "fillingDate": "2021-02-12",
        "acceptedDate": "2021-02-12 16:46:37",
        "calendarYear": "2020",
        "period": "Q4",
        "revenue": 2562000000,
        "costOfRevenue": 2384000000,
        "grossProfit": 178000000,
        "grossProfitRatio": 0.0694769711,
        "researchAndDevelopmentExpenses": 0,
        "generalAndAdministrativeExpenses": 134000000,
        "sellingAndMarketingExpenses": -59000000,
        "sellingGeneralAndAdministrativeExpenses": 75000000,
        "otherExpenses": 2000000,
        "operatingExpenses": 237000000,
        "costAndExpenses": 2621000000,
        "interestIncome": 1000000,
        "interestExpense": 82000000,
        "depreciationAndAmortization": 162000000,
        "ebitda": 108000000,
        "ebitdaratio": 0.0421545667,
        "operatingIncome": -57000000,
        "operatingIncomeRatio": -0.0222482436,
        "totalOtherIncomeExpensesNet": -151000000,
        "incomeBeforeTax": -45000000,
        "incomeBeforeTaxRatio": -0.0175644028,
        "incomeTaxExpense": -94000000,
        "netIncome": 49000000,
        "netIncomeRatio": 0.0191256831,
        "eps": 0.22,
        "epsdiluted": 0.22,
        "weightedAverageShsOut": 220412000,
        "weightedAverageShsOutDil": 223781000,
        "link": "https://www.sec.gov/Archives/edgar/data/1163302/000116330221000013/0001163302-21-000013-index.htm",
        "finalLink": "https://www.sec.gov/Archives/edgar/data/1163302/000116330221000013/x-20201231.htm"
    },
    {
        "date": "2020-09-30",
        "symbol": "X",
        "reportedCurrency": "USD",
        "cik": "0001163302",
        "fillingDate": "2020-10-30",
        "acceptedDate": "2020-10-30 12:36:47",
        "calendarYear": "2020",
        "period": "Q3",
        "revenue": 2340000000,
        "costOfRevenue": 2295000000,
        "grossProfit": 45000000,
        "grossProfitRatio": 0.0192307692,
        "researchAndDevelopmentExpenses": 0,
        "generalAndAdministrativeExpenses": 0,
        "sellingAndMarketingExpenses": 0,
        "sellingGeneralAndAdministrativeExpenses": 65000000,
        "otherExpenses": 6000000,
        "operatingExpenses": 227000000,
        "costAndExpenses": 2522000000,
        "interestIncome": 1000000,
        "interestExpense": 84000000,
        "depreciationAndAmortization": 162000000,
        "ebitda": -12000000,
        "ebitdaratio": -0.0051282051,
        "operatingIncome": -182000000,
        "operatingIncomeRatio": -0.0777777778,
        "totalOtherIncomeExpensesNet": -76000000,
        "incomeBeforeTax": -258000000,
        "incomeBeforeTaxRatio": -0.1102564103,
        "incomeTaxExpense": -24000000,
        "netIncome": -234000000,
        "netIncomeRatio": -0.1,
        "eps": -1.06,
        "epsdiluted": -1.06,
        "weightedAverageShsOut": 220402000,
        "weightedAverageShsOutDil": 220402000,
        "link": "https://www.sec.gov/Archives/edgar/data/1163302/000116330220000102/0001163302-20-000102-index.htm",
        "finalLink": "https://www.sec.gov/Archives/edgar/data/1163302/000116330220000102/x-20200930.htm"
    },
    {
        "date": "2020-06-30",
        "symbol": "X",
        "reportedCurrency": "USD",
        "cik": "0001163302",
        "fillingDate": "2020-07-31",
        "acceptedDate": "2020-07-31 12:28:28",
        "calendarYear": "2020",
        "period": "Q2",
        "revenue": 2091000000,
        "costOfRevenue": 2274000000,
        "grossProfit": -183000000,
        "grossProfitRatio": -0.087517934,
        "researchAndDevelopmentExpenses": 0,
        "generalAndAdministrativeExpenses": 62000000,
        "sellingAndMarketingExpenses": 0,
        "sellingGeneralAndAdministrativeExpenses": 62000000,
        "otherExpenses": 8000000,
        "operatingExpenses": 221000000,
        "costAndExpenses": 2495000000,
        "interestIncome": 1000000,
        "interestExpense": 64000000,
        "depreciationAndAmortization": 159000000,
        "ebitda": -371000000,
        "ebitdaratio": -0.1774270684,
        "operatingIncome": -404000000,
        "operatingIncomeRatio": -0.1932089909,
        "totalOtherIncomeExpensesNet": -190000000,
        "incomeBeforeTax": -594000000,
        "incomeBeforeTaxRatio": -0.2840746055,
        "incomeTaxExpense": -5000000,
        "netIncome": -589000000,
        "netIncomeRatio": -0.2816834051,
        "eps": -3.36,
        "epsdiluted": -3.36,
        "weightedAverageShsOut": 175297619,
        "weightedAverageShsOutDil": 175327000,
        "link": "https://www.sec.gov/Archives/edgar/data/1163302/000116330220000082/0001163302-20-000082-index.htm",
        "finalLink": "https://www.sec.gov/Archives/edgar/data/1163302/000116330220000082/x-20200630.htm"
    },
    {
        "date": "2020-03-31",
        "symbol": "X",
        "reportedCurrency": "USD",
        "cik": "0001163302",
        "fillingDate": "2020-05-01",
        "acceptedDate": "2020-05-01 14:21:37",
        "calendarYear": "2020",
        "period": "Q1",
        "revenue": 2748000000,
        "costOfRevenue": 2605000000,
        "grossProfit": 143000000,
        "grossProfitRatio": 0.0520378457,
        "researchAndDevelopmentExpenses": 0,
        "generalAndAdministrativeExpenses": 72000000,
        "sellingAndMarketingExpenses": 0,
        "sellingGeneralAndAdministrativeExpenses": 72000000,
        "otherExpenses": 8000000,
        "operatingExpenses": 237000000,
        "costAndExpenses": 2842000000,
        "interestIncome": 4000000,
        "interestExpense": 54000000,
        "depreciationAndAmortization": 160000000,
        "ebitda": -200000000,
        "ebitdaratio": -0.0727802038,
        "operatingIncome": -94000000,
        "operatingIncomeRatio": -0.0342066958,
        "totalOtherIncomeExpensesNet": -316000000,
        "incomeBeforeTax": -410000000,
        "incomeBeforeTaxRatio": -0.1491994178,
        "incomeTaxExpense": -19000000,
        "netIncome": -391000000,
        "netIncomeRatio": -0.1422852984,
        "eps": -2.3,
        "epsdiluted": -2.3,
        "weightedAverageShsOut": 170000000,
        "weightedAverageShsOutDil": 170224000,
        "link": "https://www.sec.gov/Archives/edgar/data/1163302/000116330220000036/0001163302-20-000036-index.htm",
        "finalLink": "https://www.sec.gov/Archives/edgar/data/1163302/000116330220000036/form10q200331.htm"
    },
    {
        "date": "2019-12-31",
        "symbol": "X",
        "reportedCurrency": "USD",
        "cik": "0001163302",
        "fillingDate": "2020-02-14",
        "acceptedDate": "2020-02-14 16:48:33",
        "calendarYear": "2019",
        "period": "Q4",
        "revenue": 2824000000,
        "costOfRevenue": 2781000000,
        "grossProfit": 43000000,
        "grossProfitRatio": 0.0152266289,
        "researchAndDevelopmentExpenses": 0,
        "generalAndAdministrativeExpenses": 66000000,
        "sellingAndMarketingExpenses": 0,
        "sellingGeneralAndAdministrativeExpenses": 66000000,
        "otherExpenses": -22000000,
        "operatingExpenses": 213000000,
        "costAndExpenses": 2994000000,
        "interestIncome": 4000000,
        "interestExpense": 54000000,
        "depreciationAndAmortization": 162000000,
        "ebitda": -231000000,
        "ebitdaratio": -0.0817988669,
        "operatingIncome": -170000000,
        "operatingIncomeRatio": -0.0601983003,
        "totalOtherIncomeExpensesNet": -402000000,
        "incomeBeforeTax": -447000000,
        "incomeBeforeTaxRatio": -0.158286119,
        "incomeTaxExpense": 233000000,
        "netIncome": -680000000,
        "netIncomeRatio": -0.2407932011,
        "eps": -4,
        "epsdiluted": -4,
        "weightedAverageShsOut": 170041000,
        "weightedAverageShsOutDil": 170041000,
        "link": "https://www.sec.gov/Archives/edgar/data/1163302/000116330220000012/0001163302-20-000012-index.htm",
        "finalLink": "https://www.sec.gov/Archives/edgar/data/1163302/000116330220000012/form10k191231.htm"
    },
    {
        "date": "2019-09-30",
        "symbol": "X",
        "reportedCurrency": "USD",
        "cik": "0001163302",
        "fillingDate": "2019-11-01",
        "acceptedDate": "2019-11-01 11:18:17",
        "calendarYear": "2019",
        "period": "Q3",
        "revenue": 3069000000,
        "costOfRevenue": 2902000000,
        "grossProfit": 167000000,
        "grossProfitRatio": 0.0544151189,
        "researchAndDevelopmentExpenses": 0,
        "generalAndAdministrativeExpenses": 63000000,
        "sellingAndMarketingExpenses": 0,
        "sellingGeneralAndAdministrativeExpenses": 63000000,
        "otherExpenses": -23000000,
        "operatingExpenses": 225000000,
        "costAndExpenses": 3127000000,
        "interestIncome": 3000000,
        "interestExpense": 47000000,
        "depreciationAndAmortization": 161000000,
        "ebitda": 65000000,
        "ebitdaratio": 0.0211795373,
        "operatingIncome": -58000000,
        "operatingIncomeRatio": -0.0188986641,
        "totalOtherIncomeExpensesNet": -70000000,
        "incomeBeforeTax": -128000000,
        "incomeBeforeTaxRatio": -0.0417073965,
        "incomeTaxExpense": -44000000,
        "netIncome": -84000000,
        "netIncomeRatio": -0.027370479,
        "eps": -0.49,
        "epsdiluted": -0.49,
        "weightedAverageShsOut": 170801000,
        "weightedAverageShsOutDil": 170801000,
        "link": "https://www.sec.gov/Archives/edgar/data/1163302/000116330219000088/0001163302-19-000088-index.htm",
        "finalLink": "https://www.sec.gov/Archives/edgar/data/1163302/000116330219000088/form10q190930.htm"
    },
    {
        "date": "2019-06-30",
        "symbol": "X",
        "reportedCurrency": "USD",
        "cik": "0001163302",
        "fillingDate": "2019-08-02",
        "acceptedDate": "2019-08-02 13:31:38",
        "calendarYear": "2019",
        "period": "Q2",
        "revenue": 3545000000,
        "costOfRevenue": 3227000000,
        "grossProfit": 318000000,
        "grossProfitRatio": 0.0897038082,
        "researchAndDevelopmentExpenses": 0,
        "generalAndAdministrativeExpenses": 82000000,
        "sellingAndMarketingExpenses": 0,
        "sellingGeneralAndAdministrativeExpenses": 82000000,
        "otherExpenses": -23000000,
        "operatingExpenses": 231000000,
        "costAndExpenses": 3458000000,
        "interestIncome": 5000000,
        "interestExpense": 33000000,
        "depreciationAndAmortization": 150000000,
        "ebitda": 242000000,
        "ebitdaratio": 0.0682651622,
        "operatingIncome": 87000000,
        "operatingIncomeRatio": 0.0245416079,
        "totalOtherIncomeExpensesNet": -26000000,
        "incomeBeforeTax": 61000000,
        "incomeBeforeTaxRatio": 0.0172073343,
        "incomeTaxExpense": -7000000,
        "netIncome": 68000000,
        "netIncomeRatio": 0.0191819464,
        "eps": 0.39,
        "epsdiluted": 0.39,
        "weightedAverageShsOut": 171992000,
        "weightedAverageShsOutDil": 172512000,
        "link": "https://www.sec.gov/Archives/edgar/data/1163302/000116330219000070/0001163302-19-000070-index.htm",
        "finalLink": "https://www.sec.gov/Archives/edgar/data/1163302/000116330219000070/form10q190630.htm"
    },
    {
        "date": "2019-03-31",
        "symbol": "X",
        "reportedCurrency": "USD",
        "cik": "0001163302",
        "fillingDate": "2019-05-03",
        "acceptedDate": "2019-05-03 15:04:44",
        "calendarYear": "2019",
        "period": "Q1",
        "revenue": 3499000000,
        "costOfRevenue": 3172000000,
        "grossProfit": 327000000,
        "grossProfitRatio": 0.0934552729,
        "researchAndDevelopmentExpenses": 0,
        "generalAndAdministrativeExpenses": 78000000,
        "sellingAndMarketingExpenses": 0,
        "sellingGeneralAndAdministrativeExpenses": 78000000,
        "otherExpenses": -23000000,
        "operatingExpenses": 221000000,
        "costAndExpenses": 3393000000,
        "interestIncome": 5000000,
        "interestExpense": 47000000,
        "depreciationAndAmortization": 143000000,
        "ebitda": 239000000,
        "ebitdaratio": 0.0683052301,
        "operatingIncome": 106000000,
        "operatingIncomeRatio": 0.0302943698,
        "totalOtherIncomeExpensesNet": -44000000,
        "incomeBeforeTax": 62000000,
        "incomeBeforeTaxRatio": 0.0177193484,
        "incomeTaxExpense": 8000000,
        "netIncome": 54000000,
        "netIncomeRatio": 0.0154329809,
        "eps": 0.31,
        "epsdiluted": 0.31,
        "weightedAverageShsOut": 173241000,
        "weightedAverageShsOutDil": 174545000,
        "link": "https://www.sec.gov/Archives/edgar/data/1163302/000116330219000033/0001163302-19-000033-index.htm",
        "finalLink": "https://www.sec.gov/Archives/edgar/data/1163302/000116330219000033/x201933110q.htm"
    },
    {
        "date": "2018-12-31",
        "symbol": "X",
        "reportedCurrency": "USD",
        "cik": "0001163302",
        "fillingDate": "2019-02-15",
        "acceptedDate": "2019-02-15 11:06:06",
        "calendarYear": "2018",
        "period": "Q4",
        "revenue": 3691000000,
        "costOfRevenue": 3204000000,
        "grossProfit": 487000000,
        "grossProfitRatio": 0.131942563,
        "researchAndDevelopmentExpenses": 0,
        "generalAndAdministrativeExpenses": 85000000,
        "sellingAndMarketingExpenses": 0,
        "sellingGeneralAndAdministrativeExpenses": 85000000,
        "otherExpenses": -16000000,
        "operatingExpenses": 219000000,
        "costAndExpenses": 3423000000,
        "interestIncome": 7000000,
        "interestExpense": 44000000,
        "depreciationAndAmortization": 137000000,
        "ebitda": 389000000,
        "ebitdaratio": 0.1053914928,
        "operatingIncome": 268000000,
        "operatingIncomeRatio": 0.072609049,
        "totalOtherIncomeExpensesNet": -15000000,
        "incomeBeforeTax": 253000000,
        "incomeBeforeTaxRatio": 0.0685451097,
        "incomeTaxExpense": -339000000,
        "netIncome": 592000000,
        "netIncomeRatio": 0.1603901382,
        "eps": 3.36,
        "epsdiluted": 3.34,
        "weightedAverageShsOut": 176091000,
        "weightedAverageShsOutDil": 177649000,
        "link": "https://www.sec.gov/Archives/edgar/data/1163302/000116330219000014/0001163302-19-000014-index.htm",
        "finalLink": "https://www.sec.gov/Archives/edgar/data/1163302/000116330219000014/x2018123110k.htm"
    },
    {
        "date": "2018-09-30",
        "symbol": "X",
        "reportedCurrency": "USD",
        "cik": "0001163302",
        "fillingDate": "2018-11-02",
        "acceptedDate": "2018-11-02 10:17:46",
        "calendarYear": "2018",
        "period": "Q3",
        "revenue": 3729000000,
        "costOfRevenue": 3172000000,
        "grossProfit": 557000000,
        "grossProfitRatio": 0.1493698042,
        "researchAndDevelopmentExpenses": 0,
        "generalAndAdministrativeExpenses": 81000000,
        "sellingAndMarketingExpenses": 0,
        "sellingGeneralAndAdministrativeExpenses": 81000000,
        "otherExpenses": -19000000,
        "operatingExpenses": 206000000,
        "costAndExpenses": 3378000000,
        "interestIncome": 6000000,
        "interestExpense": 51000000,
        "depreciationAndAmortization": 126000000,
        "ebitda": 472000000,
        "ebitdaratio": 0.1265754894,
        "operatingIncome": 351000000,
        "operatingIncomeRatio": 0.0941271118,
        "totalOtherIncomeExpensesNet": -37000000,
        "incomeBeforeTax": 314000000,
        "incomeBeforeTaxRatio": 0.0842048807,
        "incomeTaxExpense": 23000000,
        "netIncome": 291000000,
        "netIncomeRatio": 0.0780370072,
        "eps": 1.64,
        "epsdiluted": 1.62,
        "weightedAverageShsOut": 177250000,
        "weightedAverageShsOutDil": 179126000,
        "link": "https://www.sec.gov/Archives/edgar/data/1163302/000116330218000064/0001163302-18-000064-index.htm",
        "finalLink": "https://www.sec.gov/Archives/edgar/data/1163302/000116330218000064/x201893010q.htm"
    },
    {
        "date": "2018-06-30",
        "symbol": "X",
        "reportedCurrency": "USD",
        "cik": "0001163302",
        "fillingDate": "2018-08-02",
        "acceptedDate": "2018-08-02 11:37:47",
        "calendarYear": "2018",
        "period": "Q2",
        "revenue": 3609000000,
        "costOfRevenue": 3121000000,
        "grossProfit": 488000000,
        "grossProfitRatio": 0.1352175118,
        "researchAndDevelopmentExpenses": 0,
        "generalAndAdministrativeExpenses": 92000000,
        "sellingAndMarketingExpenses": 0,
        "sellingGeneralAndAdministrativeExpenses": 92000000,
        "otherExpenses": -17000000,
        "operatingExpenses": 223000000,
        "costAndExpenses": 3344000000,
        "interestIncome": 5000000,
        "interestExpense": 66000000,
        "depreciationAndAmortization": 130000000,
        "ebitda": 378000000,
        "ebitdaratio": 0.1047381546,
        "operatingIncome": 265000000,
        "operatingIncomeRatio": 0.0734275423,
        "totalOtherIncomeExpensesNet": -39000000,
        "incomeBeforeTax": 226000000,
        "incomeBeforeTaxRatio": 0.0626212247,
        "incomeTaxExpense": 12000000,
        "netIncome": 214000000,
        "netIncomeRatio": 0.0592962039,
        "eps": 1.21,
        "epsdiluted": 1.2,
        "weightedAverageShsOut": 177027000,
        "weightedAverageShsOutDil": 178903000,
        "link": "https://www.sec.gov/Archives/edgar/data/1163302/000116330218000042/0001163302-18-000042-index.htm",
        "finalLink": "https://www.sec.gov/Archives/edgar/data/1163302/000116330218000042/x201863010q.htm"
    },
    {
        "date": "2018-03-31",
        "symbol": "X",
        "reportedCurrency": "USD",
        "cik": "0001163302",
        "fillingDate": "2018-04-27",
        "acceptedDate": "2018-04-27 10:07:54",
        "calendarYear": "2018",
        "period": "Q1",
        "revenue": 3149000000,
        "costOfRevenue": 2808000000,
        "grossProfit": 341000000,
        "grossProfitRatio": 0.1082883455,
        "researchAndDevelopmentExpenses": 0,
        "generalAndAdministrativeExpenses": 78000000,
        "sellingAndMarketingExpenses": 0,
        "sellingGeneralAndAdministrativeExpenses": 78000000,
        "otherExpenses": -17000000,
        "operatingExpenses": 206000000,
        "costAndExpenses": 3014000000,
        "interestIncome": 5000000,
        "interestExpense": 50000000,
        "depreciationAndAmortization": 128000000,
        "ebitda": 197000000,
        "ebitdaratio": 0.0625595427,
        "operatingIncome": 135000000,
        "operatingIncomeRatio": 0.0428707526,
        "totalOtherIncomeExpensesNet": -116000000,
        "incomeBeforeTax": 19000000,
        "incomeBeforeTaxRatio": 0.0060336615,
        "incomeTaxExpense": 1000000,
        "netIncome": 18000000,
        "netIncomeRatio": 0.0057161003,
        "eps": 0.1,
        "epsdiluted": 0.1,
        "weightedAverageShsOut": 176157000,
        "weightedAverageShsOutDil": 178289000,
        "link": "https://www.sec.gov/Archives/edgar/data/1163302/000116330218000023/0001163302-18-000023-index.htm",
        "finalLink": "https://www.sec.gov/Archives/edgar/data/1163302/000116330218000023/x201833110q.htm"
    },
    {
        "date": "2017-12-31",
        "symbol": "X",
        "reportedCurrency": "USD",
        "cik": "0001163302",
        "fillingDate": "2018-02-21",
        "acceptedDate": "2018-02-21 12:22:27",
        "calendarYear": "2017",
        "period": "Q4",
        "revenue": 3133000000,
        "costOfRevenue": 2749000000,
        "grossProfit": 384000000,
        "grossProfitRatio": 0.1225662305,
        "researchAndDevelopmentExpenses": 0,
        "generalAndAdministrativeExpenses": 110000000,
        "sellingAndMarketingExpenses": 0,
        "sellingGeneralAndAdministrativeExpenses": 110000000,
        "otherExpenses": 122000000,
        "operatingExpenses": 234000000,
        "costAndExpenses": 2983000000,
        "interestIncome": 4000000,
        "interestExpense": 55000000,
        "depreciationAndAmortization": 125000000,
        "ebitda": 281000000,
        "ebitdaratio": 0.0896903926,
        "operatingIncome": 152000000,
        "operatingIncomeRatio": 0.0485157996,
        "totalOtherIncomeExpensesNet": -82000000,
        "incomeBeforeTax": 70000000,
        "incomeBeforeTaxRatio": 0.0223428024,
        "incomeTaxExpense": -89000000,
        "netIncome": 159000000,
        "netIncomeRatio": 0.0507500798,
        "eps": 0.91,
        "epsdiluted": 0.9,
        "weightedAverageShsOut": 175117000,
        "weightedAverageShsOutDil": 177210000,
        "link": "https://www.sec.gov/Archives/edgar/data/1163302/000116330218000011/0001163302-18-000011-index.htm",
        "finalLink": "https://www.sec.gov/Archives/edgar/data/1163302/000116330218000011/x2017123110k.htm"
    },
    {
        "date": "2017-09-30",
        "symbol": "X",
        "reportedCurrency": "USD",
        "cik": "0001163302",
        "fillingDate": "2017-11-01",
        "acceptedDate": "2017-11-01 10:42:03",
        "calendarYear": "2017",
        "period": "Q3",
        "revenue": 3248000000,
        "costOfRevenue": 2829000000,
        "grossProfit": 419000000,
        "grossProfitRatio": 0.1290024631,
        "researchAndDevelopmentExpenses": 0,
        "generalAndAdministrativeExpenses": 89000000,
        "sellingAndMarketingExpenses": 0,
        "sellingGeneralAndAdministrativeExpenses": 89000000,
        "otherExpenses": 118000000,
        "operatingExpenses": 207000000,
        "costAndExpenses": 3036000000,
        "interestIncome": 5000000,
        "interestExpense": 59000000,
        "depreciationAndAmortization": 118000000,
        "ebitda": 330000000,
        "ebitdaratio": 0.1016009852,
        "operatingIncome": 212000000,
        "operatingIncomeRatio": 0.065270936,
        "totalOtherIncomeExpensesNet": -65000000,
        "incomeBeforeTax": 147000000,
        "incomeBeforeTaxRatio": 0.0452586207,
        "incomeTaxExpense": 0,
        "netIncome": 147000000,
        "netIncomeRatio": 0.0452586207,
        "eps": 0.84,
        "epsdiluted": 0.83,
        "weightedAverageShsOut": 175003000,
        "weightedAverageShsOutDil": 176484000,
        "link": "https://www.sec.gov/Archives/edgar/data/1163302/000116330217000065/0001163302-17-000065-index.htm",
        "finalLink": "https://www.sec.gov/Archives/edgar/data/1163302/000116330217000065/x201793010q.htm"
    },
    {
        "date": "2017-06-30",
        "symbol": "X",
        "reportedCurrency": "USD",
        "cik": "0001163302",
        "fillingDate": "2017-07-26",
        "acceptedDate": "2017-07-26 12:33:29",
        "calendarYear": "2017",
        "period": "Q2",
        "revenue": 3144000000,
        "costOfRevenue": 2725000000,
        "grossProfit": 419000000,
        "grossProfitRatio": 0.1332697201,
        "researchAndDevelopmentExpenses": 0,
        "generalAndAdministrativeExpenses": 79000000,
        "sellingAndMarketingExpenses": 0,
        "sellingGeneralAndAdministrativeExpenses": 79000000,
        "otherExpenses": 116000000,
        "operatingExpenses": 195000000,
        "costAndExpenses": 2920000000,
        "interestIncome": 4000000,
        "interestExpense": 49000000,
        "depreciationAndAmortization": 121000000,
        "ebitda": 421000000,
        "ebitdaratio": 0.1339058524,
        "operatingIncome": 313000000,
        "operatingIncomeRatio": 0.0995547074,
        "totalOtherIncomeExpensesNet": -95000000,
        "incomeBeforeTax": 245000000,
        "incomeBeforeTaxRatio": 0.0779262087,
        "incomeTaxExpense": -16000000,
        "netIncome": 261000000,
        "netIncomeRatio": 0.0830152672,
        "eps": 1.49,
        "epsdiluted": 1.48,
        "weightedAverageShsOut": 174797000,
        "weightedAverageShsOutDil": 176028000,
        "link": "https://www.sec.gov/Archives/edgar/data/1163302/000116330217000043/0001163302-17-000043-index.htm",
        "finalLink": "https://www.sec.gov/Archives/edgar/data/1163302/000116330217000043/x201763010q.htm"
    },
    {
        "date": "2017-03-31",
        "symbol": "X",
        "reportedCurrency": "USD",
        "cik": "0001163302",
        "fillingDate": "2017-04-26",
        "acceptedDate": "2017-04-26 14:41:00",
        "calendarYear": "2017",
        "period": "Q1",
        "revenue": 2725000000,
        "costOfRevenue": 2561000000,
        "grossProfit": 164000000,
        "grossProfitRatio": 0.0601834862,
        "researchAndDevelopmentExpenses": 0,
        "generalAndAdministrativeExpenses": 97000000,
        "sellingAndMarketingExpenses": 0,
        "sellingGeneralAndAdministrativeExpenses": 97000000,
        "otherExpenses": 137000000,
        "operatingExpenses": 234000000,
        "costAndExpenses": 2795000000,
        "interestIncome": 4000000,
        "interestExpense": 60000000,
        "depreciationAndAmortization": 137000000,
        "ebitda": 34000000,
        "ebitdaratio": 0.0124770642,
        "operatingIncome": -98000000,
        "operatingIncomeRatio": -0.0359633028,
        "totalOtherIncomeExpensesNet": -91000000,
        "incomeBeforeTax": -161000000,
        "incomeBeforeTaxRatio": -0.0590825688,
        "incomeTaxExpense": 19000000,
        "netIncome": -180000000,
        "netIncomeRatio": -0.0660550459,
        "eps": -1.03,
        "epsdiluted": -1.03,
        "weightedAverageShsOut": 174242000,
        "weightedAverageShsOutDil": 174242000,
        "link": "https://www.sec.gov/Archives/edgar/data/1163302/000116330217000020/0001163302-17-000020-index.htm",
        "finalLink": "https://www.sec.gov/Archives/edgar/data/1163302/000116330217000020/x201733110q.htm"
    },
    {
        "date": "2016-12-31",
        "symbol": "X",
        "reportedCurrency": "USD",
        "cik": "0001163302",
        "fillingDate": "2017-02-28",
        "acceptedDate": "2017-02-28 14:56:06",
        "calendarYear": "2016",
        "period": "Q4",
        "revenue": 2650000000,
        "costOfRevenue": 2430000000,
        "grossProfit": 220000000,
        "grossProfitRatio": 0.0830188679,
        "researchAndDevelopmentExpenses": 0,
        "generalAndAdministrativeExpenses": 49000000,
        "sellingAndMarketingExpenses": 0,
        "sellingGeneralAndAdministrativeExpenses": 49000000,
        "otherExpenses": 122000000,
        "operatingExpenses": 171000000,
        "costAndExpenses": 2601000000,
        "interestIncome": 0,
        "interestExpense": 57000000,
        "depreciationAndAmortization": 123000000,
        "ebitda": 86000000,
        "ebitdaratio": 0.0324528302,
        "operatingIncome": -64000000,
        "operatingIncomeRatio": -0.0241509434,
        "totalOtherIncomeExpensesNet": -276000000,
        "incomeBeforeTax": -107000000,
        "incomeBeforeTaxRatio": -0.0403773585,
        "incomeTaxExpense": -2000000,
        "netIncome": -105000000,
        "netIncomeRatio": -0.0396226415,
        "eps": -0.61,
        "epsdiluted": -0.61,
        "weightedAverageShsOut": 172975000,
        "weightedAverageShsOutDil": 172975000,
        "link": "https://www.sec.gov/Archives/edgar/data/1163302/000116330217000009/0001163302-17-000009-index.htm",
        "finalLink": "https://www.sec.gov/Archives/edgar/data/1163302/000116330217000009/x2016123110-k.htm"
    },
    {
        "date": "2016-09-30",
        "symbol": "X",
        "reportedCurrency": "USD",
        "cik": "0001163302",
        "fillingDate": "2016-11-02",
        "acceptedDate": "2016-11-02 12:54:31",
        "calendarYear": "2016",
        "period": "Q3",
        "revenue": 2686000000,
        "costOfRevenue": 2360000000,
        "grossProfit": 326000000,
        "grossProfitRatio": 0.121370067,
        "researchAndDevelopmentExpenses": 0,
        "generalAndAdministrativeExpenses": 73000000,
        "sellingAndMarketingExpenses": 0,
        "sellingGeneralAndAdministrativeExpenses": 73000000,
        "otherExpenses": 125000000,
        "operatingExpenses": 198000000,
        "costAndExpenses": 2558000000,
        "interestIncome": 2000000,
        "interestExpense": 63000000,
        "depreciationAndAmortization": 126000000,
        "ebitda": 254000000,
        "ebitdaratio": 0.094564408,
        "operatingIncome": 132000000,
        "operatingIncomeRatio": 0.0491437081,
        "totalOtherIncomeExpensesNet": -57000000,
        "incomeBeforeTax": 70000000,
        "incomeBeforeTaxRatio": 0.0260610573,
        "incomeTaxExpense": 19000000,
        "netIncome": 51000000,
        "netIncomeRatio": 0.0189873418,
        "eps": 0.32,
        "epsdiluted": 0.32,
        "weightedAverageShsOut": 160513000,
        "weightedAverageShsOutDil": 161700000,
        "link": "https://www.sec.gov/Archives/edgar/data/1163302/000116330216000148/0001163302-16-000148-index.htm",
        "finalLink": "https://www.sec.gov/Archives/edgar/data/1163302/000116330216000148/x201693010q.htm"
    },
    {
        "date": "2016-06-30",
        "symbol": "X",
        "reportedCurrency": "USD",
        "cik": "0001163302",
        "fillingDate": "2016-07-27",
        "acceptedDate": "2016-07-27 17:11:06",
        "calendarYear": "2016",
        "period": "Q2",
        "revenue": 2584000000,
        "costOfRevenue": 2397000000,
        "grossProfit": 187000000,
        "grossProfitRatio": 0.0723684211,
        "researchAndDevelopmentExpenses": 0,
        "generalAndAdministrativeExpenses": 64000000,
        "sellingAndMarketingExpenses": 0,
        "sellingGeneralAndAdministrativeExpenses": 64000000,
        "otherExpenses": 129000000,
        "operatingExpenses": 193000000,
        "costAndExpenses": 2590000000,
        "interestIncome": 2000000,
        "interestExpense": 60000000,
        "depreciationAndAmortization": 129000000,
        "ebitda": 136000000,
        "ebitdaratio": 0.0526315789,
        "operatingIncome": 28000000,
        "operatingIncomeRatio": 0.0108359133,
        "totalOtherIncomeExpensesNet": -81000000,
        "incomeBeforeTax": -53000000,
        "incomeBeforeTaxRatio": -0.0205108359,
        "incomeTaxExpense": -7000000,
        "netIncome": -46000000,
        "netIncomeRatio": -0.0178018576,
        "eps": -0.32,
        "epsdiluted": -0.31,
        "weightedAverageShsOut": 143750000,
        "weightedAverageShsOutDil": 146582000,
        "link": "https://www.sec.gov/Archives/edgar/data/1163302/000116330216000134/0001163302-16-000134-index.htm",
        "finalLink": "https://www.sec.gov/Archives/edgar/data/1163302/000116330216000134/x201663010q.htm"
    },
    {
        "date": "2016-03-31",
        "symbol": "X",
        "reportedCurrency": "USD",
        "cik": "0001163302",
        "fillingDate": "2016-04-27",
        "acceptedDate": "2016-04-27 12:58:13",
        "calendarYear": "2016",
        "period": "Q1",
        "revenue": 2341000000,
        "costOfRevenue": 2436000000,
        "grossProfit": -95000000,
        "grossProfitRatio": -0.0405809483,
        "researchAndDevelopmentExpenses": 0,
        "generalAndAdministrativeExpenses": 69000000,
        "sellingAndMarketingExpenses": 0,
        "sellingGeneralAndAdministrativeExpenses": 69000000,
        "otherExpenses": 129000000,
        "operatingExpenses": 198000000,
        "costAndExpenses": 2634000000,
        "interestIncome": 1000000,
        "interestExpense": 53000000,
        "depreciationAndAmortization": 129000000,
        "ebitda": -144000000,
        "ebitdaratio": -0.0615121743,
        "operatingIncome": -261000000,
        "operatingIncomeRatio": -0.1114908159,
        "totalOtherIncomeExpensesNet": -162000000,
        "incomeBeforeTax": -326000000,
        "incomeBeforeTaxRatio": -0.1392567279,
        "incomeTaxExpense": 14000000,
        "netIncome": -340000000,
        "netIncomeRatio": -0.1452370782,
        "eps": -2.32,
        "epsdiluted": -2.32,
        "weightedAverageShsOut": 146402000,
        "weightedAverageShsOutDil": 146402000,
        "link": "https://www.sec.gov/Archives/edgar/data/1163302/000116330216000097/0001163302-16-000097-index.htm",
        "finalLink": "https://www.sec.gov/Archives/edgar/data/1163302/000116330216000097/x201633110q.htm"
    },
    {
        "date": "2015-12-31",
        "symbol": "X",
        "reportedCurrency": "USD",
        "cik": "0001163302",
        "fillingDate": "2016-02-29",
        "acceptedDate": "2016-02-29 14:26:29",
        "calendarYear": "2015",
        "period": "Q4",
        "revenue": 2572000000,
        "costOfRevenue": 2629000000,
        "grossProfit": -57000000,
        "grossProfitRatio": -0.0221617418,
        "researchAndDevelopmentExpenses": 0,
        "generalAndAdministrativeExpenses": 107000000,
        "sellingAndMarketingExpenses": -26000000,
        "sellingGeneralAndAdministrativeExpenses": 81000000,
        "otherExpenses": 130000000,
        "operatingExpenses": 211000000,
        "costAndExpenses": 2840000000,
        "interestIncome": 1000000,
        "interestExpense": 54000000,
        "depreciationAndAmortization": 129000000,
        "ebitda": -357000000,
        "ebitdaratio": -0.1388024883,
        "operatingIncome": -306000000,
        "operatingIncomeRatio": -0.1189735614,
        "totalOtherIncomeExpensesNet": -376000000,
        "incomeBeforeTax": -393000000,
        "incomeBeforeTaxRatio": -0.1527993779,
        "incomeTaxExpense": 606000000,
        "netIncome": -999000000,
        "netIncomeRatio": -0.3884136858,
        "eps": -6.83,
        "epsdiluted": -6.83,
        "weightedAverageShsOut": 146347000,
        "weightedAverageShsOutDil": 146347000,
        "link": "https://www.sec.gov/Archives/edgar/data/1163302/000116330216000083/0001163302-16-000083-index.htm",
        "finalLink": "https://www.sec.gov/Archives/edgar/data/1163302/000116330216000083/x2015123110-k.htm"
    },
    {
        "date": "2015-09-30",
        "symbol": "X",
        "reportedCurrency": "USD",
        "cik": "0001163302",
        "fillingDate": "2015-11-04",
        "acceptedDate": "2015-11-04 10:29:35",
        "calendarYear": "2015",
        "period": "Q3",
        "revenue": 2830000000,
        "costOfRevenue": 2654000000,
        "grossProfit": 176000000,
        "grossProfitRatio": 0.0621908127,
        "researchAndDevelopmentExpenses": 0,
        "generalAndAdministrativeExpenses": 99000000,
        "sellingAndMarketingExpenses": 0,
        "sellingGeneralAndAdministrativeExpenses": 99000000,
        "otherExpenses": 135000000,
        "operatingExpenses": 234000000,
        "costAndExpenses": 2888000000,
        "interestIncome": 2000000,
        "interestExpense": 56000000,
        "depreciationAndAmortization": 136000000,
        "ebitda": -31000000,
        "ebitdaratio": -0.0109540636,
        "operatingIncome": -170000000,
        "operatingIncomeRatio": -0.0600706714,
        "totalOtherIncomeExpensesNet": 84000000,
        "incomeBeforeTax": -223000000,
        "incomeBeforeTaxRatio": -0.0787985866,
        "incomeTaxExpense": -50000000,
        "netIncome": -173000000,
        "netIncomeRatio": -0.061130742,
        "eps": -1.18,
        "epsdiluted": -1.18,
        "weightedAverageShsOut": 146324000,
        "weightedAverageShsOutDil": 146324000,
        "link": "https://www.sec.gov/Archives/edgar/data/1163302/000116330215000061/0001163302-15-000061-index.htm",
        "finalLink": "https://www.sec.gov/Archives/edgar/data/1163302/000116330215000061/x201593010q.htm"
    },
    {
        "date": "2015-06-30",
        "symbol": "X",
        "reportedCurrency": "USD",
        "cik": "0001163302",
        "fillingDate": "2015-07-29",
        "acceptedDate": "2015-07-29 17:00:56",
        "calendarYear": "2015",
        "period": "Q2",
        "revenue": 2900000000,
        "costOfRevenue": 2792000000,
        "grossProfit": 108000000,
        "grossProfitRatio": 0.0372413793,
        "researchAndDevelopmentExpenses": 0,
        "generalAndAdministrativeExpenses": 107000000,
        "sellingAndMarketingExpenses": 0,
        "sellingGeneralAndAdministrativeExpenses": 107000000,
        "otherExpenses": 137000000,
        "operatingExpenses": 244000000,
        "costAndExpenses": 3036000000,
        "interestIncome": 0,
        "interestExpense": 36000000,
        "depreciationAndAmortization": 138000000,
        "ebitda": -256000000,
        "ebitdaratio": -0.0882758621,
        "operatingIncome": -392000000,
        "operatingIncomeRatio": -0.1351724138,
        "totalOtherIncomeExpensesNet": -57000000,
        "incomeBeforeTax": -447000000,
        "incomeBeforeTaxRatio": -0.154137931,
        "incomeTaxExpense": -186000000,
        "netIncome": -261000000,
        "netIncomeRatio": -0.09,
        "eps": -1.79,
        "epsdiluted": -1.79,
        "weightedAverageShsOut": 145810055,
        "weightedAverageShsOutDil": 145962000,
        "link": "https://www.sec.gov/Archives/edgar/data/1163302/000116330215000044/0001163302-15-000044-index.htm",
        "finalLink": "https://www.sec.gov/Archives/edgar/data/1163302/000116330215000044/x201563010q.htm"
    },
    {
        "date": "2015-03-31",
        "symbol": "X",
        "reportedCurrency": "USD",
        "cik": "0001163302",
        "fillingDate": "2015-04-29",
        "acceptedDate": "2015-04-29 14:11:53",
        "calendarYear": "2015",
        "period": "Q1",
        "revenue": 3272000000,
        "costOfRevenue": 3066000000,
        "grossProfit": 206000000,
        "grossProfitRatio": 0.0629584352,
        "researchAndDevelopmentExpenses": 0,
        "generalAndAdministrativeExpenses": 102000000,
        "sellingAndMarketingExpenses": 0,
        "sellingGeneralAndAdministrativeExpenses": 102000000,
        "otherExpenses": 144000000,
        "operatingExpenses": 246000000,
        "costAndExpenses": 3312000000,
        "interestIncome": 0,
        "interestExpense": 45000000,
        "depreciationAndAmortization": 144000000,
        "ebitda": -54000000,
        "ebitdaratio": -0.0165036675,
        "operatingIncome": -187000000,
        "operatingIncomeRatio": -0.0571515892,
        "totalOtherIncomeExpensesNet": -27000000,
        "incomeBeforeTax": -249000000,
        "incomeBeforeTaxRatio": -0.0761002445,
        "incomeTaxExpense": -174000000,
        "netIncome": -75000000,
        "netIncomeRatio": -0.0229217604,
        "eps": -0.52,
        "epsdiluted": -0.51,
        "weightedAverageShsOut": 144230769,
        "weightedAverageShsOutDil": 145733000,
        "link": "https://www.sec.gov/Archives/edgar/data/1163302/000116330215000027/0001163302-15-000027-index.htm",
        "finalLink": "https://www.sec.gov/Archives/edgar/data/1163302/000116330215000027/x201533110q.htm"
    },
    {
        "date": "2014-12-31",
        "symbol": "X",
        "reportedCurrency": "USD",
        "cik": "0001163302",
        "fillingDate": "2015-02-24",
        "acceptedDate": "2015-02-24 16:57:07",
        "calendarYear": "2014",
        "period": "Q4",
        "revenue": 4072000000,
        "costOfRevenue": 3466000000,
        "grossProfit": 606000000,
        "grossProfitRatio": 0.1488212181,
        "researchAndDevelopmentExpenses": 0,
        "generalAndAdministrativeExpenses": 117000000,
        "sellingAndMarketingExpenses": 0,
        "sellingGeneralAndAdministrativeExpenses": 117000000,
        "otherExpenses": 126000000,
        "operatingExpenses": 243000000,
        "costAndExpenses": 3709000000,
        "interestIncome": 8000000,
        "interestExpense": 56000000,
        "depreciationAndAmortization": 138000000,
        "ebitda": 495000000,
        "ebitdaratio": 0.1215618861,
        "operatingIncome": 397000000,
        "operatingIncomeRatio": 0.0974950884,
        "totalOtherIncomeExpensesNet": -50000000,
        "incomeBeforeTax": 347000000,
        "incomeBeforeTaxRatio": 0.08521611,
        "incomeTaxExpense": 72000000,
        "netIncome": 275000000,
        "netIncomeRatio": 0.0675343811,
        "eps": 1.89,
        "epsdiluted": 1.83,
        "weightedAverageShsOut": 145654000,
        "weightedAverageShsOutDil": 150481000,
        "link": "https://www.sec.gov/Archives/edgar/data/1163302/000116330215000011/0001163302-15-000011-index.htm",
        "finalLink": "https://www.sec.gov/Archives/edgar/data/1163302/000116330215000011/x2014123110-k.htm"
    },
    {
        "date": "2014-09-30",
        "symbol": "X",
        "reportedCurrency": "USD",
        "cik": "0001163302",
        "fillingDate": "2014-10-29",
        "acceptedDate": "2014-10-29 12:22:22",
        "calendarYear": "2014",
        "period": "Q3",
        "revenue": 4587000000,
        "costOfRevenue": 3848000000,
        "grossProfit": 739000000,
        "grossProfitRatio": 0.1611074777,
        "researchAndDevelopmentExpenses": 0,
        "generalAndAdministrativeExpenses": 125000000,
        "sellingAndMarketingExpenses": 0,
        "sellingGeneralAndAdministrativeExpenses": 125000000,
        "otherExpenses": 158000000,
        "operatingExpenses": 283000000,
        "costAndExpenses": 4131000000,
        "interestIncome": 2000000,
        "interestExpense": 57000000,
        "depreciationAndAmortization": 158000000,
        "ebitda": 14000000,
        "ebitdaratio": 0.0030521038,
        "operatingIncome": -141000000,
        "operatingIncomeRatio": -0.0307390451,
        "totalOtherIncomeExpensesNet": -60000000,
        "incomeBeforeTax": -201000000,
        "incomeBeforeTaxRatio": -0.0438194899,
        "incomeTaxExpense": 6000000,
        "netIncome": -207000000,
        "netIncomeRatio": -0.0451275343,
        "eps": -1.42,
        "epsdiluted": -1.42,
        "weightedAverageShsOut": 145348000,
        "weightedAverageShsOutDil": 145348000,
        "link": "https://www.sec.gov/Archives/edgar/data/1163302/000116330214000073/0001163302-14-000073-index.htm",
        "finalLink": "https://www.sec.gov/Archives/edgar/data/1163302/000116330214000073/x201493010q.htm"
    },
    {
        "date": "2014-06-30",
        "symbol": "X",
        "reportedCurrency": "USD",
        "cik": "0001163302",
        "fillingDate": "2014-07-30",
        "acceptedDate": "2014-07-30 13:33:28",
        "calendarYear": "2014",
        "period": "Q2",
        "revenue": 4400000000,
        "costOfRevenue": 4097000000,
        "grossProfit": 303000000,
        "grossProfitRatio": 0.0688636364,
        "researchAndDevelopmentExpenses": 0,
        "generalAndAdministrativeExpenses": 143000000,
        "sellingAndMarketingExpenses": 0,
        "sellingGeneralAndAdministrativeExpenses": 143000000,
        "otherExpenses": 165000000,
        "operatingExpenses": 308000000,
        "costAndExpenses": 4405000000,
        "interestIncome": 1000000,
        "interestExpense": 60000000,
        "depreciationAndAmortization": 165000000,
        "ebitda": 196000000,
        "ebitdaratio": 0.0445454545,
        "operatingIncome": 35000000,
        "operatingIncomeRatio": 0.0079545455,
        "totalOtherIncomeExpensesNet": -64000000,
        "incomeBeforeTax": -29000000,
        "incomeBeforeTaxRatio": -0.0065909091,
        "incomeTaxExpense": -11000000,
        "netIncome": -18000000,
        "netIncomeRatio": -0.0040909091,
        "eps": -0.12,
        "epsdiluted": -0.12,
        "weightedAverageShsOut": 144884000,
        "weightedAverageShsOutDil": 144884000,
        "link": "https://www.sec.gov/Archives/edgar/data/1163302/000116330214000060/0001163302-14-000060-index.htm",
        "finalLink": "https://www.sec.gov/Archives/edgar/data/1163302/000116330214000060/x201463010q.htm"
    },
    {
        "date": "2014-03-31",
        "symbol": "X",
        "reportedCurrency": "USD",
        "cik": "0001163302",
        "fillingDate": "2014-04-30",
        "acceptedDate": "2014-04-30 10:31:32",
        "calendarYear": "2014",
        "period": "Q1",
        "revenue": 4448000000,
        "costOfRevenue": 4038000000,
        "grossProfit": 410000000,
        "grossProfitRatio": 0.092176259,
        "researchAndDevelopmentExpenses": 0,
        "generalAndAdministrativeExpenses": 138000000,
        "sellingAndMarketingExpenses": 0,
        "sellingGeneralAndAdministrativeExpenses": 138000000,
        "otherExpenses": 166000000,
        "operatingExpenses": 304000000,
        "costAndExpenses": 4342000000,
        "interestIncome": 1000000,
        "interestExpense": 61000000,
        "depreciationAndAmortization": 166000000,
        "ebitda": 280000000,
        "ebitdaratio": 0.0629496403,
        "operatingIncome": 122000000,
        "operatingIncomeRatio": 0.0274280576,
        "totalOtherIncomeExpensesNet": -69000000,
        "incomeBeforeTax": 53000000,
        "incomeBeforeTaxRatio": 0.0119154676,
        "incomeTaxExpense": 1000000,
        "netIncome": 52000000,
        "netIncomeRatio": 0.0116906475,
        "eps": 0.36,
        "epsdiluted": 0.34,
        "weightedAverageShsOut": 144757000,
        "weightedAverageShsOutDil": 156114000,
        "link": "https://www.sec.gov/Archives/edgar/data/1163302/000116330214000025/0001163302-14-000025-index.htm",
        "finalLink": "https://www.sec.gov/Archives/edgar/data/1163302/000116330214000025/x201433110q.htm"
    },
    {
        "date": "2013-12-31",
        "symbol": "X",
        "reportedCurrency": "USD",
        "cik": "0001163302",
        "fillingDate": "2014-02-25",
        "acceptedDate": "2014-02-25 16:56:50",
        "calendarYear": "2013",
        "period": "Q4",
        "revenue": 4269000000,
        "costOfRevenue": 3911000000,
        "grossProfit": 358000000,
        "grossProfitRatio": 0.0838603888,
        "researchAndDevelopmentExpenses": 0,
        "generalAndAdministrativeExpenses": 161000000,
        "sellingAndMarketingExpenses": 0,
        "sellingGeneralAndAdministrativeExpenses": 161000000,
        "otherExpenses": 164000000,
        "operatingExpenses": 325000000,
        "costAndExpenses": 4236000000,
        "interestIncome": 1000000,
        "interestExpense": 62000000,
        "depreciationAndAmortization": 170000000,
        "ebitda": -72000000,
        "ebitdaratio": -0.0168657765,
        "operatingIncome": -229000000,
        "operatingIncomeRatio": -0.0536425392,
        "totalOtherIncomeExpensesNet": -75000000,
        "incomeBeforeTax": -304000000,
        "incomeBeforeTaxRatio": -0.0712110565,
        "incomeTaxExpense": -182000000,
        "netIncome": -122000000,
        "netIncomeRatio": -0.0285781213,
        "eps": -0.84,
        "epsdiluted": -0.84,
        "weightedAverageShsOut": 144740000,
        "weightedAverageShsOutDil": 144740000,
        "link": "https://www.sec.gov/Archives/edgar/data/1163302/000116330214000010/0001163302-14-000010-index.htm",
        "finalLink": "https://www.sec.gov/Archives/edgar/data/1163302/000116330214000010/x2013123110-k.htm"
    },
    {
        "date": "2013-09-30",
        "symbol": "X",
        "reportedCurrency": "USD",
        "cik": "0001163302",
        "fillingDate": "2013-10-29",
        "acceptedDate": "2013-10-29 17:07:06",
        "calendarYear": "2013",
        "period": "Q3",
        "revenue": 4131000000,
        "costOfRevenue": 3749000000,
        "grossProfit": 382000000,
        "grossProfitRatio": 0.0924715565,
        "researchAndDevelopmentExpenses": 0,
        "generalAndAdministrativeExpenses": 153000000,
        "sellingAndMarketingExpenses": 0,
        "sellingGeneralAndAdministrativeExpenses": 153000000,
        "otherExpenses": 174000000,
        "operatingExpenses": 327000000,
        "costAndExpenses": 4076000000,
        "interestIncome": 0,
        "interestExpense": 35000000,
        "depreciationAndAmortization": 173000000,
        "ebitda": -1553000000,
        "ebitdaratio": -0.3759380295,
        "operatingIncome": -1702000000,
        "operatingIncomeRatio": -0.412006778,
        "totalOtherIncomeExpensesNet": -85000000,
        "incomeBeforeTax": -1787000000,
        "incomeBeforeTaxRatio": -0.4325829097,
        "incomeTaxExpense": 4000000,
        "netIncome": -1791000000,
        "netIncomeRatio": -0.4335511983,
        "eps": -12.38,
        "epsdiluted": -12.38,
        "weightedAverageShsOut": 144668820,
        "weightedAverageShsOutDil": 144727000,
        "link": "https://www.sec.gov/Archives/edgar/data/1163302/000116330213000036/0001163302-13-000036-index.htm",
        "finalLink": "https://www.sec.gov/Archives/edgar/data/1163302/000116330213000036/x201393010q.htm"
    },
    {
        "date": "2013-06-30",
        "symbol": "X",
        "reportedCurrency": "USD",
        "cik": "0001163302",
        "fillingDate": "2013-07-30",
        "acceptedDate": "2013-07-30 15:50:55",
        "calendarYear": "2013",
        "period": "Q2",
        "revenue": 4429000000,
        "costOfRevenue": 4114000000,
        "grossProfit": 315000000,
        "grossProfitRatio": 0.0711221495,
        "researchAndDevelopmentExpenses": 0,
        "generalAndAdministrativeExpenses": 151000000,
        "sellingAndMarketingExpenses": 0,
        "sellingGeneralAndAdministrativeExpenses": 151000000,
        "otherExpenses": 169000000,
        "operatingExpenses": 320000000,
        "costAndExpenses": 4434000000,
        "interestIncome": 1000000,
        "interestExpense": 58000000,
        "depreciationAndAmortization": 170000000,
        "ebitda": 153000000,
        "ebitdaratio": 0.034545044,
        "operatingIncome": -7000000,
        "operatingIncomeRatio": -0.0015804922,
        "totalOtherIncomeExpensesNet": -68000000,
        "incomeBeforeTax": -75000000,
        "incomeBeforeTaxRatio": -0.0169338451,
        "incomeTaxExpense": 3000000,
        "netIncome": -78000000,
        "netIncomeRatio": -0.0176111989,
        "eps": -0.54,
        "epsdiluted": -0.54,
        "weightedAverageShsOut": 144444444,
        "weightedAverageShsOutDil": 144485000,
        "link": "https://www.sec.gov/Archives/edgar/data/1163302/000116330213000014/0001163302-13-000014-index.htm",
        "finalLink": "https://www.sec.gov/Archives/edgar/data/1163302/000116330213000014/x201363010q.htm"
    },
    {
        "date": "2013-03-31",
        "symbol": "X",
        "reportedCurrency": "USD",
        "cik": "0001163302",
        "fillingDate": "2013-04-30",
        "acceptedDate": "2013-04-30 14:48:06",
        "calendarYear": "2013",
        "period": "Q1",
        "revenue": 4595000000,
        "costOfRevenue": 4242000000,
        "grossProfit": 353000000,
        "grossProfitRatio": 0.0768226333,
        "researchAndDevelopmentExpenses": 0,
        "generalAndAdministrativeExpenses": 145000000,
        "sellingAndMarketingExpenses": 0,
        "sellingGeneralAndAdministrativeExpenses": 145000000,
        "otherExpenses": 177000000,
        "operatingExpenses": 322000000,
        "costAndExpenses": 4564000000,
        "interestIncome": 1000000,
        "interestExpense": 85000000,
        "depreciationAndAmortization": 171000000,
        "ebitda": 190000000,
        "ebitdaratio": 0.0413492927,
        "operatingIncome": 38000000,
        "operatingIncomeRatio": 0.0082698585,
        "totalOtherIncomeExpensesNet": -104000000,
        "incomeBeforeTax": -66000000,
        "incomeBeforeTaxRatio": -0.0143634385,
        "incomeTaxExpense": 7000000,
        "netIncome": -73000000,
        "netIncomeRatio": -0.0158868335,
        "eps": -0.51,
        "epsdiluted": -0.51,
        "weightedAverageShsOut": 143137254,
        "weightedAverageShsOutDil": 144353000,
        "link": "https://www.sec.gov/Archives/edgar/data/1163302/000119312513186630/0001193125-13-186630-index.htm",
        "finalLink": "https://www.sec.gov/Archives/edgar/data/1163302/000119312513186630/d510046d10q.htm"
    },
    {
        "date": "2012-12-31",
        "symbol": "X",
        "reportedCurrency": "USD",
        "cik": "0001163302",
        "fillingDate": "2013-02-15",
        "acceptedDate": "2013-02-15 08:27:47",
        "calendarYear": "2012",
        "period": "Q4",
        "revenue": 4487000000,
        "costOfRevenue": 4216000000,
        "grossProfit": 271000000,
        "grossProfitRatio": 0.0603967016,
        "researchAndDevelopmentExpenses": 0,
        "generalAndAdministrativeExpenses": 142000000,
        "sellingAndMarketingExpenses": 0,
        "sellingGeneralAndAdministrativeExpenses": 142000000,
        "otherExpenses": 164000000,
        "operatingExpenses": 306000000,
        "costAndExpenses": 4522000000,
        "interestIncome": 1000000,
        "interestExpense": 54000000,
        "depreciationAndAmortization": 171000000,
        "ebitda": 136000000,
        "ebitdaratio": 0.0303097838,
        "operatingIncome": 5000000,
        "operatingIncomeRatio": 0.0011143303,
        "totalOtherIncomeExpensesNet": -64000000,
        "incomeBeforeTax": -59000000,
        "incomeBeforeTaxRatio": -0.0131490974,
        "incomeTaxExpense": -8000000,
        "netIncome": -50000000,
        "netIncomeRatio": -0.0111433029,
        "eps": -0.35,
        "epsdiluted": -0.35,
        "weightedAverageShsOut": 142915534,
        "weightedAverageShsOutDil": 144351000,
        "link": "https://www.sec.gov/Archives/edgar/data/1163302/000119312513061613/0001193125-13-061613-index.htm",
        "finalLink": "https://www.sec.gov/Archives/edgar/data/1163302/000119312513061613/d448577d10k.htm"
    },
    {
        "date": "2012-09-30",
        "symbol": "X",
        "reportedCurrency": "USD",
        "cik": "0001163302",
        "fillingDate": "2012-10-30",
        "acceptedDate": "2012-10-30 14:04:01",
        "calendarYear": "2012",
        "period": "Q3",
        "revenue": 4652000000,
        "costOfRevenue": 4311000000,
        "grossProfit": 341000000,
        "grossProfitRatio": 0.0733018057,
        "researchAndDevelopmentExpenses": 0,
        "generalAndAdministrativeExpenses": 166000000,
        "sellingAndMarketingExpenses": 0,
        "sellingGeneralAndAdministrativeExpenses": 166000000,
        "otherExpenses": 162000000,
        "operatingExpenses": 328000000,
        "costAndExpenses": 4639000000,
        "interestIncome": 1000000,
        "interestExpense": 45000000,
        "depreciationAndAmortization": 163000000,
        "ebitda": 225000000,
        "ebitdaratio": 0.0483662941,
        "operatingIncome": 62000000,
        "operatingIncomeRatio": 0.013327601,
        "totalOtherIncomeExpensesNet": -45000000,
        "incomeBeforeTax": 17000000,
        "incomeBeforeTaxRatio": 0.0036543422,
        "incomeTaxExpense": -27000000,
        "netIncome": 44000000,
        "netIncomeRatio": 0.0094582975,
        "eps": 0.3,
        "epsdiluted": 0.28,
        "weightedAverageShsOut": 144350000,
        "weightedAverageShsOutDil": 171673000,
        "link": "https://www.sec.gov/Archives/edgar/data/1163302/000119312512441181/0001193125-12-441181-index.htm",
        "finalLink": "https://www.sec.gov/Archives/edgar/data/1163302/000119312512441181/d406911d10q.htm"
    },
    {
        "date": "2012-06-30",
        "symbol": "X",
        "reportedCurrency": "USD",
        "cik": "0001163302",
        "fillingDate": "2012-07-31",
        "acceptedDate": "2012-07-31 11:20:59",
        "calendarYear": "2012",
        "period": "Q2",
        "revenue": 5017000000,
        "costOfRevenue": 4477000000,
        "grossProfit": 540000000,
        "grossProfitRatio": 0.1076340442,
        "researchAndDevelopmentExpenses": 0,
        "generalAndAdministrativeExpenses": 173000000,
        "sellingAndMarketingExpenses": 0,
        "sellingGeneralAndAdministrativeExpenses": 173000000,
        "otherExpenses": 158000000,
        "operatingExpenses": 331000000,
        "costAndExpenses": 4808000000,
        "interestIncome": 1000000,
        "interestExpense": 66000000,
        "depreciationAndAmortization": 164000000,
        "ebitda": 401000000,
        "ebitdaratio": 0.079928244,
        "operatingIncome": 253000000,
        "operatingIncomeRatio": 0.050428543,
        "totalOtherIncomeExpensesNet": -82000000,
        "incomeBeforeTax": 171000000,
        "incomeBeforeTaxRatio": 0.034084114,
        "incomeTaxExpense": 70000000,
        "netIncome": 101000000,
        "netIncomeRatio": 0.0201315527,
        "eps": 0.7,
        "epsdiluted": 0.62,
        "weightedAverageShsOut": 144176000,
        "weightedAverageShsOutDil": 171416000,
        "link": "https://www.sec.gov/Archives/edgar/data/1163302/000119312512324842/0001193125-12-324842-index.htm",
        "finalLink": "https://www.sec.gov/Archives/edgar/data/1163302/000119312512324842/d361664d10q.htm"
    },
    {
        "date": "2012-03-31",
        "symbol": "X",
        "reportedCurrency": "USD",
        "cik": "0001163302",
        "fillingDate": "2012-04-25",
        "acceptedDate": "2012-04-25 11:21:38",
        "calendarYear": "2012",
        "period": "Q1",
        "revenue": 5172000000,
        "costOfRevenue": 4626000000,
        "grossProfit": 546000000,
        "grossProfitRatio": 0.1055684455,
        "researchAndDevelopmentExpenses": 0,
        "generalAndAdministrativeExpenses": 173000000,
        "sellingAndMarketingExpenses": 0,
        "sellingGeneralAndAdministrativeExpenses": 173000000,
        "otherExpenses": 161000000,
        "operatingExpenses": 334000000,
        "costAndExpenses": 4960000000,
        "interestIncome": 4000000,
        "interestExpense": 49000000,
        "depreciationAndAmortization": 163000000,
        "ebitda": 89000000,
        "ebitdaratio": 0.0172080433,
        "operatingIncome": -73000000,
        "operatingIncomeRatio": -0.0141144625,
        "totalOtherIncomeExpensesNet": -50000000,
        "incomeBeforeTax": -123000000,
        "incomeBeforeTaxRatio": -0.0237819026,
        "incomeTaxExpense": 96000000,
        "netIncome": -219000000,
        "netIncomeRatio": -0.0423433875,
        "eps": -1.52,
        "epsdiluted": -1.52,
        "weightedAverageShsOut": 144075000,
        "weightedAverageShsOutDil": 144075000,
        "link": "https://www.sec.gov/Archives/edgar/data/1163302/000119312512181012/0001193125-12-181012-index.htm",
        "finalLink": "https://www.sec.gov/Archives/edgar/data/1163302/000119312512181012/d320189d10q.htm"
    },
    {
        "date": "2011-12-31",
        "symbol": "X",
        "reportedCurrency": "USD",
        "cik": "0001163302",
        "fillingDate": "2012-02-28",
        "acceptedDate": "2012-02-28 13:55:38",
        "calendarYear": "2011",
        "period": "Q4",
        "revenue": 4819000000,
        "costOfRevenue": 4664000000,
        "grossProfit": 155000000,
        "grossProfitRatio": 0.0321643495,
        "researchAndDevelopmentExpenses": 0,
        "generalAndAdministrativeExpenses": 183000000,
        "sellingAndMarketingExpenses": 0,
        "sellingGeneralAndAdministrativeExpenses": 183000000,
        "otherExpenses": 166000000,
        "operatingExpenses": 349000000,
        "costAndExpenses": 5013000000,
        "interestIncome": 2000000,
        "interestExpense": 45000000,
        "depreciationAndAmortization": 169000000,
        "ebitda": -31000000,
        "ebitdaratio": -0.0064328699,
        "operatingIncome": -160000000,
        "operatingIncomeRatio": -0.0332019091,
        "totalOtherIncomeExpensesNet": -85000000,
        "incomeBeforeTax": -263000000,
        "incomeBeforeTaxRatio": -0.0545756381,
        "incomeTaxExpense": -37000000,
        "netIncome": -226000000,
        "netIncomeRatio": -0.0468976966,
        "eps": -1.57,
        "epsdiluted": -1.57,
        "weightedAverageShsOut": 144071000,
        "weightedAverageShsOutDil": 144071000,
        "link": "https://www.sec.gov/Archives/edgar/data/1163302/000119312512084547/0001193125-12-084547-index.htm",
        "finalLink": "https://www.sec.gov/Archives/edgar/data/1163302/000119312512084547/d260669d10k.htm"
    },
    {
        "date": "2011-09-30",
        "symbol": "X",
        "reportedCurrency": "USD",
        "cik": "0001163302",
        "fillingDate": "2011-10-25",
        "acceptedDate": "2011-10-25 12:29:53",
        "calendarYear": "2011",
        "period": "Q3",
        "revenue": 5081000000,
        "costOfRevenue": 4560000000,
        "grossProfit": 521000000,
        "grossProfitRatio": 0.1025388703,
        "researchAndDevelopmentExpenses": 0,
        "generalAndAdministrativeExpenses": 181000000,
        "sellingAndMarketingExpenses": 0,
        "sellingGeneralAndAdministrativeExpenses": 181000000,
        "otherExpenses": 168000000,
        "operatingExpenses": 349000000,
        "costAndExpenses": 4909000000,
        "interestIncome": 1000000,
        "interestExpense": 47000000,
        "depreciationAndAmortization": 172000000,
        "ebitda": 274000000,
        "ebitdaratio": 0.0539263924,
        "operatingIncome": 199000000,
        "operatingIncomeRatio": 0.0391655186,
        "totalOtherIncomeExpensesNet": -144000000,
        "incomeBeforeTax": 55000000,
        "incomeBeforeTaxRatio": 0.0108246408,
        "incomeTaxExpense": 33000000,
        "netIncome": 22000000,
        "netIncomeRatio": 0.0043298563,
        "eps": 0.15,
        "epsdiluted": 0.15,
        "weightedAverageShsOut": 144067000,
        "weightedAverageShsOutDil": 144452000,
        "link": "https://www.sec.gov/Archives/edgar/data/1163302/000119312511279878/0001193125-11-279878-index.htm",
        "finalLink": "https://www.sec.gov/Archives/edgar/data/1163302/000119312511279878/d233133d10q.htm"
    },
    {
        "date": "2011-06-30",
        "symbol": "X",
        "reportedCurrency": "USD",
        "cik": "0001163302",
        "fillingDate": "2011-07-26",
        "acceptedDate": "2011-07-26 15:23:05",
        "calendarYear": "2011",
        "period": "Q2",
        "revenue": 5120000000,
        "costOfRevenue": 4498000000,
        "grossProfit": 622000000,
        "grossProfitRatio": 0.121484375,
        "researchAndDevelopmentExpenses": 0,
        "generalAndAdministrativeExpenses": 189000000,
        "sellingAndMarketingExpenses": 0,
        "sellingGeneralAndAdministrativeExpenses": 189000000,
        "otherExpenses": 168000000,
        "operatingExpenses": 357000000,
        "costAndExpenses": 4855000000,
        "interestIncome": 1000000,
        "interestExpense": 48000000,
        "depreciationAndAmortization": 171000000,
        "ebitda": 506000000,
        "ebitdaratio": 0.098828125,
        "operatingIncome": 300000000,
        "operatingIncomeRatio": 0.05859375,
        "totalOtherIncomeExpensesNet": -13000000,
        "incomeBeforeTax": 287000000,
        "incomeBeforeTaxRatio": 0.0560546875,
        "incomeTaxExpense": 65000000,
        "netIncome": 222000000,
        "netIncomeRatio": 0.043359375,
        "eps": 1.54,
        "epsdiluted": 1.33,
        "weightedAverageShsOut": 143922000,
        "weightedAverageShsOutDil": 171591000,
        "link": "https://www.sec.gov/Archives/edgar/data/1163302/000119312511197387/0001193125-11-197387-index.htm",
        "finalLink": "https://www.sec.gov/Archives/edgar/data/1163302/000119312511197387/d10q.htm"
    },
    {
        "date": "2011-03-31",
        "symbol": "X",
        "reportedCurrency": "USD",
        "cik": "0001163302",
        "fillingDate": "2011-04-26",
        "acceptedDate": "2011-04-26 13:24:47",
        "calendarYear": "2011",
        "period": "Q1",
        "revenue": 4864000000,
        "costOfRevenue": 4621000000,
        "grossProfit": 243000000,
        "grossProfitRatio": 0.0499588816,
        "researchAndDevelopmentExpenses": 0,
        "generalAndAdministrativeExpenses": 180000000,
        "sellingAndMarketingExpenses": 0,
        "sellingGeneralAndAdministrativeExpenses": 180000000,
        "otherExpenses": 168000000,
        "operatingExpenses": 348000000,
        "costAndExpenses": 4969000000,
        "interestIncome": 2000000,
        "interestExpense": 50000000,
        "depreciationAndAmortization": 169000000,
        "ebitda": 149000000,
        "ebitdaratio": 0.0306332237,
        "operatingIncome": -91000000,
        "operatingIncomeRatio": -0.0187088816,
        "totalOtherIncomeExpensesNet": 21000000,
        "incomeBeforeTax": -70000000,
        "incomeBeforeTaxRatio": -0.0143914474,
        "incomeTaxExpense": 16000000,
        "netIncome": -86000000,
        "netIncomeRatio": -0.0176809211,
        "eps": -0.6,
        "epsdiluted": -0.6,
        "weightedAverageShsOut": 143801000,
        "weightedAverageShsOutDil": 143801000,
        "link": "https://www.sec.gov/Archives/edgar/data/1163302/000119312511109114/0001193125-11-109114-index.htm",
        "finalLink": "https://www.sec.gov/Archives/edgar/data/1163302/000119312511109114/d10q.htm"
    },
    {
        "date": "2010-12-31",
        "symbol": "X",
        "reportedCurrency": "USD",
        "cik": "0001163302",
        "fillingDate": "2011-02-22",
        "acceptedDate": "2011-02-22 16:54:59",
        "calendarYear": "2010",
        "period": "Q4",
        "revenue": 4300000000,
        "costOfRevenue": 4115000000,
        "grossProfit": 185000000,
        "grossProfitRatio": 0.0430232558,
        "researchAndDevelopmentExpenses": 0,
        "generalAndAdministrativeExpenses": 162000000,
        "sellingAndMarketingExpenses": 0,
        "sellingGeneralAndAdministrativeExpenses": 162000000,
        "otherExpenses": 160000000,
        "operatingExpenses": 322000000,
        "costAndExpenses": 4437000000,
        "interestIncome": 2000000,
        "interestExpense": 50000000,
        "depreciationAndAmortization": 168000000,
        "ebitda": 10000000,
        "ebitdaratio": 0.0023255814,
        "operatingIncome": -114000000,
        "operatingIncomeRatio": -0.0265116279,
        "totalOtherIncomeExpensesNet": -94000000,
        "incomeBeforeTax": -208000000,
        "incomeBeforeTaxRatio": -0.048372093,
        "incomeTaxExpense": 41000000,
        "netIncome": -249000000,
        "netIncomeRatio": -0.0579069767,
        "eps": -1.73,
        "epsdiluted": -1.73,
        "weightedAverageShsOut": 143712000,
        "weightedAverageShsOutDil": 143712000,
        "link": "https://www.sec.gov/Archives/edgar/data/1163302/000119312511042228/0001193125-11-042228-index.htm",
        "finalLink": "https://www.sec.gov/Archives/edgar/data/1163302/000119312511042228/d10k.htm"
    },
    {
        "date": "2010-09-30",
        "symbol": "X",
        "reportedCurrency": "USD",
        "cik": "0001163302",
        "fillingDate": "2010-10-26",
        "acceptedDate": "2010-10-26 15:08:12",
        "calendarYear": "2010",
        "period": "Q3",
        "revenue": 4497000000,
        "costOfRevenue": 4321000000,
        "grossProfit": 176000000,
        "grossProfitRatio": 0.0391372026,
        "researchAndDevelopmentExpenses": 0,
        "generalAndAdministrativeExpenses": 148000000,
        "sellingAndMarketingExpenses": 0,
        "sellingGeneralAndAdministrativeExpenses": 148000000,
        "otherExpenses": 161000000,
        "operatingExpenses": 309000000,
        "costAndExpenses": 4630000000,
        "interestIncome": 1000000,
        "interestExpense": 50000000,
        "depreciationAndAmortization": 163000000,
        "ebitda": 153000000,
        "ebitdaratio": 0.0340226818,
        "operatingIncome": -138000000,
        "operatingIncomeRatio": -0.0306871247,
        "totalOtherIncomeExpensesNet": 78000000,
        "incomeBeforeTax": -60000000,
        "incomeBeforeTaxRatio": -0.0133422282,
        "incomeTaxExpense": -9000000,
        "netIncome": -51000000,
        "netIncomeRatio": -0.0113408939,
        "eps": -0.36,
        "epsdiluted": -0.36,
        "weightedAverageShsOut": 143660000,
        "weightedAverageShsOutDil": 143660000,
        "link": "https://www.sec.gov/Archives/edgar/data/1163302/000119312510236594/0001193125-10-236594-index.htm",
        "finalLink": "https://www.sec.gov/Archives/edgar/data/1163302/000119312510236594/d10q.htm"
    },
    {
        "date": "2010-06-30",
        "symbol": "X",
        "reportedCurrency": "USD",
        "cik": "0001163302",
        "fillingDate": "2010-07-27",
        "acceptedDate": "2010-07-27 15:32:12",
        "calendarYear": "2010",
        "period": "Q2",
        "revenue": 4681000000,
        "costOfRevenue": 4184000000,
        "grossProfit": 497000000,
        "grossProfitRatio": 0.1061738945,
        "researchAndDevelopmentExpenses": 0,
        "generalAndAdministrativeExpenses": 152000000,
        "sellingAndMarketingExpenses": 0,
        "sellingGeneralAndAdministrativeExpenses": 152000000,
        "otherExpenses": 158000000,
        "operatingExpenses": 310000000,
        "costAndExpenses": 4494000000,
        "interestIncome": 1000000,
        "interestExpense": 52000000,
        "depreciationAndAmortization": 162000000,
        "ebitda": 262000000,
        "ebitdaratio": 0.0559709464,
        "operatingIncome": 198000000,
        "operatingIncomeRatio": 0.0422986541,
        "totalOtherIncomeExpensesNet": -150000000,
        "incomeBeforeTax": 48000000,
        "incomeBeforeTaxRatio": 0.0102542192,
        "incomeTaxExpense": 72000000,
        "netIncome": -25000000,
        "netIncomeRatio": -0.0053407392,
        "eps": -0.17,
        "epsdiluted": -0.17,
        "weightedAverageShsOut": 143504000,
        "weightedAverageShsOutDil": 143504000,
        "link": "https://www.sec.gov/Archives/edgar/data/1163302/000119312510167285/0001193125-10-167285-index.htm",
        "finalLink": "https://www.sec.gov/Archives/edgar/data/1163302/000119312510167285/d10q.htm"
    },
    {
        "date": "2010-03-31",
        "symbol": "X",
        "reportedCurrency": "USD",
        "cik": "0001163302",
        "fillingDate": "2010-04-27",
        "acceptedDate": "2010-04-27 15:17:42",
        "calendarYear": "2010",
        "period": "Q1",
        "revenue": 3896000000,
        "costOfRevenue": 3639000000,
        "grossProfit": 257000000,
        "grossProfitRatio": 0.0659650924,
        "researchAndDevelopmentExpenses": 0,
        "generalAndAdministrativeExpenses": 148000000,
        "sellingAndMarketingExpenses": 0,
        "sellingGeneralAndAdministrativeExpenses": 148000000,
        "otherExpenses": 164000000,
        "operatingExpenses": 312000000,
        "costAndExpenses": 3951000000,
        "interestIncome": 3000000,
        "interestExpense": 43000000,
        "depreciationAndAmortization": 165000000,
        "ebitda": 43000000,
        "ebitdaratio": 0.011036961,
        "operatingIncome": -57000000,
        "operatingIncomeRatio": -0.0146303901,
        "totalOtherIncomeExpensesNet": -108000000,
        "incomeBeforeTax": -165000000,
        "incomeBeforeTaxRatio": -0.0423511294,
        "incomeTaxExpense": -7000000,
        "netIncome": -157000000,
        "netIncomeRatio": -0.0402977413,
        "eps": -1.09,
        "epsdiluted": -1.09,
        "weightedAverageShsOut": 143390000,
        "weightedAverageShsOutDil": 143390000,
        "link": "https://www.sec.gov/Archives/edgar/data/1163302/000119312510094744/0001193125-10-094744-index.htm",
        "finalLink": "https://www.sec.gov/Archives/edgar/data/1163302/000119312510094744/d10q.htm"
    },
    {
        "date": "2009-12-31",
        "symbol": "X",
        "reportedCurrency": "USD",
        "cik": "0001163302",
        "fillingDate": "2010-02-24",
        "acceptedDate": "2010-02-24 15:54:56",
        "calendarYear": "2009",
        "period": "Q4",
        "revenue": 3354000000,
        "costOfRevenue": 3348000000,
        "grossProfit": 6000000,
        "grossProfitRatio": 0.0017889088,
        "researchAndDevelopmentExpenses": 0,
        "generalAndAdministrativeExpenses": 158000000,
        "sellingAndMarketingExpenses": 0,
        "sellingGeneralAndAdministrativeExpenses": 158000000,
        "otherExpenses": 170000000,
        "operatingExpenses": 328000000,
        "costAndExpenses": 3676000000,
        "interestIncome": -21000000,
        "interestExpense": 33000000,
        "depreciationAndAmortization": 177000000,
        "ebitda": -175000000,
        "ebitdaratio": -0.0521765057,
        "operatingIncome": -329000000,
        "operatingIncomeRatio": -0.0980918306,
        "totalOtherIncomeExpensesNet": -56000000,
        "incomeBeforeTax": -385000000,
        "incomeBeforeTaxRatio": -0.1147883125,
        "incomeTaxExpense": -117000000,
        "netIncome": -267000000,
        "netIncomeRatio": -0.0796064401,
        "eps": -1.86,
        "epsdiluted": -1.86,
        "weightedAverageShsOut": 143380000,
        "weightedAverageShsOutDil": 143380000,
        "link": "https://www.sec.gov/Archives/edgar/data/1163302/000119312510038824/0001193125-10-038824-index.htm",
        "finalLink": "https://www.sec.gov/Archives/edgar/data/1163302/000119312510038824/d10k.htm"
    },
    {
        "date": "2009-09-30",
        "symbol": "X",
        "reportedCurrency": "USD",
        "cik": "0001163302",
        "fillingDate": "2009-10-27",
        "acceptedDate": "2009-10-27 13:13:12",
        "calendarYear": "2009",
        "period": "Q3",
        "revenue": 2817000000,
        "costOfRevenue": 2902000000,
        "grossProfit": -85000000,
        "grossProfitRatio": -0.0301739439,
        "researchAndDevelopmentExpenses": 0,
        "generalAndAdministrativeExpenses": 163000000,
        "sellingAndMarketingExpenses": 0,
        "sellingGeneralAndAdministrativeExpenses": 163000000,
        "otherExpenses": 164000000,
        "operatingExpenses": 327000000,
        "costAndExpenses": 3229000000,
        "interestIncome": 2000000,
        "interestExpense": 42000000,
        "depreciationAndAmortization": 167000000,
        "ebitda": -224000000,
        "ebitdaratio": -0.0795172169,
        "operatingIncome": -412000000,
        "operatingIncomeRatio": -0.1462548811,
        "totalOtherIncomeExpensesNet": -25000000,
        "incomeBeforeTax": -437000000,
        "incomeBeforeTaxRatio": -0.1551295705,
        "incomeTaxExpense": -130000000,
        "netIncome": -303000000,
        "netIncomeRatio": -0.1075612354,
        "eps": -2.11,
        "epsdiluted": -2.11,
        "weightedAverageShsOut": 143363000,
        "weightedAverageShsOutDil": 143363000,
        "link": "https://www.sec.gov/Archives/edgar/data/1163302/000119312509214606/0001193125-09-214606-index.htm",
        "finalLink": "https://www.sec.gov/Archives/edgar/data/1163302/000119312509214606/d10q.htm"
    },
    {
        "date": "2009-06-30",
        "symbol": "X",
        "reportedCurrency": "USD",
        "cik": "0001163302",
        "fillingDate": "2009-07-28",
        "acceptedDate": "2009-07-28 14:40:47",
        "calendarYear": "2009",
        "period": "Q2",
        "revenue": 2127000000,
        "costOfRevenue": 2340000000,
        "grossProfit": -213000000,
        "grossProfitRatio": -0.1001410437,
        "researchAndDevelopmentExpenses": 0,
        "generalAndAdministrativeExpenses": 154000000,
        "sellingAndMarketingExpenses": 0,
        "sellingGeneralAndAdministrativeExpenses": 154000000,
        "otherExpenses": 124000000,
        "operatingExpenses": 278000000,
        "costAndExpenses": 2618000000,
        "interestIncome": 1000000,
        "interestExpense": 38000000,
        "depreciationAndAmortization": 159000000,
        "ebitda": -277000000,
        "ebitdaratio": -0.1302303714,
        "operatingIncome": -465000000,
        "operatingIncomeRatio": -0.2186177715,
        "totalOtherIncomeExpensesNet": -9000000,
        "incomeBeforeTax": -474000000,
        "incomeBeforeTaxRatio": -0.2228490832,
        "incomeTaxExpense": -82000000,
        "netIncome": -392000000,
        "netIncomeRatio": -0.1842971321,
        "eps": -2.91,
        "epsdiluted": -2.91,
        "weightedAverageShsOut": 134634000,
        "weightedAverageShsOutDil": 134634000,
        "link": "https://www.sec.gov/Archives/edgar/data/1163302/000119312509156797/0001193125-09-156797-index.htm",
        "finalLink": "https://www.sec.gov/Archives/edgar/data/1163302/000119312509156797/d10q.htm"
    },
    {
        "date": "2009-03-31",
        "symbol": "X",
        "reportedCurrency": "USD",
        "cik": "0001163302",
        "fillingDate": "2009-04-27",
        "acceptedDate": "2009-04-27 17:20:57",
        "calendarYear": "2009",
        "period": "Q1",
        "revenue": 2750000000,
        "costOfRevenue": 3007000000,
        "grossProfit": -257000000,
        "grossProfitRatio": -0.0934545455,
        "researchAndDevelopmentExpenses": 0,
        "generalAndAdministrativeExpenses": 143000000,
        "sellingAndMarketingExpenses": 0,
        "sellingGeneralAndAdministrativeExpenses": 143000000,
        "otherExpenses": 154000000,
        "operatingExpenses": 297000000,
        "costAndExpenses": 3304000000,
        "interestIncome": 2000000,
        "interestExpense": 36000000,
        "depreciationAndAmortization": 158000000,
        "ebitda": -355000000,
        "ebitdaratio": -0.1290909091,
        "operatingIncome": -478000000,
        "operatingIncomeRatio": -0.1738181818,
        "totalOtherIncomeExpensesNet": -71000000,
        "incomeBeforeTax": -549000000,
        "incomeBeforeTaxRatio": -0.1996363636,
        "incomeTaxExpense": -110000000,
        "netIncome": -439000000,
        "netIncomeRatio": -0.1596363636,
        "eps": -3.78,
        "epsdiluted": -3.78,
        "weightedAverageShsOut": 116103000,
        "weightedAverageShsOutDil": 116103000,
        "link": "https://www.sec.gov/Archives/edgar/data/1163302/000119312509088655/0001193125-09-088655-index.htm",
        "finalLink": "https://www.sec.gov/Archives/edgar/data/1163302/000119312509088655/d10q.htm"
    },
    {
        "date": "2008-12-31",
        "symbol": "X",
        "reportedCurrency": "USD",
        "cik": "0001163302",
        "fillingDate": "2009-02-24",
        "acceptedDate": "2009-02-24 15:50:41",
        "calendarYear": "2008",
        "period": "Q4",
        "revenue": 4565000000,
        "costOfRevenue": 3887000000,
        "grossProfit": 678000000,
        "grossProfitRatio": 0.1485213582,
        "researchAndDevelopmentExpenses": 0,
        "generalAndAdministrativeExpenses": 161000000,
        "sellingAndMarketingExpenses": -6000000,
        "sellingGeneralAndAdministrativeExpenses": 155000000,
        "otherExpenses": -2000000,
        "operatingExpenses": 153000000,
        "costAndExpenses": 4040000000,
        "interestIncome": 3000000,
        "interestExpense": 41000000,
        "depreciationAndAmortization": 141000000,
        "ebitda": 681000000,
        "ebitdaratio": 0.1491785323,
        "operatingIncome": 549000000,
        "operatingIncomeRatio": 0.1202628697,
        "totalOtherIncomeExpensesNet": 4000000,
        "incomeBeforeTax": 526000000,
        "incomeBeforeTaxRatio": 0.1152245345,
        "incomeTaxExpense": 210000000,
        "netIncome": 290000000,
        "netIncomeRatio": 0.0635268346,
        "eps": 2.65,
        "epsdiluted": 2.65,
        "weightedAverageShsOut": 116147000,
        "weightedAverageShsOutDil": 116445000,
        "link": "https://www.sec.gov/Archives/edgar/data/1163302/000119312509036175/0001193125-09-036175-index.htm",
        "finalLink": "https://www.sec.gov/Archives/edgar/data/1163302/000119312509036175/d10k.htm"
    },
    {
        "date": "2008-09-30",
        "symbol": "X",
        "reportedCurrency": "USD",
        "cik": "0001163302",
        "fillingDate": "2008-10-28",
        "acceptedDate": "2008-10-28 15:08:29",
        "calendarYear": "2008",
        "period": "Q3",
        "revenue": 7312000000,
        "costOfRevenue": 5752000000,
        "grossProfit": 1560000000,
        "grossProfitRatio": 0.2133479212,
        "researchAndDevelopmentExpenses": 0,
        "generalAndAdministrativeExpenses": 151000000,
        "sellingAndMarketingExpenses": 0,
        "sellingGeneralAndAdministrativeExpenses": 151000000,
        "otherExpenses": 139000000,
        "operatingExpenses": 290000000,
        "costAndExpenses": 6042000000,
        "interestIncome": 3000000,
        "interestExpense": 40000000,
        "depreciationAndAmortization": 149000000,
        "ebitda": 1470000000,
        "ebitdaratio": 0.2010393873,
        "operatingIncome": 1327000000,
        "operatingIncomeRatio": 0.1814824945,
        "totalOtherIncomeExpensesNet": -46000000,
        "incomeBeforeTax": 1281000000,
        "incomeBeforeTaxRatio": 0.1751914661,
        "incomeTaxExpense": 339000000,
        "netIncome": 919000000,
        "netIncomeRatio": 0.1256838074,
        "eps": 7.84,
        "epsdiluted": 7.79,
        "weightedAverageShsOut": 117169000,
        "weightedAverageShsOutDil": 117826000,
        "link": "https://www.sec.gov/Archives/edgar/data/1163302/000119312508217861/0001193125-08-217861-index.htm",
        "finalLink": "https://www.sec.gov/Archives/edgar/data/1163302/000119312508217861/d10q.htm"
    },
    {
        "date": "2008-06-30",
        "symbol": "X",
        "reportedCurrency": "USD",
        "cik": "0001163302",
        "fillingDate": "2008-07-29",
        "acceptedDate": "2008-07-29 08:23:29",
        "calendarYear": "2008",
        "period": "Q2",
        "revenue": 6744000000,
        "costOfRevenue": 5497000000,
        "grossProfit": 1247000000,
        "grossProfitRatio": 0.1849051008,
        "researchAndDevelopmentExpenses": 0,
        "generalAndAdministrativeExpenses": 171000000,
        "sellingAndMarketingExpenses": 0,
        "sellingGeneralAndAdministrativeExpenses": 171000000,
        "otherExpenses": 157000000,
        "operatingExpenses": 328000000,
        "costAndExpenses": 5825000000,
        "interestIncome": 3000000,
        "interestExpense": 42000000,
        "depreciationAndAmortization": 159000000,
        "ebitda": 1130000000,
        "ebitdaratio": 0.1675563464,
        "operatingIncome": 954000000,
        "operatingIncomeRatio": 0.1414590747,
        "totalOtherIncomeExpensesNet": -25000000,
        "incomeBeforeTax": 929000000,
        "incomeBeforeTaxRatio": 0.1377520759,
        "incomeTaxExpense": 255000000,
        "netIncome": 668000000,
        "netIncomeRatio": 0.0990510083,
        "eps": 5.69,
        "epsdiluted": 5.65,
        "weightedAverageShsOut": 117507000,
        "weightedAverageShsOutDil": 118217000,
        "link": "https://www.sec.gov/Archives/edgar/data/1163302/000119312508159620/0001193125-08-159620-index.htm",
        "finalLink": "https://www.sec.gov/Archives/edgar/data/1163302/000119312508159620/d10q.htm"
    },
    {
        "date": "2008-03-31",
        "symbol": "X",
        "reportedCurrency": "USD",
        "cik": "0001163302",
        "fillingDate": "2008-04-29",
        "acceptedDate": "2008-04-29 15:34:01",
        "calendarYear": "2008",
        "period": "Q1",
        "revenue": 5196000000,
        "costOfRevenue": 4643000000,
        "grossProfit": 553000000,
        "grossProfitRatio": 0.1064280216,
        "researchAndDevelopmentExpenses": 0,
        "generalAndAdministrativeExpenses": 142000000,
        "sellingAndMarketingExpenses": 0,
        "sellingGeneralAndAdministrativeExpenses": 142000000,
        "otherExpenses": 153000000,
        "operatingExpenses": 295000000,
        "costAndExpenses": 4938000000,
        "interestIncome": 5000000,
        "interestExpense": 46000000,
        "depreciationAndAmortization": 156000000,
        "ebitda": 500000000,
        "ebitdaratio": 0.0962278676,
        "operatingIncome": 266000000,
        "operatingIncomeRatio": 0.0511932256,
        "totalOtherIncomeExpensesNet": 32000000,
        "incomeBeforeTax": 298000000,
        "incomeBeforeTaxRatio": 0.0573518091,
        "incomeTaxExpense": 58000000,
        "netIncome": 235000000,
        "netIncomeRatio": 0.0452270978,
        "eps": 2,
        "epsdiluted": 1.98,
        "weightedAverageShsOut": 117595000,
        "weightedAverageShsOutDil": 118405000,
        "link": "https://www.sec.gov/Archives/edgar/data/1163302/000119312508094908/0001193125-08-094908-index.htm",
        "finalLink": "https://www.sec.gov/Archives/edgar/data/1163302/000119312508094908/d10q.htm"
    },
    {
        "date": "2007-12-31",
        "symbol": "X",
        "reportedCurrency": "USD",
        "cik": "0001163302",
        "fillingDate": "2008-02-27",
        "acceptedDate": "2008-02-27 16:08:54",
        "calendarYear": "2007",
        "period": "Q4",
        "revenue": 4535000000,
        "costOfRevenue": 4110000000,
        "grossProfit": 425000000,
        "grossProfitRatio": 0.0937155458,
        "researchAndDevelopmentExpenses": 0,
        "generalAndAdministrativeExpenses": 178000000,
        "sellingAndMarketingExpenses": 0,
        "sellingGeneralAndAdministrativeExpenses": 178000000,
        "otherExpenses": 141000000,
        "operatingExpenses": 319000000,
        "costAndExpenses": 4429000000,
        "interestIncome": 6000000,
        "interestExpense": 38000000,
        "depreciationAndAmortization": 153000000,
        "ebitda": 263000000,
        "ebitdaratio": 0.0579933848,
        "operatingIncome": 116000000,
        "operatingIncomeRatio": 0.0255788313,
        "totalOtherIncomeExpensesNet": -44000000,
        "incomeBeforeTax": 72000000,
        "incomeBeforeTaxRatio": 0.015876516,
        "incomeTaxExpense": 31000000,
        "netIncome": 35000000,
        "netIncomeRatio": 0.0077177508,
        "eps": 0.3,
        "epsdiluted": 0.3,
        "weightedAverageShsOut": 117595000,
        "weightedAverageShsOutDil": 118405000,
        "link": "https://www.sec.gov/Archives/edgar/data/1163302/000119312508040079/0001193125-08-040079-index.htm",
        "finalLink": "https://www.sec.gov/Archives/edgar/data/1163302/000119312508040079/d10k.htm"
    },
    {
        "date": "2007-09-30",
        "symbol": "X",
        "reportedCurrency": "USD",
        "cik": "0001163302",
        "fillingDate": "2007-10-30",
        "acceptedDate": "2007-10-30 15:12:17",
        "calendarYear": "2007",
        "period": "Q3",
        "revenue": 4354000000,
        "costOfRevenue": 3749000000,
        "grossProfit": 605000000,
        "grossProfitRatio": 0.1389526872,
        "researchAndDevelopmentExpenses": 0,
        "generalAndAdministrativeExpenses": 134000000,
        "sellingAndMarketingExpenses": 0,
        "sellingGeneralAndAdministrativeExpenses": 134000000,
        "otherExpenses": 125000000,
        "operatingExpenses": 259000000,
        "costAndExpenses": 4008000000,
        "interestIncome": 11000000,
        "interestExpense": 37000000,
        "depreciationAndAmortization": 124000000,
        "ebitda": 501000000,
        "ebitdaratio": 0.1150666054,
        "operatingIncome": 360000000,
        "operatingIncomeRatio": 0.0826825907,
        "totalOtherIncomeExpensesNet": -22000000,
        "incomeBeforeTax": 338000000,
        "incomeBeforeTaxRatio": 0.0776297657,
        "incomeTaxExpense": 68000000,
        "netIncome": 269000000,
        "netIncomeRatio": 0.0617822692,
        "eps": 2.28,
        "epsdiluted": 2.27,
        "weightedAverageShsOut": 118086000,
        "weightedAverageShsOutDil": 118755000,
        "link": "https://www.sec.gov/Archives/edgar/data/1163302/000119312507229518/0001193125-07-229518-index.htm",
        "finalLink": "https://www.sec.gov/Archives/edgar/data/1163302/000119312507229518/d10q.htm"
    },
    {
        "date": "2007-06-30",
        "symbol": "X",
        "reportedCurrency": "USD",
        "cik": "0001163302",
        "fillingDate": "2007-07-25",
        "acceptedDate": "2007-07-25 14:58:42",
        "calendarYear": "2007",
        "period": "Q2",
        "revenue": 4228000000,
        "costOfRevenue": 3595000000,
        "grossProfit": 633000000,
        "grossProfitRatio": 0.1497161779,
        "researchAndDevelopmentExpenses": 0,
        "generalAndAdministrativeExpenses": 138000000,
        "sellingAndMarketingExpenses": 0,
        "sellingGeneralAndAdministrativeExpenses": 138000000,
        "otherExpenses": 117000000,
        "operatingExpenses": 255000000,
        "costAndExpenses": 3850000000,
        "interestIncome": 31000000,
        "interestExpense": 40000000,
        "depreciationAndAmortization": 118000000,
        "ebitda": 534000000,
        "ebitdaratio": 0.1263008515,
        "operatingIncome": 391000000,
        "operatingIncomeRatio": 0.0924787133,
        "totalOtherIncomeExpensesNet": -34000000,
        "incomeBeforeTax": 357000000,
        "incomeBeforeTaxRatio": 0.0844370861,
        "incomeTaxExpense": 53000000,
        "netIncome": 302000000,
        "netIncomeRatio": 0.0714285714,
        "eps": 2.55,
        "epsdiluted": 2.54,
        "weightedAverageShsOut": 118221000,
        "weightedAverageShsOutDil": 118891000,
        "link": "https://www.sec.gov/Archives/edgar/data/1163302/000119312507161610/0001193125-07-161610-index.htm",
        "finalLink": "https://www.sec.gov/Archives/edgar/data/1163302/000119312507161610/d10q.htm"
    },
    {
        "date": "2007-03-31",
        "symbol": "X",
        "reportedCurrency": "USD",
        "cik": "0001163302",
        "fillingDate": "2007-04-25",
        "acceptedDate": "2007-04-25 16:20:19",
        "calendarYear": "2007",
        "period": "Q1",
        "revenue": 3756000000,
        "costOfRevenue": 3179000000,
        "grossProfit": 577000000,
        "grossProfitRatio": 0.1536208733,
        "researchAndDevelopmentExpenses": 0,
        "generalAndAdministrativeExpenses": 139000000,
        "sellingAndMarketingExpenses": 0,
        "sellingGeneralAndAdministrativeExpenses": 139000000,
        "otherExpenses": 104000000,
        "operatingExpenses": 243000000,
        "costAndExpenses": 3422000000,
        "interestIncome": 16000000,
        "interestExpense": 22000000,
        "depreciationAndAmortization": 111000000,
        "ebitda": 478000000,
        "ebitdaratio": 0.1272630458,
        "operatingIncome": 346000000,
        "operatingIncomeRatio": 0.0921192758,
        "totalOtherIncomeExpensesNet": -5000000,
        "incomeBeforeTax": 341000000,
        "incomeBeforeTaxRatio": 0.0907880724,
        "incomeTaxExpense": 66000000,
        "netIncome": 273000000,
        "netIncomeRatio": 0.0726837061,
        "eps": 2.31,
        "epsdiluted": 2.3,
        "weightedAverageShsOut": 118244000,
        "weightedAverageShsOutDil": 119005000,
        "link": "https://www.sec.gov/Archives/edgar/data/1163302/000119312507090214/0001193125-07-090214-index.htm",
        "finalLink": "https://www.sec.gov/Archives/edgar/data/1163302/000119312507090214/d10q.htm"
    },
    {
        "date": "2006-12-31",
        "symbol": "X",
        "reportedCurrency": "USD",
        "cik": "0001163302",
        "fillingDate": "2007-02-27",
        "acceptedDate": "2007-02-27 15:36:00",
        "calendarYear": "2006",
        "period": "Q4",
        "revenue": 3774000000,
        "costOfRevenue": 3223000000,
        "grossProfit": 551000000,
        "grossProfitRatio": 0.1459989401,
        "researchAndDevelopmentExpenses": 0,
        "generalAndAdministrativeExpenses": 146000000,
        "sellingAndMarketingExpenses": 0,
        "sellingGeneralAndAdministrativeExpenses": 146000000,
        "otherExpenses": 93000000,
        "operatingExpenses": 239000000,
        "costAndExpenses": 3462000000,
        "interestIncome": 8000000,
        "interestExpense": 13000000,
        "depreciationAndAmortization": 102000000,
        "ebitda": 431000000,
        "ebitdaratio": 0.1142024377,
        "operatingIncome": 341000000,
        "operatingIncomeRatio": 0.0903550609,
        "totalOtherIncomeExpensesNet": -25000000,
        "incomeBeforeTax": 316000000,
        "incomeBeforeTaxRatio": 0.0837307896,
        "incomeTaxExpense": 7000000,
        "netIncome": 297000000,
        "netIncomeRatio": 0.0786963434,
        "eps": 2.51,
        "epsdiluted": 2.5,
        "weightedAverageShsOut": 118244000,
        "weightedAverageShsOutDil": 119005000,
        "link": "https://www.sec.gov/Archives/edgar/data/1163302/000119312507040976/0001193125-07-040976-index.htm",
        "finalLink": "https://www.sec.gov/Archives/edgar/data/1163302/000119312507040976/d10k.htm"
    },
    {
        "date": "2006-09-30",
        "symbol": "X",
        "reportedCurrency": "USD",
        "cik": "0001163302",
        "fillingDate": "2006-11-02",
        "acceptedDate": "2006-11-02 16:23:15",
        "calendarYear": "2006",
        "period": "Q3",
        "revenue": 4106000000,
        "costOfRevenue": 3308000000,
        "grossProfit": 798000000,
        "grossProfitRatio": 0.1943497321,
        "researchAndDevelopmentExpenses": 0,
        "generalAndAdministrativeExpenses": 144000000,
        "sellingAndMarketingExpenses": 0,
        "sellingGeneralAndAdministrativeExpenses": 144000000,
        "otherExpenses": 112000000,
        "operatingExpenses": 256000000,
        "costAndExpenses": 3564000000,
        "interestIncome": 17000000,
        "interestExpense": 30000000,
        "depreciationAndAmortization": 113000000,
        "ebitda": 697000000,
        "ebitdaratio": 0.169751583,
        "operatingIncome": 561000000,
        "operatingIncomeRatio": 0.1366293229,
        "totalOtherIncomeExpensesNet": -7000000,
        "incomeBeforeTax": 554000000,
        "incomeBeforeTaxRatio": 0.1349245007,
        "incomeTaxExpense": 136000000,
        "netIncome": 417000000,
        "netIncomeRatio": 0.1015586946,
        "eps": 3.44,
        "epsdiluted": 3.42,
        "weightedAverageShsOut": 121270000,
        "weightedAverageShsOutDil": 121964000,
        "link": "https://www.sec.gov/Archives/edgar/data/1163302/000119312506222131/0001193125-06-222131-index.htm",
        "finalLink": "https://www.sec.gov/Archives/edgar/data/1163302/000119312506222131/d10q.htm"
    },
    {
        "date": "2006-06-30",
        "symbol": "X",
        "reportedCurrency": "USD",
        "cik": "0001163302",
        "fillingDate": "2006-07-28",
        "acceptedDate": "2006-07-28 14:17:03",
        "calendarYear": "2006",
        "period": "Q2",
        "revenue": 4107000000,
        "costOfRevenue": 3339000000,
        "grossProfit": 768000000,
        "grossProfitRatio": 0.1869978086,
        "researchAndDevelopmentExpenses": 0,
        "generalAndAdministrativeExpenses": 156000000,
        "sellingAndMarketingExpenses": 0,
        "sellingGeneralAndAdministrativeExpenses": 156000000,
        "otherExpenses": 112000000,
        "operatingExpenses": 268000000,
        "costAndExpenses": 3607000000,
        "interestIncome": 17000000,
        "interestExpense": 31000000,
        "depreciationAndAmortization": 114000000,
        "ebitda": 613000000,
        "ebitdaratio": 0.1492573655,
        "operatingIncome": 514000000,
        "operatingIncomeRatio": 0.1251521792,
        "totalOtherIncomeExpensesNet": -14000000,
        "incomeBeforeTax": 500000000,
        "incomeBeforeTaxRatio": 0.121743365,
        "incomeTaxExpense": 91000000,
        "netIncome": 404000000,
        "netIncomeRatio": 0.0983686389,
        "eps": 3.6,
        "epsdiluted": 3.22,
        "weightedAverageShsOut": 111129000,
        "weightedAverageShsOutDil": 125242000,
        "link": "https://www.sec.gov/Archives/edgar/data/1163302/000119312506155862/0001193125-06-155862-index.htm",
        "finalLink": "https://www.sec.gov/Archives/edgar/data/1163302/000119312506155862/d10q.htm"
    },
    {
        "date": "2006-03-31",
        "symbol": "X",
        "reportedCurrency": "USD",
        "cik": "0001163302",
        "fillingDate": "2006-04-28",
        "acceptedDate": "2006-04-28 14:43:22",
        "calendarYear": "2006",
        "period": "Q1",
        "revenue": 3728000000,
        "costOfRevenue": 3098000000,
        "grossProfit": 630000000,
        "grossProfitRatio": 0.1689914163,
        "researchAndDevelopmentExpenses": 0,
        "generalAndAdministrativeExpenses": 158000000,
        "sellingAndMarketingExpenses": 0,
        "sellingGeneralAndAdministrativeExpenses": 158000000,
        "otherExpenses": 111000000,
        "operatingExpenses": 269000000,
        "costAndExpenses": 3367000000,
        "interestIncome": 15000000,
        "interestExpense": 17000000,
        "depreciationAndAmortization": 112000000,
        "ebitda": 497000000,
        "ebitdaratio": 0.1333154506,
        "operatingIncome": 369000000,
        "operatingIncomeRatio": 0.0989806867,
        "totalOtherIncomeExpensesNet": -16000000,
        "incomeBeforeTax": 353000000,
        "incomeBeforeTaxRatio": 0.0946888412,
        "incomeTaxExpense": 90000000,
        "netIncome": 256000000,
        "netIncomeRatio": 0.0686695279,
        "eps": 2.31,
        "epsdiluted": 2.04,
        "weightedAverageShsOut": 108809000,
        "weightedAverageShsOutDil": 125559000,
        "link": "https://www.sec.gov/Archives/edgar/data/1163302/000119312506092710/0001193125-06-092710-index.htm",
        "finalLink": "https://www.sec.gov/Archives/edgar/data/1163302/000119312506092710/d10q.htm"
    },
    {
        "date": "2005-12-31",
        "symbol": "X",
        "reportedCurrency": "USD",
        "cik": "0001163302",
        "fillingDate": "2006-02-28",
        "acceptedDate": "2006-02-28 17:20:22",
        "calendarYear": "2005",
        "period": "Q4",
        "revenue": 3470000000,
        "costOfRevenue": 2969000000,
        "grossProfit": 501000000,
        "grossProfitRatio": 0.1443804035,
        "researchAndDevelopmentExpenses": 0,
        "generalAndAdministrativeExpenses": 192000000,
        "sellingAndMarketingExpenses": 0,
        "sellingGeneralAndAdministrativeExpenses": 192000000,
        "otherExpenses": 88000000,
        "operatingExpenses": 280000000,
        "costAndExpenses": 3249000000,
        "interestIncome": 7000000,
        "interestExpense": 22000000,
        "depreciationAndAmortization": 92000000,
        "ebitda": 315000000,
        "ebitdaratio": 0.090778098,
        "operatingIncome": 227000000,
        "operatingIncomeRatio": 0.0654178674,
        "totalOtherIncomeExpensesNet": -26000000,
        "incomeBeforeTax": 201000000,
        "incomeBeforeTaxRatio": 0.057925072,
        "incomeTaxExpense": 89000000,
        "netIncome": 103000000,
        "netIncomeRatio": 0.0296829971,
        "eps": 0.95,
        "epsdiluted": 0.82,
        "weightedAverageShsOut": 108809000,
        "weightedAverageShsOutDil": 125559000,
        "link": "https://www.sec.gov/Archives/edgar/data/1163302/000119312506041454/0001193125-06-041454-index.htm",
        "finalLink": "https://www.sec.gov/Archives/edgar/data/1163302/000119312506041454/d10k.htm"
    },
    {
        "date": "2005-09-30",
        "symbol": "X",
        "reportedCurrency": "USD",
        "cik": "0001163302",
        "fillingDate": "2005-10-28",
        "acceptedDate": "2005-10-28 11:58:02",
        "calendarYear": "2005",
        "period": "Q3",
        "revenue": 3200000000,
        "costOfRevenue": 2808000000,
        "grossProfit": 392000000,
        "grossProfitRatio": 0.1225,
        "researchAndDevelopmentExpenses": 0,
        "generalAndAdministrativeExpenses": 161000000,
        "sellingAndMarketingExpenses": 0,
        "sellingGeneralAndAdministrativeExpenses": 161000000,
        "otherExpenses": 81000000,
        "operatingExpenses": 242000000,
        "costAndExpenses": 3050000000,
        "interestIncome": 11000000,
        "interestExpense": 17000000,
        "depreciationAndAmortization": 88000000,
        "ebitda": 244000000,
        "ebitdaratio": 0.07625,
        "operatingIncome": 159000000,
        "operatingIncomeRatio": 0.0496875,
        "totalOtherIncomeExpensesNet": -5000000,
        "incomeBeforeTax": 143000000,
        "incomeBeforeTaxRatio": 0.0446875,
        "incomeTaxExpense": 28000000,
        "netIncome": 93000000,
        "netIncomeRatio": 0.0290625,
        "eps": 0.77,
        "epsdiluted": 0.71,
        "weightedAverageShsOut": 113980000,
        "weightedAverageShsOutDil": 130339000,
        "link": "https://www.sec.gov/Archives/edgar/data/1163302/000119312505210792/0001193125-05-210792-index.htm",
        "finalLink": "https://www.sec.gov/Archives/edgar/data/1163302/000119312505210792/d10q.htm"
    },
    {
        "date": "2005-06-30",
        "symbol": "X",
        "reportedCurrency": "USD",
        "cik": "0001163302",
        "fillingDate": "2005-07-29",
        "acceptedDate": "2005-07-29 11:51:37",
        "calendarYear": "2005",
        "period": "Q2",
        "revenue": 3582000000,
        "costOfRevenue": 2925000000,
        "grossProfit": 657000000,
        "grossProfitRatio": 0.1834170854,
        "researchAndDevelopmentExpenses": 0,
        "generalAndAdministrativeExpenses": 176000000,
        "sellingAndMarketingExpenses": 0,
        "sellingGeneralAndAdministrativeExpenses": 176000000,
        "otherExpenses": 87000000,
        "operatingExpenses": 263000000,
        "costAndExpenses": 3188000000,
        "interestIncome": 0,
        "interestExpense": 0,
        "depreciationAndAmortization": 88000000,
        "ebitda": 490000000,
        "ebitdaratio": 0.1367950865,
        "operatingIncome": 413000000,
        "operatingIncomeRatio": 0.1152987158,
        "totalOtherIncomeExpensesNet": -60000000,
        "incomeBeforeTax": 350000000,
        "incomeBeforeTaxRatio": 0.0977107761,
        "incomeTaxExpense": 93000000,
        "netIncome": 249000000,
        "netIncomeRatio": 0.0695142379,
        "eps": 2.14,
        "epsdiluted": 1.91,
        "weightedAverageShsOut": 114222000,
        "weightedAverageShsOutDil": 130646000,
        "link": "https://www.sec.gov/Archives/edgar/data/1163302/000119312505152353/0001193125-05-152353-index.htm",
        "finalLink": "https://www.sec.gov/Archives/edgar/data/1163302/000119312505152353/d10q.htm"
    },
    {
        "date": "2005-03-31",
        "symbol": "X",
        "reportedCurrency": "USD",
        "cik": "0001163302",
        "fillingDate": "2005-04-28",
        "acceptedDate": "2005-04-28 14:04:34",
        "calendarYear": "2005",
        "period": "Q1",
        "revenue": 3761000000,
        "costOfRevenue": 2873000000,
        "grossProfit": 888000000,
        "grossProfitRatio": 0.2361074182,
        "researchAndDevelopmentExpenses": 0,
        "generalAndAdministrativeExpenses": 169000000,
        "sellingAndMarketingExpenses": 0,
        "sellingGeneralAndAdministrativeExpenses": 169000000,
        "otherExpenses": 96000000,
        "operatingExpenses": 265000000,
        "costAndExpenses": 3138000000,
        "interestIncome": 0,
        "interestExpense": 20000000,
        "depreciationAndAmortization": 98000000,
        "ebitda": 741000000,
        "ebitdaratio": 0.1970220686,
        "operatingIncome": 640000000,
        "operatingIncomeRatio": 0.1701675086,
        "totalOtherIncomeExpensesNet": -17000000,
        "incomeBeforeTax": 618000000,
        "incomeBeforeTaxRatio": 0.1643180005,
        "incomeTaxExpense": 155000000,
        "netIncome": 459000000,
        "netIncomeRatio": 0.1220420101,
        "eps": 3.95,
        "epsdiluted": 3.48,
        "weightedAverageShsOut": 114169000,
        "weightedAverageShsOutDil": 130830000,
        "link": "https://www.sec.gov/Archives/edgar/data/1163302/000119312505088255/0001193125-05-088255-index.htm",
        "finalLink": "https://www.sec.gov/Archives/edgar/data/1163302/000119312505088255/d10q.htm"
    },
    {
        "date": "2004-12-31",
        "symbol": "X",
        "reportedCurrency": "USD",
        "cik": "0001163302",
        "fillingDate": "2005-02-25",
        "acceptedDate": "2005-02-25 15:15:04",
        "calendarYear": "2004",
        "period": "Q4",
        "revenue": 3890000000,
        "costOfRevenue": 3072000000,
        "grossProfit": 818000000,
        "grossProfitRatio": 0.2102827763,
        "researchAndDevelopmentExpenses": 0,
        "generalAndAdministrativeExpenses": 218000000,
        "sellingAndMarketingExpenses": 0,
        "sellingGeneralAndAdministrativeExpenses": 218000000,
        "otherExpenses": 84000000,
        "operatingExpenses": 302000000,
        "costAndExpenses": 3374000000,
        "interestIncome": 0,
        "interestExpense": 0,
        "depreciationAndAmortization": 95000000,
        "ebitda": 726000000,
        "ebitdaratio": 0.1866323907,
        "operatingIncome": 547000000,
        "operatingIncomeRatio": 0.1406169666,
        "totalOtherIncomeExpensesNet": 23000000,
        "incomeBeforeTax": 570000000,
        "incomeBeforeTaxRatio": 0.146529563,
        "incomeTaxExpense": 88000000,
        "netIncome": 468000000,
        "netIncomeRatio": 0.1203084833,
        "eps": 4.1,
        "epsdiluted": 3.58,
        "weightedAverageShsOut": 114169000,
        "weightedAverageShsOutDil": 130830000,
        "link": "https://www.sec.gov/Archives/edgar/data/1163302/000119312505037218/0001193125-05-037218-index.htm",
        "finalLink": "https://www.sec.gov/Archives/edgar/data/1163302/000119312505037218/d10k.htm"
    },
    {
        "date": "2004-09-30",
        "symbol": "X",
        "reportedCurrency": "USD",
        "cik": "0001163302",
        "fillingDate": "2004-10-29",
        "acceptedDate": "2004-10-29 10:57:26",
        "calendarYear": "2004",
        "period": "Q3",
        "revenue": 3707000000,
        "costOfRevenue": 2967000000,
        "grossProfit": 740000000,
        "grossProfitRatio": 0.1996223361,
        "researchAndDevelopmentExpenses": 0,
        "generalAndAdministrativeExpenses": 172000000,
        "sellingAndMarketingExpenses": 0,
        "sellingGeneralAndAdministrativeExpenses": 172000000,
        "otherExpenses": 94000000,
        "operatingExpenses": 266000000,
        "costAndExpenses": 3233000000,
        "interestIncome": 0,
        "interestExpense": 39000000,
        "depreciationAndAmortization": 96000000,
        "ebitda": 568000000,
        "ebitdaratio": 0.153223631,
        "operatingIncome": 494000000,
        "operatingIncomeRatio": 0.1332613974,
        "totalOtherIncomeExpensesNet": -4000000,
        "incomeBeforeTax": 490000000,
        "incomeBeforeTaxRatio": 0.1321823577,
        "incomeTaxExpense": 126000000,
        "netIncome": 354000000,
        "netIncomeRatio": 0.0954950094,
        "eps": 3.08,
        "epsdiluted": 2.72,
        "weightedAverageShsOut": 113523000,
        "weightedAverageShsOutDil": 130021000,
        "link": "https://www.sec.gov/Archives/edgar/data/1163302/000119312504181276/0001193125-04-181276-index.htm",
        "finalLink": "https://www.sec.gov/Archives/edgar/data/1163302/000119312504181276/d10q.htm"
    },
    {
        "date": "2004-06-30",
        "symbol": "X",
        "reportedCurrency": "USD",
        "cik": "0001163302",
        "fillingDate": "2004-07-30",
        "acceptedDate": "2004-07-30 11:36:45",
        "calendarYear": "2004",
        "period": "Q2",
        "revenue": 3448000000,
        "costOfRevenue": 2816000000,
        "grossProfit": 632000000,
        "grossProfitRatio": 0.1832946636,
        "researchAndDevelopmentExpenses": 0,
        "generalAndAdministrativeExpenses": 169000000,
        "sellingAndMarketingExpenses": 0,
        "sellingGeneralAndAdministrativeExpenses": 169000000,
        "otherExpenses": 90000000,
        "operatingExpenses": 259000000,
        "costAndExpenses": 3075000000,
        "interestIncome": 0,
        "interestExpense": 0,
        "depreciationAndAmortization": 93000000,
        "ebitda": 466000000,
        "ebitdaratio": 0.1351508121,
        "operatingIncome": 388000000,
        "operatingIncomeRatio": 0.1125290023,
        "totalOtherIncomeExpensesNet": -86000000,
        "incomeBeforeTax": 302000000,
        "incomeBeforeTaxRatio": 0.087587007,
        "incomeTaxExpense": 86000000,
        "netIncome": 211000000,
        "netIncomeRatio": 0.0611948956,
        "eps": 1.82,
        "epsdiluted": 1.62,
        "weightedAverageShsOut": 113332000,
        "weightedAverageShsOutDil": 129874000,
        "link": "https://www.sec.gov/Archives/edgar/data/1163302/000119312504127917/0001193125-04-127917-index.htm",
        "finalLink": "https://www.sec.gov/Archives/edgar/data/1163302/000119312504127917/d10q.htm"
    },
    {
        "date": "2004-03-31",
        "symbol": "X",
        "reportedCurrency": "USD",
        "cik": "0001163302",
        "fillingDate": "2004-05-04",
        "acceptedDate": "2004-05-04 16:35:22",
        "calendarYear": "2004",
        "period": "Q1",
        "revenue": 2906000000,
        "costOfRevenue": 2524000000,
        "grossProfit": 382000000,
        "grossProfitRatio": 0.1314521679,
        "researchAndDevelopmentExpenses": 0,
        "generalAndAdministrativeExpenses": 190000000,
        "sellingAndMarketingExpenses": 0,
        "sellingGeneralAndAdministrativeExpenses": 190000000,
        "otherExpenses": 89000000,
        "operatingExpenses": 279000000,
        "costAndExpenses": 2803000000,
        "interestIncome": 0,
        "interestExpense": 0,
        "depreciationAndAmortization": 98000000,
        "ebitda": 201000000,
        "ebitdaratio": 0.0691672402,
        "operatingIncome": 151000000,
        "operatingIncomeRatio": 0.0519614591,
        "totalOtherIncomeExpensesNet": -52000000,
        "incomeBeforeTax": 99000000,
        "incomeBeforeTaxRatio": 0.0340674467,
        "incomeTaxExpense": 51000000,
        "netIncome": 58000000,
        "netIncomeRatio": 0.0199587061,
        "eps": 0.51,
        "epsdiluted": 0.47,
        "weightedAverageShsOut": 106653000,
        "weightedAverageShsOutDil": 123254000,
        "link": "https://www.sec.gov/Archives/edgar/data/1163302/000119312504077991/0001193125-04-077991-index.htm",
        "finalLink": "https://www.sec.gov/Archives/edgar/data/1163302/000119312504077991/d10q.htm"
    },
    {
        "date": "2003-12-31",
        "symbol": "X",
        "reportedCurrency": "USD",
        "cik": "0001163302",
        "fillingDate": "2004-02-25",
        "acceptedDate": "2004-02-25 15:24:15",
        "calendarYear": "2003",
        "period": "Q4",
        "revenue": 2613000000,
        "costOfRevenue": 1903000000,
        "grossProfit": 710000000,
        "grossProfitRatio": 0.2717183314,
        "researchAndDevelopmentExpenses": 0,
        "generalAndAdministrativeExpenses": 83000000,
        "sellingAndMarketingExpenses": 0,
        "sellingGeneralAndAdministrativeExpenses": 83000000,
        "otherExpenses": 35000000,
        "operatingExpenses": 118000000,
        "costAndExpenses": 2021000000,
        "interestIncome": 0,
        "interestExpense": 0,
        "depreciationAndAmortization": 46000000,
        "ebitda": 45000000,
        "ebitdaratio": 0.0172215844,
        "operatingIncome": -34000000,
        "operatingIncomeRatio": -0.0130118638,
        "totalOtherIncomeExpensesNet": -24000000,
        "incomeBeforeTax": -58000000,
        "incomeBeforeTaxRatio": -0.0221967088,
        "incomeTaxExpense": -36000000,
        "netIncome": -22000000,
        "netIncomeRatio": -0.0084194413,
        "eps": -0.21,
        "epsdiluted": -0.18,
        "weightedAverageShsOut": 106653000,
        "weightedAverageShsOutDil": 123254000,
        "link": "https://www.sec.gov/Archives/edgar/data/1163302/000119312504029352/0001193125-04-029352-index.htm",
        "finalLink": "https://www.sec.gov/Archives/edgar/data/1163302/000119312504029352/d10k.htm"
    },
    {
        "date": "2003-09-30",
        "symbol": "X",
        "reportedCurrency": "USD",
        "cik": "0001163302",
        "fillingDate": "2003-11-07",
        "acceptedDate": "2003-11-07 16:59:49",
        "calendarYear": "2003",
        "period": "Q3",
        "revenue": 2506000000,
        "costOfRevenue": 2743000000,
        "grossProfit": -237000000,
        "grossProfitRatio": -0.0945730247,
        "researchAndDevelopmentExpenses": 0,
        "generalAndAdministrativeExpenses": 319000000,
        "sellingAndMarketingExpenses": 0,
        "sellingGeneralAndAdministrativeExpenses": 319000000,
        "otherExpenses": 140000000,
        "operatingExpenses": 459000000,
        "costAndExpenses": 3202000000,
        "interestIncome": 0,
        "interestExpense": 0,
        "depreciationAndAmortization": 140000000,
        "ebitda": -560000000,
        "ebitdaratio": -0.2234636872,
        "operatingIncome": -694000000,
        "operatingIncomeRatio": -0.2769353551,
        "totalOtherIncomeExpensesNet": -26000000,
        "incomeBeforeTax": -720000000,
        "incomeBeforeTaxRatio": -0.2873104549,
        "incomeTaxExpense": -366000000,
        "netIncome": -354000000,
        "netIncomeRatio": -0.1412609737,
        "eps": -3.43,
        "epsdiluted": -3.43,
        "weightedAverageShsOut": 103321000,
        "weightedAverageShsOutDil": 103321000,
        "link": "https://www.sec.gov/Archives/edgar/data/1163302/000116330203000169/0001163302-03-000169-index.htm",
        "finalLink": "https://www.sec.gov/Archives/edgar/data/1163302/000116330203000169/f10q3q03.txt"
    },
    {
        "date": "2003-06-30",
        "symbol": "X",
        "reportedCurrency": "USD",
        "cik": "0001163302",
        "fillingDate": "2003-08-13",
        "acceptedDate": "2003-08-12 20:33:44",
        "calendarYear": "2003",
        "period": "Q2",
        "revenue": 2311000000,
        "costOfRevenue": 2091000000,
        "grossProfit": 220000000,
        "grossProfitRatio": 0.0951968845,
        "researchAndDevelopmentExpenses": 0,
        "generalAndAdministrativeExpenses": 142000000,
        "sellingAndMarketingExpenses": 0,
        "sellingGeneralAndAdministrativeExpenses": 142000000,
        "otherExpenses": 48000000,
        "operatingExpenses": 190000000,
        "costAndExpenses": 2281000000,
        "interestIncome": 0,
        "interestExpense": 0,
        "depreciationAndAmortization": 87000000,
        "ebitda": 117000000,
        "ebitdaratio": 0.050627434,
        "operatingIncome": 42000000,
        "operatingIncomeRatio": 0.0181739507,
        "totalOtherIncomeExpensesNet": 12000000,
        "incomeBeforeTax": 54000000,
        "incomeBeforeTaxRatio": 0.023366508,
        "incomeTaxExpense": -3000000,
        "netIncome": -49000000,
        "netIncomeRatio": -0.0212029424,
        "eps": -0.47,
        "epsdiluted": -0.47,
        "weightedAverageShsOut": 103228000,
        "weightedAverageShsOutDil": 103228000,
        "link": "https://www.sec.gov/Archives/edgar/data/1163302/000095015203007598/0000950152-03-007598-index.htm",
        "finalLink": "https://www.sec.gov/Archives/edgar/data/1163302/000095015203007598/j0238901e10vq.txt"
    },
    {
        "date": "2003-03-31",
        "symbol": "X",
        "reportedCurrency": "USD",
        "cik": "0001163302",
        "fillingDate": "2003-05-13",
        "acceptedDate": "2003-05-12 18:33:11",
        "calendarYear": "2003",
        "period": "Q1",
        "revenue": 1898000000,
        "costOfRevenue": 1732000000,
        "grossProfit": 166000000,
        "grossProfitRatio": 0.0874604847,
        "researchAndDevelopmentExpenses": 0,
        "generalAndAdministrativeExpenses": 129000000,
        "sellingAndMarketingExpenses": 0,
        "sellingGeneralAndAdministrativeExpenses": 129000000,
        "otherExpenses": 84000000,
        "operatingExpenses": 213000000,
        "costAndExpenses": 1945000000,
        "interestIncome": 0,
        "interestExpense": 0,
        "depreciationAndAmortization": 90000000,
        "ebitda": 43000000,
        "ebitdaratio": 0.0226554268,
        "operatingIncome": -44000000,
        "operatingIncomeRatio": -0.0231822972,
        "totalOtherIncomeExpensesNet": -38000000,
        "incomeBeforeTax": -82000000,
        "incomeBeforeTaxRatio": -0.043203372,
        "incomeTaxExpense": -49000000,
        "netIncome": -38000000,
        "netIncomeRatio": -0.0200210748,
        "eps": -0.37,
        "epsdiluted": -0.37,
        "weightedAverageShsOut": 102731000,
        "weightedAverageShsOutDil": 102731000,
        "link": "https://www.sec.gov/Archives/edgar/data/1163302/000116330203000054/0001163302-03-000054-index.htm",
        "finalLink": "https://www.sec.gov/Archives/edgar/data/1163302/000116330203000054/f10q1q03.txt"
    },
    {
        "date": "2002-12-31",
        "symbol": "X",
        "reportedCurrency": "USD",
        "cik": "0001163302",
        "fillingDate": "2003-03-10",
        "acceptedDate": "2003-03-10 17:24:31",
        "calendarYear": "2002",
        "period": "Q4",
        "revenue": 1852000000,
        "costOfRevenue": 1640000000,
        "grossProfit": 212000000,
        "grossProfitRatio": 0.1144708423,
        "researchAndDevelopmentExpenses": 0,
        "generalAndAdministrativeExpenses": 173000000,
        "sellingAndMarketingExpenses": 0,
        "sellingGeneralAndAdministrativeExpenses": 173000000,
        "otherExpenses": 81000000,
        "operatingExpenses": 254000000,
        "costAndExpenses": 1894000000,
        "interestIncome": 0,
        "interestExpense": 0,
        "depreciationAndAmortization": 84000000,
        "ebitda": 79000000,
        "ebitdaratio": 0.0426565875,
        "operatingIncome": 2000000,
        "operatingIncomeRatio": 0.0010799136,
        "totalOtherIncomeExpensesNet": -30000000,
        "incomeBeforeTax": -28000000,
        "incomeBeforeTaxRatio": -0.0151187905,
        "incomeTaxExpense": -39000000,
        "netIncome": 11000000,
        "netIncomeRatio": 0.0059395248,
        "eps": 0.11,
        "epsdiluted": 0.11,
        "weightedAverageShsOut": 102403000,
        "weightedAverageShsOutDil": 102731000,
        "link": "https://www.sec.gov/Archives/edgar/data/1163302/000104746903008237/0001047469-03-008237-index.htm",
        "finalLink": "https://www.sec.gov/Archives/edgar/data/1163302/000104746903008237/a2104954z10-k.htm"
    },
    {
        "date": "2002-09-30",
        "symbol": "X",
        "reportedCurrency": "USD",
        "cik": "0001163302",
        "fillingDate": "2002-11-08",
        "acceptedDate": "2002-11-08 15:51:00",
        "calendarYear": "2002",
        "period": "Q3",
        "revenue": 1905000000,
        "costOfRevenue": 1611000000,
        "grossProfit": 294000000,
        "grossProfitRatio": 0.1543307087,
        "researchAndDevelopmentExpenses": 0,
        "generalAndAdministrativeExpenses": 74000000,
        "sellingAndMarketingExpenses": 0,
        "sellingGeneralAndAdministrativeExpenses": 74000000,
        "otherExpenses": 84000000,
        "operatingExpenses": 158000000,
        "costAndExpenses": 1769000000,
        "interestIncome": 0,
        "interestExpense": 0,
        "depreciationAndAmortization": 89000000,
        "ebitda": 225000000,
        "ebitdaratio": 0.1181102362,
        "operatingIncome": 140000000,
        "operatingIncomeRatio": 0.0734908136,
        "totalOtherIncomeExpensesNet": -32000000,
        "incomeBeforeTax": 108000000,
        "incomeBeforeTaxRatio": 0.0566929134,
        "incomeTaxExpense": 2000000,
        "netIncome": 106000000,
        "netIncomeRatio": 0.0556430446,
        "eps": 1.04,
        "epsdiluted": 1.04,
        "weightedAverageShsOut": 101926000,
        "weightedAverageShsOutDil": 101926000,
        "link": "https://www.sec.gov/Archives/edgar/data/1163302/000116330202000040/0001163302-02-000040-index.htm",
        "finalLink": "https://www.sec.gov/Archives/edgar/data/1163302/000116330202000040/f10q3q02.txt"
    },
    {
        "date": "2002-06-30",
        "symbol": "X",
        "reportedCurrency": "USD",
        "cik": "0001163302",
        "fillingDate": "2002-08-12",
        "acceptedDate": "2002-08-12 16:25:58",
        "calendarYear": "2002",
        "period": "Q2",
        "revenue": 1761000000,
        "costOfRevenue": 1571000000,
        "grossProfit": 190000000,
        "grossProfitRatio": 0.1078932425,
        "researchAndDevelopmentExpenses": 0,
        "generalAndAdministrativeExpenses": 100000000,
        "sellingAndMarketingExpenses": 0,
        "sellingGeneralAndAdministrativeExpenses": 100000000,
        "otherExpenses": 54000000,
        "operatingExpenses": 154000000,
        "costAndExpenses": 1725000000,
        "interestIncome": 0,
        "interestExpense": 0,
        "depreciationAndAmortization": 89000000,
        "ebitda": 125000000,
        "ebitdaratio": 0.0709823964,
        "operatingIncome": 47000000,
        "operatingIncomeRatio": 0.026689381,
        "totalOtherIncomeExpensesNet": -19000000,
        "incomeBeforeTax": 28000000,
        "incomeBeforeTaxRatio": 0.0159000568,
        "incomeTaxExpense": 1000000,
        "netIncome": 27000000,
        "netIncomeRatio": 0.0153321976,
        "eps": 0.28,
        "epsdiluted": 0.28,
        "weightedAverageShsOut": 95670000,
        "weightedAverageShsOutDil": 95675000,
        "link": "https://www.sec.gov/Archives/edgar/data/1163302/000116330202000023/0001163302-02-000023-index.htm",
        "finalLink": "https://www.sec.gov/Archives/edgar/data/1163302/000116330202000023/f10q2q02.txt"
    },
    {
        "date": "2002-03-31",
        "symbol": "X",
        "reportedCurrency": "USD",
        "cik": "0001163302",
        "fillingDate": "2002-05-14",
        "acceptedDate": "2002-05-13 19:31:04",
        "calendarYear": "2002",
        "period": "Q1",
        "revenue": 1431000000,
        "costOfRevenue": 1336000000,
        "grossProfit": 95000000,
        "grossProfitRatio": 0.0663871419,
        "researchAndDevelopmentExpenses": 0,
        "generalAndAdministrativeExpenses": 71000000,
        "sellingAndMarketingExpenses": 0,
        "sellingGeneralAndAdministrativeExpenses": 71000000,
        "otherExpenses": 88000000,
        "operatingExpenses": 159000000,
        "costAndExpenses": 1495000000,
        "interestIncome": 0,
        "interestExpense": 0,
        "depreciationAndAmortization": 88000000,
        "ebitda": 24000000,
        "ebitdaratio": 0.0167714885,
        "operatingIncome": -61000000,
        "operatingIncomeRatio": -0.0426275332,
        "totalOtherIncomeExpensesNet": -34000000,
        "incomeBeforeTax": -95000000,
        "incomeBeforeTaxRatio": -0.0663871419,
        "incomeTaxExpense": -12000000,
        "netIncome": -83000000,
        "netIncomeRatio": -0.0580013976,
        "eps": -0.93,
        "epsdiluted": -0.93,
        "weightedAverageShsOut": 89569000,
        "weightedAverageShsOutDil": 89569000,
        "link": "https://www.sec.gov/Archives/edgar/data/1163302/000116330202000016/0001163302-02-000016-index.htm",
        "finalLink": "https://www.sec.gov/Archives/edgar/data/1163302/000116330202000016/f10q1q02.txt"
    },
    {
        "date": "2001-12-31",
        "symbol": "X",
        "reportedCurrency": "USD",
        "cik": "0001163302",
        "fillingDate": "2002-03-19",
        "acceptedDate": "2002-03-19 00:00:00",
        "calendarYear": "2001",
        "period": "Q4",
        "revenue": 1325000000,
        "costOfRevenue": 1433000000,
        "grossProfit": -108000000,
        "grossProfitRatio": -0.081509434,
        "researchAndDevelopmentExpenses": 0,
        "generalAndAdministrativeExpenses": 0,
        "sellingAndMarketingExpenses": 0,
        "sellingGeneralAndAdministrativeExpenses": 73000000,
        "otherExpenses": -187000000,
        "operatingExpenses": 230000000,
        "costAndExpenses": 1663000000,
        "interestIncome": 0,
        "interestExpense": 0,
        "depreciationAndAmortization": 98000000,
        "ebitda": -168000000,
        "ebitdaratio": -0.1267924528,
        "operatingIncome": -252000000,
        "operatingIncomeRatio": -0.1901886792,
        "totalOtherIncomeExpensesNet": -67000000,
        "incomeBeforeTax": -319000000,
        "incomeBeforeTaxRatio": -0.240754717,
        "incomeTaxExpense": -145000000,
        "netIncome": -174000000,
        "netIncomeRatio": -0.1313207547,
        "eps": -1.95,
        "epsdiluted": -1.94,
        "weightedAverageShsOut": 89223000,
        "weightedAverageShsOutDil": 89569000,
        "link": "https://www.sec.gov/Archives/edgar/data/1163302/000102140802003808/0001021408-02-003808-index.htm",
        "finalLink": "https://www.sec.gov/Archives/edgar/data/1163302/000102140802003808/d10k.txt"
    },
    {
        "date": "2001-09-30",
        "symbol": "X",
        "reportedCurrency": "USD",
        "cik": "0001163302",
        "fillingDate": "2001-09-30",
        "acceptedDate": "2001-09-29 20:00:00",
        "calendarYear": "2001",
        "period": "Q3",
        "revenue": 1645000000,
        "costOfRevenue": 1540000000,
        "grossProfit": 105000000,
        "grossProfitRatio": 0.0638297872,
        "researchAndDevelopmentExpenses": 0,
        "generalAndAdministrativeExpenses": 0,
        "sellingAndMarketingExpenses": 0,
        "sellingGeneralAndAdministrativeExpenses": 51000000,
        "otherExpenses": 0,
        "operatingExpenses": 145000000,
        "costAndExpenses": 1685000000,
        "interestIncome": 0,
        "interestExpense": 0,
        "depreciationAndAmortization": 94000000,
        "ebitda": 54000000,
        "ebitdaratio": 0.0328267477,
        "operatingIncome": -25000000,
        "operatingIncomeRatio": -0.0151975684,
        "totalOtherIncomeExpensesNet": -38000000,
        "incomeBeforeTax": -63000000,
        "incomeBeforeTaxRatio": -0.0382978723,
        "incomeTaxExpense": -40000000,
        "netIncome": -23000000,
        "netIncomeRatio": -0.0139817629,
        "eps": -0.26,
        "epsdiluted": -0.26,
        "weightedAverageShsOut": 89223000,
        "weightedAverageShsOutDil": 89223000,
        "link": "",
        "finalLink": ""
    },
    {
        "date": "2001-06-30",
        "symbol": "X",
        "reportedCurrency": "USD",
        "cik": "0001163302",
        "fillingDate": "2001-06-30",
        "acceptedDate": "2001-06-29 20:00:00",
        "calendarYear": "2001",
        "period": "Q2",
        "revenue": 1737000000,
        "costOfRevenue": 1599000000,
        "grossProfit": 138000000,
        "grossProfitRatio": 0.079447323,
        "researchAndDevelopmentExpenses": 0,
        "generalAndAdministrativeExpenses": 0,
        "sellingAndMarketingExpenses": 0,
        "sellingGeneralAndAdministrativeExpenses": 19000000,
        "otherExpenses": 146000000,
        "operatingExpenses": 165000000,
        "costAndExpenses": 1764000000,
        "interestIncome": 0,
        "interestExpense": 0,
        "depreciationAndAmortization": 79000000,
        "ebitda": 49000000,
        "ebitdaratio": 0.0282095567,
        "operatingIncome": -27000000,
        "operatingIncomeRatio": -0.0155440415,
        "totalOtherIncomeExpensesNet": -48000000,
        "incomeBeforeTax": -75000000,
        "incomeBeforeTaxRatio": -0.0431778929,
        "incomeTaxExpense": -45000000,
        "netIncome": -30000000,
        "netIncomeRatio": -0.0172711572,
        "eps": -0.34,
        "epsdiluted": -0.34,
        "weightedAverageShsOut": 89223000,
        "weightedAverageShsOutDil": 89223000,
        "link": "",
        "finalLink": ""
    },
    {
        "date": "2001-03-31",
        "symbol": "X",
        "reportedCurrency": "USD",
        "cik": "0001163302",
        "fillingDate": "2001-03-31",
        "acceptedDate": "2001-03-30 19:00:00",
        "calendarYear": "2001",
        "period": "Q1",
        "revenue": 1564000000,
        "costOfRevenue": 1549000000,
        "grossProfit": 15000000,
        "grossProfitRatio": 0.0095907928,
        "researchAndDevelopmentExpenses": 0,
        "generalAndAdministrativeExpenses": 0,
        "sellingAndMarketingExpenses": 0,
        "sellingGeneralAndAdministrativeExpenses": -16000000,
        "otherExpenses": 132000000,
        "operatingExpenses": 116000000,
        "costAndExpenses": 1665000000,
        "interestIncome": 0,
        "interestExpense": 0,
        "depreciationAndAmortization": 73000000,
        "ebitda": -81000000,
        "ebitdaratio": -0.0517902813,
        "operatingIncome": -101000000,
        "operatingIncomeRatio": -0.0645780051,
        "totalOtherIncomeExpensesNet": 12000000,
        "incomeBeforeTax": -89000000,
        "incomeBeforeTaxRatio": -0.0569053708,
        "incomeTaxExpense": -98000000,
        "netIncome": 9000000,
        "netIncomeRatio": 0.0057544757,
        "eps": 0.1,
        "epsdiluted": 0.1,
        "weightedAverageShsOut": 89223000,
        "weightedAverageShsOutDil": 89223000,
        "link": "",
        "finalLink": ""
    },
    {
        "date": "2000-12-31",
        "symbol": "X",
        "reportedCurrency": "USD",
        "cik": "0001163302",
        "fillingDate": "2000-12-31",
        "acceptedDate": "2000-12-30 19:00:00",
        "calendarYear": "2000",
        "period": "Q4",
        "revenue": 1590000000,
        "costOfRevenue": 1553000000,
        "grossProfit": 37000000,
        "grossProfitRatio": 0.0232704403,
        "researchAndDevelopmentExpenses": 0,
        "generalAndAdministrativeExpenses": 0,
        "sellingAndMarketingExpenses": 0,
        "sellingGeneralAndAdministrativeExpenses": -47000000,
        "otherExpenses": 197000000,
        "operatingExpenses": 150000000,
        "costAndExpenses": 1703000000,
        "interestIncome": 0,
        "interestExpense": 0,
        "depreciationAndAmortization": 138000000,
        "ebitda": 25000000,
        "ebitdaratio": 0.0157232704,
        "operatingIncome": -113000000,
        "operatingIncomeRatio": -0.0710691824,
        "totalOtherIncomeExpensesNet": -76000000,
        "incomeBeforeTax": -189000000,
        "incomeBeforeTaxRatio": -0.1188679245,
        "incomeTaxExpense": -50000000,
        "netIncome": -139000000,
        "netIncomeRatio": -0.0874213836,
        "eps": -1.57,
        "epsdiluted": -1.57,
        "weightedAverageShsOut": 88806000,
        "weightedAverageShsOutDil": 88806000,
        "link": "",
        "finalLink": ""
    },
    {
        "date": "2000-09-30",
        "symbol": "X",
        "reportedCurrency": "USD",
        "cik": "0001163302",
        "fillingDate": "2000-09-30",
        "acceptedDate": "2000-09-29 20:00:00",
        "calendarYear": "2000",
        "period": "Q3",
        "revenue": 1417000000,
        "costOfRevenue": 1299000000,
        "grossProfit": 118000000,
        "grossProfitRatio": 0.0832745236,
        "researchAndDevelopmentExpenses": 0,
        "generalAndAdministrativeExpenses": 0,
        "sellingAndMarketingExpenses": 0,
        "sellingGeneralAndAdministrativeExpenses": -56000000,
        "otherExpenses": 127000000,
        "operatingExpenses": 71000000,
        "costAndExpenses": 1370000000,
        "interestIncome": 0,
        "interestExpense": 0,
        "depreciationAndAmortization": 69000000,
        "ebitda": 129000000,
        "ebitdaratio": 0.091037403,
        "operatingIncome": 47000000,
        "operatingIncomeRatio": 0.0331686662,
        "totalOtherIncomeExpensesNet": -27000000,
        "incomeBeforeTax": 33000000,
        "incomeBeforeTaxRatio": 0.023288638,
        "incomeTaxExpense": 14000000,
        "netIncome": 19000000,
        "netIncomeRatio": 0.0134086097,
        "eps": 0.19,
        "epsdiluted": 0.19,
        "weightedAverageShsOut": 88738000,
        "weightedAverageShsOutDil": 88738000,
        "link": "",
        "finalLink": ""
    },
    {
        "date": "2000-06-30",
        "symbol": "X",
        "reportedCurrency": "USD",
        "cik": "0001163302",
        "fillingDate": "2000-06-30",
        "acceptedDate": "2000-06-29 20:00:00",
        "calendarYear": "2000",
        "period": "Q2",
        "revenue": 1585000000,
        "costOfRevenue": 1417000000,
        "grossProfit": 168000000,
        "grossProfitRatio": 0.1059936909,
        "researchAndDevelopmentExpenses": 0,
        "generalAndAdministrativeExpenses": 0,
        "sellingAndMarketingExpenses": 0,
        "sellingGeneralAndAdministrativeExpenses": -57000000,
        "otherExpenses": 139000000,
        "operatingExpenses": 82000000,
        "costAndExpenses": 1499000000,
        "interestIncome": 0,
        "interestExpense": 0,
        "depreciationAndAmortization": 78000000,
        "ebitda": 190000000,
        "ebitdaratio": 0.119873817,
        "operatingIncome": 86000000,
        "operatingIncomeRatio": 0.0542586751,
        "totalOtherIncomeExpensesNet": 2000000,
        "incomeBeforeTax": 88000000,
        "incomeBeforeTaxRatio": 0.0555205047,
        "incomeTaxExpense": 32000000,
        "netIncome": 56000000,
        "netIncomeRatio": 0.0353312303,
        "eps": 0.62,
        "epsdiluted": 0.62,
        "weightedAverageShsOut": 88499000,
        "weightedAverageShsOutDil": 92755000,
        "link": "",
        "finalLink": ""
    },
    {
        "date": "2000-03-31",
        "symbol": "X",
        "reportedCurrency": "USD",
        "cik": "0001163302",
        "fillingDate": "2000-03-31",
        "acceptedDate": "2000-03-30 19:00:00",
        "calendarYear": "2000",
        "period": "Q1",
        "revenue": 1540000000,
        "costOfRevenue": 1387000000,
        "grossProfit": 153000000,
        "grossProfitRatio": 0.0993506494,
        "researchAndDevelopmentExpenses": 0,
        "generalAndAdministrativeExpenses": 0,
        "sellingAndMarketingExpenses": 0,
        "sellingGeneralAndAdministrativeExpenses": -63000000,
        "otherExpenses": 132000000,
        "operatingExpenses": 69000000,
        "costAndExpenses": 1456000000,
        "interestIncome": 0,
        "interestExpense": 0,
        "depreciationAndAmortization": 75000000,
        "ebitda": 166000000,
        "ebitdaratio": 0.1077922078,
        "operatingIncome": 84000000,
        "operatingIncomeRatio": 0.0545454545,
        "totalOtherIncomeExpensesNet": -24000000,
        "incomeBeforeTax": 67000000,
        "incomeBeforeTaxRatio": 0.0435064935,
        "incomeTaxExpense": 24000000,
        "netIncome": 43000000,
        "netIncomeRatio": 0.0279220779,
        "eps": 0.45,
        "epsdiluted": 0.45,
        "weightedAverageShsOut": 88422000,
        "weightedAverageShsOutDil": 88430000,
        "link": "",
        "finalLink": ""
    },
    {
        "date": "1999-12-31",
        "symbol": "X",
        "reportedCurrency": "USD",
        "cik": "0001163302",
        "fillingDate": "1999-12-31",
        "acceptedDate": "1999-12-30 19:00:00",
        "calendarYear": "1999",
        "period": "Q4",
        "revenue": 1454000000,
        "costOfRevenue": 1322000000,
        "grossProfit": 132000000,
        "grossProfitRatio": 0.090784044,
        "researchAndDevelopmentExpenses": 0,
        "generalAndAdministrativeExpenses": 0,
        "sellingAndMarketingExpenses": 0,
        "sellingGeneralAndAdministrativeExpenses": -57000000,
        "otherExpenses": 122000000,
        "operatingExpenses": 65000000,
        "costAndExpenses": 1387000000,
        "interestIncome": 0,
        "interestExpense": 0,
        "depreciationAndAmortization": 76000000,
        "ebitda": 143000000,
        "ebitdaratio": 0.098349381,
        "operatingIncome": 67000000,
        "operatingIncomeRatio": 0.0460797799,
        "totalOtherIncomeExpensesNet": -15000000,
        "incomeBeforeTax": 52000000,
        "incomeBeforeTaxRatio": 0.0357634113,
        "incomeTaxExpense": 16000000,
        "netIncome": 34000000,
        "netIncomeRatio": 0.0233837689,
        "eps": 0.38,
        "epsdiluted": 0.38,
        "weightedAverageShsOut": 88422000,
        "weightedAverageShsOutDil": 88430000,
        "link": "",
        "finalLink": ""
    },
    {
        "date": "1999-09-30",
        "symbol": "X",
        "reportedCurrency": "USD",
        "cik": "0001163302",
        "fillingDate": "1999-09-30",
        "acceptedDate": "1999-09-29 20:00:00",
        "calendarYear": "1999",
        "period": "Q3",
        "revenue": 1377000000,
        "costOfRevenue": 1289000000,
        "grossProfit": 88000000,
        "grossProfitRatio": 0.0639070443,
        "researchAndDevelopmentExpenses": 0,
        "generalAndAdministrativeExpenses": 0,
        "sellingAndMarketingExpenses": 0,
        "sellingGeneralAndAdministrativeExpenses": -61000000,
        "otherExpenses": 135000000,
        "operatingExpenses": 74000000,
        "costAndExpenses": 1363000000,
        "interestIncome": 0,
        "interestExpense": 0,
        "depreciationAndAmortization": 78000000,
        "ebitda": 92000000,
        "ebitdaratio": 0.0668119099,
        "operatingIncome": 14000000,
        "operatingIncomeRatio": 0.0101670298,
        "totalOtherIncomeExpensesNet": -63000000,
        "incomeBeforeTax": -49000000,
        "incomeBeforeTaxRatio": -0.0355846042,
        "incomeTaxExpense": -18000000,
        "netIncome": -31000000,
        "netIncomeRatio": -0.0225127088,
        "eps": -0.35,
        "epsdiluted": -0.35,
        "weightedAverageShsOut": 89189189,
        "weightedAverageShsOutDil": 89189189,
        "link": "",
        "finalLink": ""
    },
    {
        "date": "1999-06-30",
        "symbol": "X",
        "reportedCurrency": "USD",
        "cik": "0001163302",
        "fillingDate": "1999-06-30",
        "acceptedDate": "1999-06-29 20:00:00",
        "calendarYear": "1999",
        "period": "Q2",
        "revenue": 1303000000,
        "costOfRevenue": 1160000000,
        "grossProfit": 143000000,
        "grossProfitRatio": 0.1097467383,
        "researchAndDevelopmentExpenses": 0,
        "generalAndAdministrativeExpenses": 0,
        "sellingAndMarketingExpenses": 0,
        "sellingGeneralAndAdministrativeExpenses": -95000000,
        "otherExpenses": 136000000,
        "operatingExpenses": 41000000,
        "costAndExpenses": 1201000000,
        "interestIncome": 0,
        "interestExpense": 0,
        "depreciationAndAmortization": 79000000,
        "ebitda": 181000000,
        "ebitdaratio": 0.1389102072,
        "operatingIncome": 102000000,
        "operatingIncomeRatio": 0.0782808903,
        "totalOtherIncomeExpensesNet": -19000000,
        "incomeBeforeTax": 83000000,
        "incomeBeforeTaxRatio": 0.0636991558,
        "incomeTaxExpense": 28000000,
        "netIncome": 55000000,
        "netIncomeRatio": 0.042210284,
        "eps": 0.6,
        "epsdiluted": 0.59,
        "weightedAverageShsOut": 86666667,
        "weightedAverageShsOutDil": 88135593,
        "link": "",
        "finalLink": ""
    },
    {
        "date": "1999-03-31",
        "symbol": "X",
        "reportedCurrency": "USD",
        "cik": "0001163302",
        "fillingDate": "1999-03-31",
        "acceptedDate": "1999-03-30 19:00:00",
        "calendarYear": "1999",
        "period": "Q1",
        "revenue": 1246000000,
        "costOfRevenue": 1157000000,
        "grossProfit": 89000000,
        "grossProfitRatio": 0.0714285714,
        "researchAndDevelopmentExpenses": 0,
        "generalAndAdministrativeExpenses": 0,
        "sellingAndMarketingExpenses": 0,
        "sellingGeneralAndAdministrativeExpenses": -70000000,
        "otherExpenses": 126000000,
        "operatingExpenses": 56000000,
        "costAndExpenses": 1213000000,
        "interestIncome": 0,
        "interestExpense": 0,
        "depreciationAndAmortization": 71000000,
        "ebitda": 104000000,
        "ebitdaratio": 0.0834670947,
        "operatingIncome": 33000000,
        "operatingIncomeRatio": 0.0264847512,
        "totalOtherIncomeExpensesNet": -43000000,
        "incomeBeforeTax": -10000000,
        "incomeBeforeTaxRatio": -0.0080256822,
        "incomeTaxExpense": -1000000,
        "netIncome": -14000000,
        "netIncomeRatio": -0.0112359551,
        "eps": -0.16,
        "epsdiluted": -0.16,
        "weightedAverageShsOut": 88888889,
        "weightedAverageShsOutDil": 88888889,
        "link": "",
        "finalLink": ""
    },
    {
        "date": "1998-12-31",
        "symbol": "X",
        "reportedCurrency": "USD",
        "cik": "0001163302",
        "fillingDate": "1998-12-31",
        "acceptedDate": "1998-12-30 19:00:00",
        "calendarYear": "1998",
        "period": "Q4",
        "revenue": 1342000000,
        "costOfRevenue": 1207000000,
        "grossProfit": 135000000,
        "grossProfitRatio": 0.1005961252,
        "researchAndDevelopmentExpenses": 0,
        "generalAndAdministrativeExpenses": 0,
        "sellingAndMarketingExpenses": 0,
        "sellingGeneralAndAdministrativeExpenses": -51000000,
        "otherExpenses": 106000000,
        "operatingExpenses": 55000000,
        "costAndExpenses": 1262000000,
        "interestIncome": 0,
        "interestExpense": 0,
        "depreciationAndAmortization": 63000000,
        "ebitda": 143000000,
        "ebitdaratio": 0.106557377,
        "operatingIncome": 80000000,
        "operatingIncomeRatio": 0.0596125186,
        "totalOtherIncomeExpensesNet": 33000000,
        "incomeBeforeTax": 113000000,
        "incomeBeforeTaxRatio": 0.0842026826,
        "incomeTaxExpense": 37000000,
        "netIncome": 76000000,
        "netIncomeRatio": 0.0566318927,
        "eps": 0.85,
        "epsdiluted": 0.85,
        "weightedAverageShsOut": 88816042,
        "weightedAverageShsOutDil": 88888889,
        "link": "",
        "finalLink": ""
    },
    {
        "date": "1998-09-30",
        "symbol": "X",
        "reportedCurrency": "USD",
        "cik": "0001163302",
        "fillingDate": "1998-09-30",
        "acceptedDate": "1998-09-29 20:00:00",
        "calendarYear": "1998",
        "period": "Q3",
        "revenue": 1483000000,
        "costOfRevenue": 1312000000,
        "grossProfit": 171000000,
        "grossProfitRatio": 0.1153068105,
        "researchAndDevelopmentExpenses": 0,
        "generalAndAdministrativeExpenses": 0,
        "sellingAndMarketingExpenses": 0,
        "sellingGeneralAndAdministrativeExpenses": -51000000,
        "otherExpenses": 131000000,
        "operatingExpenses": 80000000,
        "costAndExpenses": 1392000000,
        "interestIncome": 0,
        "interestExpense": 0,
        "depreciationAndAmortization": 71000000,
        "ebitda": 162000000,
        "ebitdaratio": 0.109238031,
        "operatingIncome": 91000000,
        "operatingIncomeRatio": 0.0613621038,
        "totalOtherIncomeExpensesNet": 4000000,
        "incomeBeforeTax": 95000000,
        "incomeBeforeTaxRatio": 0.0640593392,
        "incomeTaxExpense": 30000000,
        "netIncome": 65000000,
        "netIncomeRatio": 0.0438300742,
        "eps": 0.72,
        "epsdiluted": 0.71,
        "weightedAverageShsOut": 87500000,
        "weightedAverageShsOutDil": 88732394,
        "link": "",
        "finalLink": ""
    },
    {
        "date": "1998-06-30",
        "symbol": "X",
        "reportedCurrency": "USD",
        "cik": "0001163302",
        "fillingDate": "1998-06-30",
        "acceptedDate": "1998-06-29 20:00:00",
        "calendarYear": "1998",
        "period": "Q2",
        "revenue": 1689000000,
        "costOfRevenue": 1436000000,
        "grossProfit": 253000000,
        "grossProfitRatio": 0.1497927768,
        "researchAndDevelopmentExpenses": 0,
        "generalAndAdministrativeExpenses": 0,
        "sellingAndMarketingExpenses": 0,
        "sellingGeneralAndAdministrativeExpenses": -53000000,
        "otherExpenses": 133000000,
        "operatingExpenses": 80000000,
        "costAndExpenses": 1516000000,
        "interestIncome": 0,
        "interestExpense": 0,
        "depreciationAndAmortization": 72000000,
        "ebitda": 245000000,
        "ebitdaratio": 0.1450562463,
        "operatingIncome": 173000000,
        "operatingIncomeRatio": 0.1024274719,
        "totalOtherIncomeExpensesNet": 22000000,
        "incomeBeforeTax": 195000000,
        "incomeBeforeTaxRatio": 0.1154529307,
        "incomeTaxExpense": 59000000,
        "netIncome": 136000000,
        "netIncomeRatio": 0.0805210184,
        "eps": 1.53,
        "epsdiluted": 1.46,
        "weightedAverageShsOut": 86928105,
        "weightedAverageShsOutDil": 91095890,
        "link": "",
        "finalLink": ""
    },
    {
        "date": "1998-03-31",
        "symbol": "X",
        "reportedCurrency": "USD",
        "cik": "0001163302",
        "fillingDate": "1998-03-31",
        "acceptedDate": "1998-03-30 19:00:00",
        "calendarYear": "1998",
        "period": "Q1",
        "revenue": 1670000000,
        "costOfRevenue": 1455000000,
        "grossProfit": 215000000,
        "grossProfitRatio": 0.128742515,
        "researchAndDevelopmentExpenses": 0,
        "generalAndAdministrativeExpenses": 0,
        "sellingAndMarketingExpenses": 0,
        "sellingGeneralAndAdministrativeExpenses": -46000000,
        "otherExpenses": 125000000,
        "operatingExpenses": 79000000,
        "costAndExpenses": 1534000000,
        "interestIncome": 0,
        "interestExpense": 0,
        "depreciationAndAmortization": 77000000,
        "ebitda": 213000000,
        "ebitdaratio": 0.1275449102,
        "operatingIncome": 136000000,
        "operatingIncomeRatio": 0.0814371257,
        "totalOtherIncomeExpensesNet": -2000000,
        "incomeBeforeTax": 134000000,
        "incomeBeforeTaxRatio": 0.080239521,
        "incomeTaxExpense": 47000000,
        "netIncome": 87000000,
        "netIncomeRatio": 0.0520958084,
        "eps": 0.98,
        "epsdiluted": 0.95,
        "weightedAverageShsOut": 86734694,
        "weightedAverageShsOutDil": 89473684,
        "link": "",
        "finalLink": ""
    },
    {
        "date": "1997-12-31",
        "symbol": "X",
        "reportedCurrency": "USD",
        "cik": "0001163302",
        "fillingDate": "1997-12-31",
        "acceptedDate": "1997-12-30 19:00:00",
        "calendarYear": "1997",
        "period": "Q4",
        "revenue": 1751000000,
        "costOfRevenue": 1487000000,
        "grossProfit": 264000000,
        "grossProfitRatio": 0.150770988,
        "researchAndDevelopmentExpenses": 0,
        "generalAndAdministrativeExpenses": 0,
        "sellingAndMarketingExpenses": 0,
        "sellingGeneralAndAdministrativeExpenses": -37000000,
        "otherExpenses": 136000000,
        "operatingExpenses": 99000000,
        "costAndExpenses": 1586000000,
        "interestIncome": 0,
        "interestExpense": 0,
        "depreciationAndAmortization": 78000000,
        "ebitda": 243000000,
        "ebitdaratio": 0.1387778412,
        "operatingIncome": 165000000,
        "operatingIncomeRatio": 0.0942318675,
        "totalOtherIncomeExpensesNet": 70000000,
        "incomeBeforeTax": 235000000,
        "incomeBeforeTaxRatio": 0.1342090234,
        "incomeTaxExpense": 83000000,
        "netIncome": 142000000,
        "netIncomeRatio": 0.0810965163,
        "eps": 1.64,
        "epsdiluted": 1.59,
        "weightedAverageShsOut": 86734694,
        "weightedAverageShsOutDil": 89473684,
        "link": "",
        "finalLink": ""
    },
    {
        "date": "1997-09-30",
        "symbol": "X",
        "reportedCurrency": "USD",
        "cik": "0001163302",
        "fillingDate": "1997-09-30",
        "acceptedDate": "1997-09-29 20:00:00",
        "calendarYear": "1997",
        "period": "Q3",
        "revenue": 1722000000,
        "costOfRevenue": 1433000000,
        "grossProfit": 289000000,
        "grossProfitRatio": 0.1678281069,
        "researchAndDevelopmentExpenses": 0,
        "generalAndAdministrativeExpenses": 0,
        "sellingAndMarketingExpenses": 0,
        "sellingGeneralAndAdministrativeExpenses": -30000000,
        "otherExpenses": 135000000,
        "operatingExpenses": 105000000,
        "costAndExpenses": 1538000000,
        "interestIncome": 0,
        "interestExpense": 0,
        "depreciationAndAmortization": 72000000,
        "ebitda": 235000000,
        "ebitdaratio": 0.1364692218,
        "operatingIncome": 184000000,
        "operatingIncomeRatio": 0.1068524971,
        "totalOtherIncomeExpensesNet": -9000000,
        "incomeBeforeTax": 175000000,
        "incomeBeforeTaxRatio": 0.1016260163,
        "incomeTaxExpense": 59000000,
        "netIncome": 116000000,
        "netIncomeRatio": 0.0673635308,
        "eps": 1.32,
        "epsdiluted": 1.25,
        "weightedAverageShsOut": 86363636,
        "weightedAverageShsOutDil": 91200000,
        "link": "",
        "finalLink": ""
    },
    {
        "date": "1997-06-30",
        "symbol": "X",
        "reportedCurrency": "USD",
        "cik": "0001163302",
        "fillingDate": "1997-06-30",
        "acceptedDate": "1997-06-29 20:00:00",
        "calendarYear": "1997",
        "period": "Q2",
        "revenue": 1721000000,
        "costOfRevenue": 1438000000,
        "grossProfit": 283000000,
        "grossProfitRatio": 0.1644392795,
        "researchAndDevelopmentExpenses": 0,
        "generalAndAdministrativeExpenses": 0,
        "sellingAndMarketingExpenses": 0,
        "sellingGeneralAndAdministrativeExpenses": -33000000,
        "otherExpenses": 139000000,
        "operatingExpenses": 106000000,
        "costAndExpenses": 1544000000,
        "interestIncome": 0,
        "interestExpense": 0,
        "depreciationAndAmortization": 79000000,
        "ebitda": 256000000,
        "ebitdaratio": 0.1487507263,
        "operatingIncome": 177000000,
        "operatingIncomeRatio": 0.1028471819,
        "totalOtherIncomeExpensesNet": -21000000,
        "incomeBeforeTax": 156000000,
        "incomeBeforeTaxRatio": 0.0906449739,
        "incomeTaxExpense": 59000000,
        "netIncome": 107000000,
        "netIncomeRatio": 0.0621731551,
        "eps": 1.23,
        "epsdiluted": 1.06,
        "weightedAverageShsOut": 85365854,
        "weightedAverageShsOutDil": 99056604,
        "link": "",
        "finalLink": ""
    },
    {
        "date": "1997-03-31",
        "symbol": "X",
        "reportedCurrency": "USD",
        "cik": "0001163302",
        "fillingDate": "1997-03-31",
        "acceptedDate": "1997-03-30 19:00:00",
        "calendarYear": "1997",
        "period": "Q1",
        "revenue": 1620000000,
        "costOfRevenue": 1404000000,
        "grossProfit": 216000000,
        "grossProfitRatio": 0.1333333333,
        "researchAndDevelopmentExpenses": 0,
        "generalAndAdministrativeExpenses": 0,
        "sellingAndMarketingExpenses": 0,
        "sellingGeneralAndAdministrativeExpenses": -37000000,
        "otherExpenses": 133000000,
        "operatingExpenses": 96000000,
        "costAndExpenses": 1500000000,
        "interestIncome": 0,
        "interestExpense": 0,
        "depreciationAndAmortization": 74000000,
        "ebitda": 194000000,
        "ebitdaratio": 0.1197530864,
        "operatingIncome": 120000000,
        "operatingIncomeRatio": 0.0740740741,
        "totalOtherIncomeExpensesNet": 0,
        "incomeBeforeTax": 120000000,
        "incomeBeforeTaxRatio": 0.0740740741,
        "incomeTaxExpense": 33000000,
        "netIncome": 87000000,
        "netIncomeRatio": 0.0537037037,
        "eps": 0.96,
        "epsdiluted": 0.93,
        "weightedAverageShsOut": 84375000,
        "weightedAverageShsOutDil": 87096774,
        "link": "",
        "finalLink": ""
    },
    {
        "date": "1996-12-31",
        "symbol": "X",
        "reportedCurrency": "USD",
        "cik": "0001163302",
        "fillingDate": "1996-12-31",
        "acceptedDate": "1996-12-30 19:00:00",
        "calendarYear": "1996",
        "period": "Q4",
        "revenue": 1765000000,
        "costOfRevenue": 1507000000,
        "grossProfit": 258000000,
        "grossProfitRatio": 0.1461756374,
        "researchAndDevelopmentExpenses": 0,
        "generalAndAdministrativeExpenses": 0,
        "sellingAndMarketingExpenses": 0,
        "sellingGeneralAndAdministrativeExpenses": -44000000,
        "otherExpenses": 127000000,
        "operatingExpenses": 83000000,
        "costAndExpenses": 1590000000,
        "interestIncome": 0,
        "interestExpense": 0,
        "depreciationAndAmortization": 70000000,
        "ebitda": 245000000,
        "ebitdaratio": 0.1388101983,
        "operatingIncome": 175000000,
        "operatingIncomeRatio": 0.0991501416,
        "totalOtherIncomeExpensesNet": -2000000,
        "incomeBeforeTax": 173000000,
        "incomeBeforeTaxRatio": 0.0980169972,
        "incomeTaxExpense": 46000000,
        "netIncome": 129000000,
        "netIncomeRatio": 0.0730878187,
        "eps": 1.53,
        "epsdiluted": 1.48,
        "weightedAverageShsOut": 84375000,
        "weightedAverageShsOutDil": 87096774,
        "link": "",
        "finalLink": ""
    },
    {
        "date": "1996-09-30",
        "symbol": "X",
        "reportedCurrency": "USD",
        "cik": "0001163302",
        "fillingDate": "1996-09-30",
        "acceptedDate": "1996-09-29 20:00:00",
        "calendarYear": "1996",
        "period": "Q3",
        "revenue": 1611000000,
        "costOfRevenue": 1423000000,
        "grossProfit": 188000000,
        "grossProfitRatio": 0.1166977033,
        "researchAndDevelopmentExpenses": 0,
        "generalAndAdministrativeExpenses": 0,
        "sellingAndMarketingExpenses": 0,
        "sellingGeneralAndAdministrativeExpenses": -41000000,
        "otherExpenses": 126000000,
        "operatingExpenses": 85000000,
        "costAndExpenses": 1508000000,
        "interestIncome": 0,
        "interestExpense": 0,
        "depreciationAndAmortization": 69000000,
        "ebitda": 172000000,
        "ebitdaratio": 0.1067659839,
        "operatingIncome": 103000000,
        "operatingIncomeRatio": 0.0639354438,
        "totalOtherIncomeExpensesNet": -10000000,
        "incomeBeforeTax": 93000000,
        "incomeBeforeTaxRatio": 0.0577281192,
        "incomeTaxExpense": 23000000,
        "netIncome": 70000000,
        "netIncomeRatio": 0.0434512725,
        "eps": 0.76,
        "epsdiluted": 0.75,
        "weightedAverageShsOut": 84210526,
        "weightedAverageShsOutDil": 85333333,
        "link": "",
        "finalLink": ""
    },
    {
        "date": "1996-06-30",
        "symbol": "X",
        "reportedCurrency": "USD",
        "cik": "0001163302",
        "fillingDate": "1996-06-30",
        "acceptedDate": "1996-06-29 20:00:00",
        "calendarYear": "1996",
        "period": "Q2",
        "revenue": 1580000000,
        "costOfRevenue": 1484000000,
        "grossProfit": 96000000,
        "grossProfitRatio": 0.0607594937,
        "researchAndDevelopmentExpenses": 0,
        "generalAndAdministrativeExpenses": 0,
        "sellingAndMarketingExpenses": 0,
        "sellingGeneralAndAdministrativeExpenses": -39000000,
        "otherExpenses": 134000000,
        "operatingExpenses": 95000000,
        "costAndExpenses": 1579000000,
        "interestIncome": 0,
        "interestExpense": 0,
        "depreciationAndAmortization": 75000000,
        "ebitda": 76000000,
        "ebitdaratio": 0.0481012658,
        "operatingIncome": 1000000,
        "operatingIncomeRatio": 0.0006329114,
        "totalOtherIncomeExpensesNet": 39000000,
        "incomeBeforeTax": 40000000,
        "incomeBeforeTaxRatio": 0.0253164557,
        "incomeTaxExpense": 8000000,
        "netIncome": 32000000,
        "netIncomeRatio": 0.0202531646,
        "eps": 0.32,
        "epsdiluted": 0.32,
        "weightedAverageShsOut": 84375000,
        "weightedAverageShsOutDil": 84375000,
        "link": "",
        "finalLink": ""
    },
    {
        "date": "1996-03-31",
        "symbol": "X",
        "reportedCurrency": "USD",
        "cik": "0001163302",
        "fillingDate": "1996-03-31",
        "acceptedDate": "1996-03-30 19:00:00",
        "calendarYear": "1996",
        "period": "Q1",
        "revenue": 1591000000,
        "costOfRevenue": 1415000000,
        "grossProfit": 176000000,
        "grossProfitRatio": 0.1106222502,
        "researchAndDevelopmentExpenses": 0,
        "generalAndAdministrativeExpenses": 0,
        "sellingAndMarketingExpenses": 0,
        "sellingGeneralAndAdministrativeExpenses": -41000000,
        "otherExpenses": 136000000,
        "operatingExpenses": 95000000,
        "costAndExpenses": 1510000000,
        "interestIncome": 0,
        "interestExpense": 0,
        "depreciationAndAmortization": 78000000,
        "ebitda": 159000000,
        "ebitdaratio": 0.0999371464,
        "operatingIncome": 81000000,
        "operatingIncomeRatio": 0.0509113765,
        "totalOtherIncomeExpensesNet": -20000000,
        "incomeBeforeTax": 61000000,
        "incomeBeforeTaxRatio": 0.0383406662,
        "incomeTaxExpense": 15000000,
        "netIncome": 46000000,
        "netIncomeRatio": 0.0289126336,
        "eps": 0.49,
        "epsdiluted": 0.48,
        "weightedAverageShsOut": 81632653,
        "weightedAverageShsOutDil": 83333333,
        "link": "",
        "finalLink": ""
    },
    {
        "date": "1995-12-31",
        "symbol": "X",
        "reportedCurrency": "USD",
        "cik": "0001163302",
        "fillingDate": "1995-12-31",
        "acceptedDate": "1995-12-30 19:00:00",
        "calendarYear": "1995",
        "period": "Q4",
        "revenue": 1647000000,
        "costOfRevenue": 1452000000,
        "grossProfit": 195000000,
        "grossProfitRatio": 0.1183970856,
        "researchAndDevelopmentExpenses": 0,
        "generalAndAdministrativeExpenses": 0,
        "sellingAndMarketingExpenses": 0,
        "sellingGeneralAndAdministrativeExpenses": -31000000,
        "otherExpenses": 126000000,
        "operatingExpenses": 95000000,
        "costAndExpenses": 1547000000,
        "interestIncome": 0,
        "interestExpense": 0,
        "depreciationAndAmortization": 77000000,
        "ebitda": 177000000,
        "ebitdaratio": 0.1074681239,
        "operatingIncome": 100000000,
        "operatingIncomeRatio": 0.0607164542,
        "totalOtherIncomeExpensesNet": -20000000,
        "incomeBeforeTax": 80000000,
        "incomeBeforeTaxRatio": 0.0485731633,
        "incomeTaxExpense": 18000000,
        "netIncome": 61000000,
        "netIncomeRatio": 0.037037037,
        "eps": 0.75,
        "epsdiluted": 0.73,
        "weightedAverageShsOut": 81632653,
        "weightedAverageShsOutDil": 83333333,
        "link": "",
        "finalLink": ""
    },
    {
        "date": "1995-09-30",
        "symbol": "X",
        "reportedCurrency": "USD",
        "cik": "0001163302",
        "fillingDate": "1995-09-30",
        "acceptedDate": "1995-09-29 20:00:00",
        "calendarYear": "1995",
        "period": "Q3",
        "revenue": 1609000000,
        "costOfRevenue": 1372000000,
        "grossProfit": 237000000,
        "grossProfitRatio": 0.1472964574,
        "researchAndDevelopmentExpenses": 0,
        "generalAndAdministrativeExpenses": 0,
        "sellingAndMarketingExpenses": 0,
        "sellingGeneralAndAdministrativeExpenses": -34000000,
        "otherExpenses": 137000000,
        "operatingExpenses": 103000000,
        "costAndExpenses": 1475000000,
        "interestIncome": 0,
        "interestExpense": 0,
        "depreciationAndAmortization": 80000000,
        "ebitda": 214000000,
        "ebitdaratio": 0.1330018645,
        "operatingIncome": 134000000,
        "operatingIncomeRatio": 0.0832815413,
        "totalOtherIncomeExpensesNet": 1000000,
        "incomeBeforeTax": 135000000,
        "incomeBeforeTaxRatio": 0.0839030454,
        "incomeTaxExpense": 49000000,
        "netIncome": 85000000,
        "netIncomeRatio": 0.0528278434,
        "eps": 0.98,
        "epsdiluted": 0.94,
        "weightedAverageShsOut": 80612245,
        "weightedAverageShsOutDil": 84042553,
        "link": "",
        "finalLink": ""
    },
    {
        "date": "1995-06-30",
        "symbol": "X",
        "reportedCurrency": "USD",
        "cik": "0001163302",
        "fillingDate": "1995-06-30",
        "acceptedDate": "1995-06-29 20:00:00",
        "calendarYear": "1995",
        "period": "Q2",
        "revenue": 1623000000,
        "costOfRevenue": 1393000000,
        "grossProfit": 230000000,
        "grossProfitRatio": 0.1417128774,
        "researchAndDevelopmentExpenses": 0,
        "generalAndAdministrativeExpenses": 0,
        "sellingAndMarketingExpenses": 0,
        "sellingGeneralAndAdministrativeExpenses": -32000000,
        "otherExpenses": 133000000,
        "operatingExpenses": 101000000,
        "costAndExpenses": 1494000000,
        "interestIncome": 0,
        "interestExpense": 0,
        "depreciationAndAmortization": 84000000,
        "ebitda": 213000000,
        "ebitdaratio": 0.1312384473,
        "operatingIncome": 129000000,
        "operatingIncomeRatio": 0.0794824399,
        "totalOtherIncomeExpensesNet": -7000000,
        "incomeBeforeTax": 122000000,
        "incomeBeforeTaxRatio": 0.0751694393,
        "incomeTaxExpense": 41000000,
        "netIncome": 81000000,
        "netIncomeRatio": 0.0499075786,
        "eps": 0.99,
        "epsdiluted": 0.95,
        "weightedAverageShsOut": 74747475,
        "weightedAverageShsOutDil": 77894737,
        "link": "",
        "finalLink": ""
    },
    {
        "date": "1995-03-31",
        "symbol": "X",
        "reportedCurrency": "USD",
        "cik": "0001163302",
        "fillingDate": "1995-03-31",
        "acceptedDate": "1995-03-30 19:00:00",
        "calendarYear": "1995",
        "period": "Q1",
        "revenue": 1577000000,
        "costOfRevenue": 1348000000,
        "grossProfit": 229000000,
        "grossProfitRatio": 0.1452124287,
        "researchAndDevelopmentExpenses": 0,
        "generalAndAdministrativeExpenses": 0,
        "sellingAndMarketingExpenses": 0,
        "sellingGeneralAndAdministrativeExpenses": -37000000,
        "otherExpenses": 132000000,
        "operatingExpenses": 95000000,
        "costAndExpenses": 1443000000,
        "interestIncome": 0,
        "interestExpense": 0,
        "depreciationAndAmortization": 77000000,
        "ebitda": 211000000,
        "ebitdaratio": 0.1337983513,
        "operatingIncome": 134000000,
        "operatingIncomeRatio": 0.0849714648,
        "totalOtherIncomeExpensesNet": -18000000,
        "incomeBeforeTax": 116000000,
        "incomeBeforeTaxRatio": 0.0735573874,
        "incomeTaxExpense": 42000000,
        "netIncome": 74000000,
        "netIncomeRatio": 0.0469245403,
        "eps": 0.89,
        "epsdiluted": 0.86,
        "weightedAverageShsOut": 76404494,
        "weightedAverageShsOutDil": 79069767,
        "link": "",
        "finalLink": ""
    },
    {
        "date": "1994-12-31",
        "symbol": "X",
        "reportedCurrency": "USD",
        "cik": "0001163302",
        "fillingDate": "1994-12-31",
        "acceptedDate": "1994-12-30 19:00:00",
        "calendarYear": "1994",
        "period": "Q4",
        "revenue": 1643000000,
        "costOfRevenue": 1399000000,
        "grossProfit": 244000000,
        "grossProfitRatio": 0.1485088253,
        "researchAndDevelopmentExpenses": 0,
        "generalAndAdministrativeExpenses": 0,
        "sellingAndMarketingExpenses": 0,
        "sellingGeneralAndAdministrativeExpenses": -30000000,
        "otherExpenses": 131000000,
        "operatingExpenses": 101000000,
        "costAndExpenses": 1500000000,
        "interestIncome": 0,
        "interestExpense": 0,
        "depreciationAndAmortization": 77000000,
        "ebitda": 220000000,
        "ebitdaratio": 0.1339013999,
        "operatingIncome": 143000000,
        "operatingIncomeRatio": 0.0870359099,
        "totalOtherIncomeExpensesNet": -5000000,
        "incomeBeforeTax": 138000000,
        "incomeBeforeTaxRatio": 0.0839926963,
        "incomeTaxExpense": 48000000,
        "netIncome": 90000000,
        "netIncomeRatio": 0.0547778454,
        "eps": 1.18,
        "epsdiluted": 1.14,
        "weightedAverageShsOut": 76404494,
        "weightedAverageShsOutDil": 79069767,
        "link": "",
        "finalLink": ""
    },
    {
        "date": "1994-09-30",
        "symbol": "X",
        "reportedCurrency": "USD",
        "cik": "0001163302",
        "fillingDate": "1994-09-30",
        "acceptedDate": "1994-09-29 20:00:00",
        "calendarYear": "1994",
        "period": "Q3",
        "revenue": 1505000000,
        "costOfRevenue": 1297000000,
        "grossProfit": 208000000,
        "grossProfitRatio": 0.1382059801,
        "researchAndDevelopmentExpenses": 0,
        "generalAndAdministrativeExpenses": 0,
        "sellingAndMarketingExpenses": 0,
        "sellingGeneralAndAdministrativeExpenses": -30000000,
        "otherExpenses": 132000000,
        "operatingExpenses": 102000000,
        "costAndExpenses": 1399000000,
        "interestIncome": 0,
        "interestExpense": 0,
        "depreciationAndAmortization": 79000000,
        "ebitda": 185000000,
        "ebitdaratio": 0.122923588,
        "operatingIncome": 106000000,
        "operatingIncomeRatio": 0.0704318937,
        "totalOtherIncomeExpensesNet": -23000000,
        "incomeBeforeTax": 83000000,
        "incomeBeforeTaxRatio": 0.0551495017,
        "incomeTaxExpense": -7000000,
        "netIncome": 90000000,
        "netIncomeRatio": 0.0598006645,
        "eps": 1.11,
        "epsdiluted": 1.05,
        "weightedAverageShsOut": 75675676,
        "weightedAverageShsOutDil": 80000000,
        "link": "",
        "finalLink": ""
    },
    {
        "date": "1994-06-30",
        "symbol": "X",
        "reportedCurrency": "USD",
        "cik": "0001163302",
        "fillingDate": "1994-06-30",
        "acceptedDate": "1994-06-29 20:00:00",
        "calendarYear": "1994",
        "period": "Q2",
        "revenue": 1534000000,
        "costOfRevenue": 1343000000,
        "grossProfit": 191000000,
        "grossProfitRatio": 0.1245110821,
        "researchAndDevelopmentExpenses": 0,
        "generalAndAdministrativeExpenses": 0,
        "sellingAndMarketingExpenses": 0,
        "sellingGeneralAndAdministrativeExpenses": -31000000,
        "otherExpenses": 134000000,
        "operatingExpenses": 103000000,
        "costAndExpenses": 1446000000,
        "interestIncome": 0,
        "interestExpense": 0,
        "depreciationAndAmortization": 80000000,
        "ebitda": 168000000,
        "ebitdaratio": 0.109517601,
        "operatingIncome": 88000000,
        "operatingIncomeRatio": 0.0573663625,
        "totalOtherIncomeExpensesNet": -7000000,
        "incomeBeforeTax": 81000000,
        "incomeBeforeTaxRatio": 0.0528031291,
        "incomeTaxExpense": 25000000,
        "netIncome": 56000000,
        "netIncomeRatio": 0.036505867,
        "eps": 0.65,
        "epsdiluted": 0.64,
        "weightedAverageShsOut": 75384615,
        "weightedAverageShsOutDil": 76562500,
        "link": "",
        "finalLink": ""
    },
    {
        "date": "1994-03-31",
        "symbol": "X",
        "reportedCurrency": "USD",
        "cik": "0001163302",
        "fillingDate": "1994-03-31",
        "acceptedDate": "1994-03-30 19:00:00",
        "calendarYear": "1994",
        "period": "Q1",
        "revenue": 1384000000,
        "costOfRevenue": 1303000000,
        "grossProfit": 81000000,
        "grossProfitRatio": 0.0585260116,
        "researchAndDevelopmentExpenses": 0,
        "generalAndAdministrativeExpenses": 0,
        "sellingAndMarketingExpenses": 0,
        "sellingGeneralAndAdministrativeExpenses": -30000000,
        "otherExpenses": 135000000,
        "operatingExpenses": 105000000,
        "costAndExpenses": 1408000000,
        "interestIncome": 0,
        "interestExpense": 0,
        "depreciationAndAmortization": 78000000,
        "ebitda": 54000000,
        "ebitdaratio": 0.039017341,
        "operatingIncome": -24000000,
        "operatingIncomeRatio": -0.0173410405,
        "totalOtherIncomeExpensesNet": -30000000,
        "incomeBeforeTax": -54000000,
        "incomeBeforeTaxRatio": -0.039017341,
        "incomeTaxExpense": -19000000,
        "netIncome": -35000000,
        "netIncomeRatio": -0.0252890173,
        "eps": -0.48,
        "epsdiluted": -0.48,
        "weightedAverageShsOut": 73214286,
        "weightedAverageShsOutDil": 73214286,
        "link": "",
        "finalLink": ""
    },
    {
        "date": "1993-12-31",
        "symbol": "X",
        "reportedCurrency": "USD",
        "cik": "0001163302",
        "fillingDate": "1993-12-31",
        "acceptedDate": "1993-12-30 19:00:00",
        "calendarYear": "1993",
        "period": "Q4",
        "revenue": 1548000000,
        "costOfRevenue": 1371000000,
        "grossProfit": 177000000,
        "grossProfitRatio": 0.1143410853,
        "researchAndDevelopmentExpenses": 0,
        "generalAndAdministrativeExpenses": 0,
        "sellingAndMarketingExpenses": 0,
        "sellingGeneralAndAdministrativeExpenses": -23000000,
        "otherExpenses": 132000000,
        "operatingExpenses": 109000000,
        "costAndExpenses": 1480000000,
        "interestIncome": 0,
        "interestExpense": 0,
        "depreciationAndAmortization": 81000000,
        "ebitda": 149000000,
        "ebitdaratio": 0.09625323,
        "operatingIncome": 68000000,
        "operatingIncomeRatio": 0.0439276486,
        "totalOtherIncomeExpensesNet": 166000000,
        "incomeBeforeTax": 234000000,
        "incomeBeforeTaxRatio": 0.1511627907,
        "incomeTaxExpense": 119000000,
        "netIncome": 46000000,
        "netIncomeRatio": 0.0297157623,
        "eps": 0.63,
        "epsdiluted": 0.63,
        "weightedAverageShsOut": 73214286,
        "weightedAverageShsOutDil": 73214286,
        "link": "",
        "finalLink": ""
    },
    {
        "date": "1993-09-30",
        "symbol": "X",
        "reportedCurrency": "USD",
        "cik": "0001163302",
        "fillingDate": "1993-09-30",
        "acceptedDate": "1993-09-29 20:00:00",
        "calendarYear": "1993",
        "period": "Q3",
        "revenue": 1429000000,
        "costOfRevenue": 1248000000,
        "grossProfit": 181000000,
        "grossProfitRatio": 0.1266620014,
        "researchAndDevelopmentExpenses": 0,
        "generalAndAdministrativeExpenses": 0,
        "sellingAndMarketingExpenses": 0,
        "sellingGeneralAndAdministrativeExpenses": -22000000,
        "otherExpenses": 132000000,
        "operatingExpenses": 110000000,
        "costAndExpenses": 1358000000,
        "interestIncome": 0,
        "interestExpense": 0,
        "depreciationAndAmortization": 77000000,
        "ebitda": 148000000,
        "ebitdaratio": 0.1035689293,
        "operatingIncome": 71000000,
        "operatingIncomeRatio": 0.0496850945,
        "totalOtherIncomeExpensesNet": -40000000,
        "incomeBeforeTax": 31000000,
        "incomeBeforeTaxRatio": 0.021693492,
        "incomeTaxExpense": -5000000,
        "netIncome": 36000000,
        "netIncomeRatio": 0.0251924423,
        "eps": 0.44,
        "epsdiluted": 0.44,
        "weightedAverageShsOut": 65909091,
        "weightedAverageShsOutDil": 65909091,
        "link": "",
        "finalLink": ""
    },
    {
        "date": "1993-06-30",
        "symbol": "X",
        "reportedCurrency": "USD",
        "cik": "0001163302",
        "fillingDate": "1993-06-30",
        "acceptedDate": "1993-06-29 20:00:00",
        "calendarYear": "1993",
        "period": "Q2",
        "revenue": 1427000000,
        "costOfRevenue": 1269000000,
        "grossProfit": 158000000,
        "grossProfitRatio": 0.110721794,
        "researchAndDevelopmentExpenses": 0,
        "generalAndAdministrativeExpenses": 0,
        "sellingAndMarketingExpenses": 0,
        "sellingGeneralAndAdministrativeExpenses": -30000000,
        "otherExpenses": 132000000,
        "operatingExpenses": 102000000,
        "costAndExpenses": 1371000000,
        "interestIncome": 0,
        "interestExpense": 0,
        "depreciationAndAmortization": 80000000,
        "ebitda": 136000000,
        "ebitdaratio": 0.0953048353,
        "operatingIncome": 56000000,
        "operatingIncomeRatio": 0.0392431675,
        "totalOtherIncomeExpensesNet": -555000000,
        "incomeBeforeTax": -499000000,
        "incomeBeforeTaxRatio": -0.3496846531,
        "incomeTaxExpense": -166000000,
        "netIncome": -333000000,
        "netIncomeRatio": -0.2333566924,
        "eps": -5.54,
        "epsdiluted": -5.54,
        "weightedAverageShsOut": 60070671,
        "weightedAverageShsOutDil": 60070671,
        "link": "",
        "finalLink": ""
    },
    {
        "date": "1993-03-31",
        "symbol": "X",
        "reportedCurrency": "USD",
        "cik": "0001163302",
        "fillingDate": "1993-03-31",
        "acceptedDate": "1993-03-30 19:00:00",
        "calendarYear": "1993",
        "period": "Q1",
        "revenue": 1208000000,
        "costOfRevenue": 1074000000,
        "grossProfit": 134000000,
        "grossProfitRatio": 0.1109271523,
        "researchAndDevelopmentExpenses": 0,
        "generalAndAdministrativeExpenses": 0,
        "sellingAndMarketingExpenses": 0,
        "sellingGeneralAndAdministrativeExpenses": -33000000,
        "otherExpenses": 127000000,
        "operatingExpenses": 94000000,
        "costAndExpenses": 1168000000,
        "interestIncome": 0,
        "interestExpense": 0,
        "depreciationAndAmortization": 76000000,
        "ebitda": 116000000,
        "ebitdaratio": 0.0960264901,
        "operatingIncome": 40000000,
        "operatingIncomeRatio": 0.0331125828,
        "totalOtherIncomeExpensesNet": -16000000,
        "incomeBeforeTax": 24000000,
        "incomeBeforeTaxRatio": 0.0198675497,
        "incomeTaxExpense": 11000000,
        "netIncome": 13000000,
        "netIncomeRatio": 0.0107615894,
        "eps": 0.18,
        "epsdiluted": 0.18,
        "weightedAverageShsOut": 61111111,
        "weightedAverageShsOutDil": 61111111,
        "link": "",
        "finalLink": ""
    },
    {
        "date": "1992-12-31",
        "symbol": "X",
        "reportedCurrency": "USD",
        "cik": "0001163302",
        "fillingDate": "1992-12-31",
        "acceptedDate": "1992-12-30 19:00:00",
        "calendarYear": "1992",
        "period": "Q4",
        "revenue": 1242000000,
        "costOfRevenue": 1436000000,
        "grossProfit": -194000000,
        "grossProfitRatio": -0.1561996779,
        "researchAndDevelopmentExpenses": 0,
        "generalAndAdministrativeExpenses": 0,
        "sellingAndMarketingExpenses": 0,
        "sellingGeneralAndAdministrativeExpenses": -36000000,
        "otherExpenses": 126000000,
        "operatingExpenses": 90000000,
        "costAndExpenses": 1526000000,
        "interestIncome": 0,
        "interestExpense": 0,
        "depreciationAndAmortization": 74000000,
        "ebitda": -210000000,
        "ebitdaratio": -0.1690821256,
        "operatingIncome": -284000000,
        "operatingIncomeRatio": -0.2286634461,
        "totalOtherIncomeExpensesNet": -75000000,
        "incomeBeforeTax": -359000000,
        "incomeBeforeTaxRatio": -0.2890499195,
        "incomeTaxExpense": -102000000,
        "netIncome": -1592000000,
        "netIncomeRatio": -1.2818035427,
        "eps": -26.05,
        "epsdiluted": -26.05,
        "weightedAverageShsOut": 61111111,
        "weightedAverageShsOutDil": 61111111,
        "link": "",
        "finalLink": ""
    },
    {
        "date": "1992-09-30",
        "symbol": "X",
        "reportedCurrency": "USD",
        "cik": "0001163302",
        "fillingDate": "1992-09-30",
        "acceptedDate": "1992-09-29 20:00:00",
        "calendarYear": "1992",
        "period": "Q3",
        "revenue": 1271000000,
        "costOfRevenue": 1165000000,
        "grossProfit": 106000000,
        "grossProfitRatio": 0.0833988985,
        "researchAndDevelopmentExpenses": 0,
        "generalAndAdministrativeExpenses": 0,
        "sellingAndMarketingExpenses": 0,
        "sellingGeneralAndAdministrativeExpenses": -29000000,
        "otherExpenses": 123000000,
        "operatingExpenses": 94000000,
        "costAndExpenses": 1259000000,
        "interestIncome": 0,
        "interestExpense": 0,
        "depreciationAndAmortization": 73000000,
        "ebitda": 85000000,
        "ebitdaratio": 0.0668764752,
        "operatingIncome": 12000000,
        "operatingIncomeRatio": 0.0094413847,
        "totalOtherIncomeExpensesNet": -39000000,
        "incomeBeforeTax": -27000000,
        "incomeBeforeTaxRatio": -0.0212431157,
        "incomeTaxExpense": -20000000,
        "netIncome": -7000000,
        "netIncomeRatio": -0.0055074744,
        "eps": -0.11,
        "epsdiluted": -0.11,
        "weightedAverageShsOut": 61538462,
        "weightedAverageShsOutDil": 61538462,
        "link": "",
        "finalLink": ""
    },
    {
        "date": "1992-06-30",
        "symbol": "X",
        "reportedCurrency": "USD",
        "cik": "0001163302",
        "fillingDate": "1992-06-30",
        "acceptedDate": "1992-06-29 20:00:00",
        "calendarYear": "1992",
        "period": "Q2",
        "revenue": 1265000000,
        "costOfRevenue": 1125000000,
        "grossProfit": 140000000,
        "grossProfitRatio": 0.1106719368,
        "researchAndDevelopmentExpenses": 0,
        "generalAndAdministrativeExpenses": 0,
        "sellingAndMarketingExpenses": 0,
        "sellingGeneralAndAdministrativeExpenses": -29000000,
        "otherExpenses": 124000000,
        "operatingExpenses": 95000000,
        "costAndExpenses": 1220000000,
        "interestIncome": 0,
        "interestExpense": 0,
        "depreciationAndAmortization": 73000000,
        "ebitda": 118000000,
        "ebitdaratio": 0.0932806324,
        "operatingIncome": 45000000,
        "operatingIncomeRatio": 0.0355731225,
        "totalOtherIncomeExpensesNet": -34000000,
        "incomeBeforeTax": 11000000,
        "incomeBeforeTaxRatio": 0.0086956522,
        "incomeTaxExpense": 5000000,
        "netIncome": 6000000,
        "netIncomeRatio": 0.004743083,
        "eps": 0.1,
        "epsdiluted": 0.1,
        "weightedAverageShsOut": 50000000,
        "weightedAverageShsOutDil": 50000000,
        "link": "",
        "finalLink": ""
    },
    {
        "date": "1992-03-31",
        "symbol": "X",
        "reportedCurrency": "USD",
        "cik": "0001163302",
        "fillingDate": "1992-03-31",
        "acceptedDate": "1992-03-30 19:00:00",
        "calendarYear": "1992",
        "period": "Q1",
        "revenue": 1169000000,
        "costOfRevenue": 1050000000,
        "grossProfit": 119000000,
        "grossProfitRatio": 0.1017964072,
        "researchAndDevelopmentExpenses": 0,
        "generalAndAdministrativeExpenses": 0,
        "sellingAndMarketingExpenses": 0,
        "sellingGeneralAndAdministrativeExpenses": -28000000,
        "otherExpenses": 123000000,
        "operatingExpenses": 95000000,
        "costAndExpenses": 1145000000,
        "interestIncome": 0,
        "interestExpense": 0,
        "depreciationAndAmortization": 68000000,
        "ebitda": 92000000,
        "ebitdaratio": 0.0786997434,
        "operatingIncome": 24000000,
        "operatingIncomeRatio": 0.0205303678,
        "totalOtherIncomeExpensesNet": -43000000,
        "incomeBeforeTax": -19000000,
        "incomeBeforeTaxRatio": -0.0162532079,
        "incomeTaxExpense": -6000000,
        "netIncome": -13000000,
        "netIncomeRatio": -0.0111206159,
        "eps": -0.27,
        "epsdiluted": -0.27,
        "weightedAverageShsOut": 48148148,
        "weightedAverageShsOutDil": 48148148,
        "link": "",
        "finalLink": ""
    },
    {
        "date": "1991-12-31",
        "symbol": "X",
        "reportedCurrency": "USD",
        "cik": "0001163302",
        "fillingDate": "1991-12-31",
        "acceptedDate": "1991-12-30 19:00:00",
        "calendarYear": "1991",
        "period": "Q4",
        "revenue": 1306000000,
        "costOfRevenue": 1796000000,
        "grossProfit": -490000000,
        "grossProfitRatio": -0.3751914242,
        "researchAndDevelopmentExpenses": 0,
        "generalAndAdministrativeExpenses": 0,
        "sellingAndMarketingExpenses": 0,
        "sellingGeneralAndAdministrativeExpenses": 0,
        "otherExpenses": -2000000,
        "operatingExpenses": -2000000,
        "costAndExpenses": 1794000000,
        "interestIncome": 0,
        "interestExpense": 0,
        "depreciationAndAmortization": 67000000,
        "ebitda": -421000000,
        "ebitdaratio": -0.3223583461,
        "operatingIncome": -488000000,
        "operatingIncomeRatio": -0.3736600306,
        "totalOtherIncomeExpensesNet": 283000000,
        "incomeBeforeTax": -205000000,
        "incomeBeforeTaxRatio": -0.1569678407,
        "incomeTaxExpense": -40000000,
        "netIncome": -165000000,
        "netIncomeRatio": -0.1263399694,
        "eps": -3.43,
        "epsdiluted": -3.43,
        "weightedAverageShsOut": 48148148,
        "weightedAverageShsOutDil": 48148148,
        "link": "",
        "finalLink": ""
    },
    {
        "date": "1991-09-30",
        "symbol": "X",
        "reportedCurrency": "USD",
        "cik": "0001163302",
        "fillingDate": "1991-09-30",
        "acceptedDate": "1991-09-29 20:00:00",
        "calendarYear": "1991",
        "period": "Q3",
        "revenue": 1281000000,
        "costOfRevenue": 1163000000,
        "grossProfit": 118000000,
        "grossProfitRatio": 0.0921155347,
        "researchAndDevelopmentExpenses": 0,
        "generalAndAdministrativeExpenses": 0,
        "sellingAndMarketingExpenses": 0,
        "sellingGeneralAndAdministrativeExpenses": -25000000,
        "otherExpenses": 113000000,
        "operatingExpenses": 88000000,
        "costAndExpenses": 1251000000,
        "interestIncome": 0,
        "interestExpense": 0,
        "depreciationAndAmortization": 64000000,
        "ebitda": 94000000,
        "ebitdaratio": 0.0733801717,
        "operatingIncome": 30000000,
        "operatingIncomeRatio": 0.0234192037,
        "totalOtherIncomeExpensesNet": -23000000,
        "incomeBeforeTax": 7000000,
        "incomeBeforeTaxRatio": 0.0054644809,
        "incomeTaxExpense": 2000000,
        "netIncome": 5000000,
        "netIncomeRatio": 0.0039032006,
        "eps": 0.09,
        "epsdiluted": 0.09,
        "weightedAverageShsOut": 44444444,
        "weightedAverageShsOutDil": 44444444,
        "link": "",
        "finalLink": ""
    },
    {
        "date": "1991-06-30",
        "symbol": "X",
        "reportedCurrency": "USD",
        "cik": "0001163302",
        "fillingDate": "1991-06-30",
        "acceptedDate": "1991-06-29 20:00:00",
        "calendarYear": "1991",
        "period": "Q2",
        "revenue": 1161000000,
        "costOfRevenue": 1107000000,
        "grossProfit": 54000000,
        "grossProfitRatio": 0.0465116279,
        "researchAndDevelopmentExpenses": 0,
        "generalAndAdministrativeExpenses": 0,
        "sellingAndMarketingExpenses": 0,
        "sellingGeneralAndAdministrativeExpenses": -24000000,
        "otherExpenses": 110000000,
        "operatingExpenses": 86000000,
        "costAndExpenses": 1193000000,
        "interestIncome": 0,
        "interestExpense": 0,
        "depreciationAndAmortization": 59000000,
        "ebitda": 27000000,
        "ebitdaratio": 0.023255814,
        "operatingIncome": -32000000,
        "operatingIncomeRatio": -0.0275624462,
        "totalOtherIncomeExpensesNet": -33000000,
        "incomeBeforeTax": -65000000,
        "incomeBeforeTaxRatio": -0.0559862188,
        "incomeTaxExpense": -26000000,
        "netIncome": -39000000,
        "netIncomeRatio": -0.0335917313,
        "eps": -0.77,
        "epsdiluted": -0.77,
        "weightedAverageShsOut": 50632911,
        "weightedAverageShsOutDil": 50632911,
        "link": "",
        "finalLink": ""
    },
    {
        "date": "1991-03-31",
        "symbol": "X",
        "reportedCurrency": "USD",
        "cik": "0001163302",
        "fillingDate": "1991-03-31",
        "acceptedDate": "1991-03-30 19:00:00",
        "calendarYear": "1991",
        "period": "Q1",
        "revenue": 1116000000,
        "costOfRevenue": 1162000000,
        "grossProfit": -46000000,
        "grossProfitRatio": -0.041218638,
        "researchAndDevelopmentExpenses": 0,
        "generalAndAdministrativeExpenses": 0,
        "sellingAndMarketingExpenses": 0,
        "sellingGeneralAndAdministrativeExpenses": -31000000,
        "otherExpenses": 112000000,
        "operatingExpenses": 81000000,
        "costAndExpenses": 1243000000,
        "interestIncome": 0,
        "interestExpense": 0,
        "depreciationAndAmortization": 63000000,
        "ebitda": -64000000,
        "ebitdaratio": -0.0573476703,
        "operatingIncome": -127000000,
        "operatingIncomeRatio": -0.1137992832,
        "totalOtherIncomeExpensesNet": -366000000,
        "incomeBeforeTax": -493000000,
        "incomeBeforeTaxRatio": -0.4417562724,
        "incomeTaxExpense": -185000000,
        "netIncome": -308000000,
        "netIncomeRatio": -0.2759856631,
        "eps": -6.06,
        "epsdiluted": -6.06,
        "weightedAverageShsOut": 50825083,
        "weightedAverageShsOutDil": 50825083,
        "link": "",
        "finalLink": ""
    },
    {
        "date": "1990-12-31",
        "symbol": "X",
        "reportedCurrency": "USD",
        "cik": "0001163302",
        "fillingDate": "1990-12-31",
        "acceptedDate": "1990-12-30 19:00:00",
        "calendarYear": "1990",
        "period": "Q4",
        "revenue": 1518300000,
        "costOfRevenue": 0,
        "grossProfit": 1518300000,
        "grossProfitRatio": 1,
        "researchAndDevelopmentExpenses": 0,
        "generalAndAdministrativeExpenses": 0,
        "sellingAndMarketingExpenses": 0,
        "sellingGeneralAndAdministrativeExpenses": 0,
        "otherExpenses": -5598000000,
        "operatingExpenses": -5598000000,
        "costAndExpenses": -5598000000,
        "interestIncome": 0,
        "interestExpense": 0,
        "depreciationAndAmortization": 0,
        "ebitda": -4079700000,
        "ebitdaratio": -2.6870183758,
        "operatingIncome": -4079700000,
        "operatingIncomeRatio": -2.6870183758,
        "totalOtherIncomeExpensesNet": 4079700000,
        "incomeBeforeTax": 0,
        "incomeBeforeTaxRatio": 0,
        "incomeTaxExpense": -77500000,
        "netIncome": 77500000,
        "netIncomeRatio": 0.0510439307,
        "eps": 1.52,
        "epsdiluted": 1.52,
        "weightedAverageShsOut": 49000000,
        "weightedAverageShsOutDil": 50825083,
        "link": "",
        "finalLink": ""
    },
    {
        "date": "1990-09-30",
        "symbol": "X",
        "reportedCurrency": "USD",
        "cik": "0001163302",
        "fillingDate": "1990-09-30",
        "acceptedDate": "1990-09-29 20:00:00",
        "calendarYear": "1990",
        "period": "Q3",
        "revenue": 1518300000,
        "costOfRevenue": 0,
        "grossProfit": 1518300000,
        "grossProfitRatio": 1,
        "researchAndDevelopmentExpenses": 0,
        "generalAndAdministrativeExpenses": 0,
        "sellingAndMarketingExpenses": 0,
        "sellingGeneralAndAdministrativeExpenses": 0,
        "otherExpenses": 0,
        "operatingExpenses": 0,
        "costAndExpenses": 0,
        "interestIncome": 0,
        "interestExpense": 0,
        "depreciationAndAmortization": 0,
        "ebitda": 1518300000,
        "ebitdaratio": 1,
        "operatingIncome": 1518300000,
        "operatingIncomeRatio": 1,
        "totalOtherIncomeExpensesNet": -1518300000,
        "incomeBeforeTax": 0,
        "incomeBeforeTaxRatio": 0,
        "incomeTaxExpense": -77500000,
        "netIncome": 77500000,
        "netIncomeRatio": 0.0510439307,
        "eps": 1.5,
        "epsdiluted": 1.5,
        "weightedAverageShsOut": 51666667,
        "weightedAverageShsOutDil": 51666667,
        "link": "",
        "finalLink": ""
    },
    {
        "date": "1990-06-30",
        "symbol": "X",
        "reportedCurrency": "USD",
        "cik": "0001163302",
        "fillingDate": "1990-06-30",
        "acceptedDate": "1990-06-29 20:00:00",
        "calendarYear": "1990",
        "period": "Q2",
        "revenue": 1518200000,
        "costOfRevenue": 0,
        "grossProfit": 1518200000,
        "grossProfitRatio": 1,
        "researchAndDevelopmentExpenses": 0,
        "generalAndAdministrativeExpenses": 0,
        "sellingAndMarketingExpenses": 0,
        "sellingGeneralAndAdministrativeExpenses": 0,
        "otherExpenses": 0,
        "operatingExpenses": 0,
        "costAndExpenses": 0,
        "interestIncome": 0,
        "interestExpense": 0,
        "depreciationAndAmortization": 0,
        "ebitda": 1518200000,
        "ebitdaratio": 1,
        "operatingIncome": 1518200000,
        "operatingIncomeRatio": 1,
        "totalOtherIncomeExpensesNet": -1518200000,
        "incomeBeforeTax": 0,
        "incomeBeforeTaxRatio": 0,
        "incomeTaxExpense": -77500000,
        "netIncome": 77500000,
        "netIncomeRatio": 0.0510472928,
        "eps": 1.5,
        "epsdiluted": 1.5,
        "weightedAverageShsOut": 51666667,
        "weightedAverageShsOutDil": 51666667,
        "link": "",
        "finalLink": ""
    },
    {
        "date": "1990-03-31",
        "symbol": "X",
        "reportedCurrency": "USD",
        "cik": "0001163302",
        "fillingDate": "1990-03-31",
        "acceptedDate": "1990-03-30 19:00:00",
        "calendarYear": "1990",
        "period": "Q1",
        "revenue": 1518200000,
        "costOfRevenue": 0,
        "grossProfit": 1518200000,
        "grossProfitRatio": 1,
        "researchAndDevelopmentExpenses": 0,
        "generalAndAdministrativeExpenses": 0,
        "sellingAndMarketingExpenses": 0,
        "sellingGeneralAndAdministrativeExpenses": 0,
        "otherExpenses": 0,
        "operatingExpenses": 0,
        "costAndExpenses": 0,
        "interestIncome": 0,
        "interestExpense": 0,
        "depreciationAndAmortization": 0,
        "ebitda": 1518200000,
        "ebitdaratio": 1,
        "operatingIncome": 1518200000,
        "operatingIncomeRatio": 1,
        "totalOtherIncomeExpensesNet": -1518200000,
        "incomeBeforeTax": 0,
        "incomeBeforeTaxRatio": 0,
        "incomeTaxExpense": -77500000,
        "netIncome": 77500000,
        "netIncomeRatio": 0.0510472928,
        "eps": 1.5,
        "epsdiluted": 1.5,
        "weightedAverageShsOut": 51666667,
        "weightedAverageShsOutDil": 51666667,
        "link": "",
        "finalLink": ""
    }
]