[
    {
        "date": "2025-09-30",
        "symbol": "XEL",
        "reportedCurrency": "USD",
        "cik": "0000072903",
        "fillingDate": "2025-10-30",
        "acceptedDate": "2025-10-30 14:09:58",
        "calendarYear": "2025",
        "period": "Q3",
        "revenue": 7081000000,
        "costOfRevenue": 3166000000,
        "grossProfit": 3915000000,
        "grossProfitRatio": 0.5528880102,
        "researchAndDevelopmentExpenses": 0,
        "generalAndAdministrativeExpenses": 0,
        "sellingAndMarketingExpenses": 0,
        "sellingGeneralAndAdministrativeExpenses": 0,
        "otherExpenses": 3166000000,
        "operatingExpenses": 3166000000,
        "costAndExpenses": 6332000000,
        "interestIncome": 0,
        "interestExpense": 348000000,
        "depreciationAndAmortization": 700000000,
        "ebitda": 1232000000,
        "ebitdaratio": 0.173986725,
        "operatingIncome": 749000000,
        "operatingIncomeRatio": 0.1057760203,
        "totalOtherIncomeExpensesNet": -217000000,
        "incomeBeforeTax": 532000000,
        "incomeBeforeTaxRatio": 0.0751306313,
        "incomeTaxExpense": 8000000,
        "netIncome": 524000000,
        "netIncomeRatio": 0.0740008473,
        "eps": 0.9,
        "epsdiluted": 0.9,
        "weightedAverageShsOut": 580000000,
        "weightedAverageShsOutDil": 582000000,
        "link": "https://www.sec.gov/Archives/edgar/data/72903/000007290325000257/0000072903-25-000257-index.htm",
        "finalLink": "https://www.sec.gov/Archives/edgar/data/72903/000007290325000257/xel-20250930.htm"
    },
    {
        "date": "2025-06-30",
        "symbol": "XEL",
        "reportedCurrency": "USD",
        "cik": "0000072903",
        "fillingDate": "2025-07-31",
        "acceptedDate": "2025-07-31 12:57:34",
        "calendarYear": "2025",
        "period": "Q2",
        "revenue": 3287000000,
        "costOfRevenue": 1728000000,
        "grossProfit": 1559000000,
        "grossProfitRatio": 0.4742926681,
        "researchAndDevelopmentExpenses": 0,
        "generalAndAdministrativeExpenses": 0,
        "sellingAndMarketingExpenses": 0,
        "sellingGeneralAndAdministrativeExpenses": 0,
        "otherExpenses": 982000000,
        "operatingExpenses": 982000000,
        "costAndExpenses": 2710000000,
        "interestIncome": 0,
        "interestExpense": 331000000,
        "depreciationAndAmortization": 753000000,
        "ebitda": 1459000000,
        "ebitdaratio": 0.4438697901,
        "operatingIncome": 577000000,
        "operatingIncomeRatio": 0.1755400061,
        "totalOtherIncomeExpensesNet": -193000000,
        "incomeBeforeTax": 384000000,
        "incomeBeforeTaxRatio": 0.1168238515,
        "incomeTaxExpense": -60000000,
        "netIncome": 444000000,
        "netIncomeRatio": 0.1350775783,
        "eps": 0.76,
        "epsdiluted": 0.76,
        "weightedAverageShsOut": 580000000,
        "weightedAverageShsOutDil": 582000000,
        "link": "https://www.sec.gov/Archives/edgar/data/72903/000007290325000225/0000072903-25-000225-index.htm",
        "finalLink": "https://www.sec.gov/Archives/edgar/data/72903/000007290325000225/xel-20250630.htm"
    },
    {
        "date": "2025-03-31",
        "symbol": "XEL",
        "reportedCurrency": "USD",
        "cik": "0000072903",
        "fillingDate": "2025-04-24",
        "acceptedDate": "2025-04-24 13:08:42",
        "calendarYear": "2025",
        "period": "Q1",
        "revenue": 3906000000,
        "costOfRevenue": 2221000000,
        "grossProfit": 1685000000,
        "grossProfitRatio": 0.4313876088,
        "researchAndDevelopmentExpenses": 0,
        "generalAndAdministrativeExpenses": 0,
        "sellingAndMarketingExpenses": 0,
        "sellingGeneralAndAdministrativeExpenses": 0,
        "otherExpenses": 1008000000,
        "operatingExpenses": 1008000000,
        "costAndExpenses": 3229000000,
        "interestIncome": 0,
        "interestExpense": 309000000,
        "depreciationAndAmortization": 763000000,
        "ebitda": 1494000000,
        "ebitdaratio": 0.3824884793,
        "operatingIncome": 677000000,
        "operatingIncomeRatio": 0.1733230927,
        "totalOtherIncomeExpensesNet": -255000000,
        "incomeBeforeTax": 422000000,
        "incomeBeforeTaxRatio": 0.1080389145,
        "incomeTaxExpense": -61000000,
        "netIncome": 483000000,
        "netIncomeRatio": 0.123655914,
        "eps": 0.84,
        "epsdiluted": 0.84,
        "weightedAverageShsOut": 575000000,
        "weightedAverageShsOutDil": 577000000,
        "link": "https://www.sec.gov/Archives/edgar/data/72903/000007290325000088/0000072903-25-000088-index.htm",
        "finalLink": "https://www.sec.gov/Archives/edgar/data/72903/000007290325000088/xel-20250331.htm"
    },
    {
        "date": "2024-12-31",
        "symbol": "XEL",
        "reportedCurrency": "USD",
        "cik": "0000072903",
        "fillingDate": "2025-02-27",
        "acceptedDate": "2025-02-27 16:07:51",
        "calendarYear": "2024",
        "period": "Q4",
        "revenue": 3120000000,
        "costOfRevenue": 1832000000,
        "grossProfit": 1288000000,
        "grossProfitRatio": 0.4128205128,
        "researchAndDevelopmentExpenses": 0,
        "generalAndAdministrativeExpenses": 0,
        "sellingAndMarketingExpenses": 0,
        "sellingGeneralAndAdministrativeExpenses": 0,
        "otherExpenses": 941000000,
        "operatingExpenses": 941000000,
        "costAndExpenses": 2773000000,
        "interestIncome": 0,
        "interestExpense": 297000000,
        "depreciationAndAmortization": 735000000,
        "ebitda": 1199000000,
        "ebitdaratio": 0.3842948718,
        "operatingIncome": 347000000,
        "operatingIncomeRatio": 0.1112179487,
        "totalOtherIncomeExpensesNet": -180000000,
        "incomeBeforeTax": 167000000,
        "incomeBeforeTaxRatio": 0.053525641,
        "incomeTaxExpense": -297000000,
        "netIncome": 464000000,
        "netIncomeRatio": 0.1487179487,
        "eps": 0.81,
        "epsdiluted": 0.81,
        "weightedAverageShsOut": 575000000,
        "weightedAverageShsOutDil": 576000000,
        "link": "https://www.sec.gov/Archives/edgar/data/72903/000007290325000029/0000072903-25-000029-index.htm",
        "finalLink": "https://www.sec.gov/Archives/edgar/data/72903/000007290325000029/xel-20241231.htm"
    },
    {
        "date": "2024-09-30",
        "symbol": "XEL",
        "reportedCurrency": "USD",
        "cik": "0000072903",
        "fillingDate": "2024-10-31",
        "acceptedDate": "2024-10-31 15:08:58",
        "calendarYear": "2024",
        "period": "Q3",
        "revenue": 3644000000,
        "costOfRevenue": 1781000000,
        "grossProfit": 1863000000,
        "grossProfitRatio": 0.5112513721,
        "researchAndDevelopmentExpenses": 0,
        "generalAndAdministrativeExpenses": 0,
        "sellingAndMarketingExpenses": 0,
        "sellingGeneralAndAdministrativeExpenses": 0,
        "otherExpenses": 952000000,
        "operatingExpenses": 952000000,
        "costAndExpenses": 2733000000,
        "interestIncome": 0,
        "interestExpense": 305000000,
        "depreciationAndAmortization": 717000000,
        "ebitda": 1714000000,
        "ebitdaratio": 0.4703622393,
        "operatingIncome": 911000000,
        "operatingIncomeRatio": 0.25,
        "totalOtherIncomeExpensesNet": -219000000,
        "incomeBeforeTax": 692000000,
        "incomeBeforeTaxRatio": 0.1899012075,
        "incomeTaxExpense": 10000000,
        "netIncome": 682000000,
        "netIncomeRatio": 0.1871569704,
        "eps": 1.21,
        "epsdiluted": 1.21,
        "weightedAverageShsOut": 564000000,
        "weightedAverageShsOutDil": 565000000,
        "link": "https://www.sec.gov/Archives/edgar/data/72903/000007290324000199/0000072903-24-000199-index.htm",
        "finalLink": "https://www.sec.gov/Archives/edgar/data/72903/000007290324000199/xel-20240930.htm"
    },
    {
        "date": "2024-06-30",
        "symbol": "XEL",
        "reportedCurrency": "USD",
        "cik": "0000072903",
        "fillingDate": "2024-08-01",
        "acceptedDate": "2024-08-01 15:38:12",
        "calendarYear": "2024",
        "period": "Q2",
        "revenue": 3028000000,
        "costOfRevenue": 1636000000,
        "grossProfit": 1392000000,
        "grossProfitRatio": 0.4597093791,
        "researchAndDevelopmentExpenses": 0,
        "generalAndAdministrativeExpenses": 0,
        "sellingAndMarketingExpenses": 0,
        "sellingGeneralAndAdministrativeExpenses": 0,
        "otherExpenses": 943000000,
        "operatingExpenses": 943000000,
        "costAndExpenses": 2579000000,
        "interestIncome": 0,
        "interestExpense": 303000000,
        "depreciationAndAmortization": 739000000,
        "ebitda": 1256000000,
        "ebitdaratio": 0.4147952444,
        "operatingIncome": 449000000,
        "operatingIncomeRatio": 0.1482826948,
        "totalOtherIncomeExpensesNet": -235000000,
        "incomeBeforeTax": 214000000,
        "incomeBeforeTaxRatio": 0.070673712,
        "incomeTaxExpense": -88000000,
        "netIncome": 302000000,
        "netIncomeRatio": 0.0997357992,
        "eps": 0.54,
        "epsdiluted": 0.54,
        "weightedAverageShsOut": 557000000,
        "weightedAverageShsOutDil": 557000000,
        "link": "https://www.sec.gov/Archives/edgar/data/72903/000007290324000172/0000072903-24-000172-index.htm",
        "finalLink": "https://www.sec.gov/Archives/edgar/data/72903/000007290324000172/xel-20240630.htm"
    },
    {
        "date": "2024-03-31",
        "symbol": "XEL",
        "reportedCurrency": "USD",
        "cik": "0000072903",
        "fillingDate": "2024-04-25",
        "acceptedDate": "2024-04-25 12:14:09",
        "calendarYear": "2024",
        "period": "Q1",
        "revenue": 3649000000,
        "costOfRevenue": 2044000000,
        "grossProfit": 1605000000,
        "grossProfitRatio": 0.4398465333,
        "researchAndDevelopmentExpenses": 0,
        "generalAndAdministrativeExpenses": 0,
        "sellingAndMarketingExpenses": 0,
        "sellingGeneralAndAdministrativeExpenses": 0,
        "otherExpenses": 926000000,
        "operatingExpenses": 926000000,
        "costAndExpenses": 2970000000,
        "interestIncome": 0,
        "interestExpense": 277000000,
        "depreciationAndAmortization": 684000000,
        "ebitda": 1422000000,
        "ebitdaratio": 0.3896958071,
        "operatingIncome": 679000000,
        "operatingIncomeRatio": 0.1860783776,
        "totalOtherIncomeExpensesNet": -218000000,
        "incomeBeforeTax": 461000000,
        "incomeBeforeTaxRatio": 0.1263359825,
        "incomeTaxExpense": -27000000,
        "netIncome": 488000000,
        "netIncomeRatio": 0.1337352699,
        "eps": 0.88,
        "epsdiluted": 0.88,
        "weightedAverageShsOut": 556000000,
        "weightedAverageShsOutDil": 556000000,
        "link": "https://www.sec.gov/Archives/edgar/data/72903/000007290324000096/0000072903-24-000096-index.htm",
        "finalLink": "https://www.sec.gov/Archives/edgar/data/72903/000007290324000096/xel-20240331.htm"
    },
    {
        "date": "2023-12-31",
        "symbol": "XEL",
        "reportedCurrency": "USD",
        "cik": "0000072903",
        "fillingDate": "2024-02-21",
        "acceptedDate": "2024-02-21 15:27:48",
        "calendarYear": "2023",
        "period": "Q4",
        "revenue": 3442000000,
        "costOfRevenue": 1914000000,
        "grossProfit": 1528000000,
        "grossProfitRatio": 0.4439279489,
        "researchAndDevelopmentExpenses": 0,
        "generalAndAdministrativeExpenses": 0,
        "sellingAndMarketingExpenses": 0,
        "sellingGeneralAndAdministrativeExpenses": 0,
        "otherExpenses": 953000000,
        "operatingExpenses": 953000000,
        "costAndExpenses": 2867000000,
        "interestIncome": 0,
        "interestExpense": 265000000,
        "depreciationAndAmortization": 659000000,
        "ebitda": 1297000000,
        "ebitdaratio": 0.3768158048,
        "operatingIncome": 575000000,
        "operatingIncomeRatio": 0.1670540383,
        "totalOtherIncomeExpensesNet": -211000000,
        "incomeBeforeTax": 364000000,
        "incomeBeforeTaxRatio": 0.1057524695,
        "incomeTaxExpense": -45000000,
        "netIncome": 409000000,
        "netIncomeRatio": 0.1188262638,
        "eps": 0.74,
        "epsdiluted": 0.74,
        "weightedAverageShsOut": 554000000,
        "weightedAverageShsOutDil": 554000000,
        "link": "https://www.sec.gov/Archives/edgar/data/72903/000007290324000034/0000072903-24-000034-index.htm",
        "finalLink": "https://www.sec.gov/Archives/edgar/data/72903/000007290324000034/xel-20231231.htm"
    },
    {
        "date": "2023-09-30",
        "symbol": "XEL",
        "reportedCurrency": "USD",
        "cik": "0000072903",
        "fillingDate": "2023-10-27",
        "acceptedDate": "2023-10-27 15:40:17",
        "calendarYear": "2023",
        "period": "Q3",
        "revenue": 3662000000,
        "costOfRevenue": 1851000000,
        "grossProfit": 1811000000,
        "grossProfitRatio": 0.4945385035,
        "researchAndDevelopmentExpenses": 0,
        "generalAndAdministrativeExpenses": 0,
        "sellingAndMarketingExpenses": 0,
        "sellingGeneralAndAdministrativeExpenses": 0,
        "otherExpenses": 896000000,
        "operatingExpenses": 896000000,
        "costAndExpenses": 2747000000,
        "interestIncome": 0,
        "interestExpense": 255000000,
        "depreciationAndAmortization": 653000000,
        "ebitda": 1604000000,
        "ebitdaratio": 0.4380120153,
        "operatingIncome": 915000000,
        "operatingIncomeRatio": 0.2498634626,
        "totalOtherIncomeExpensesNet": -219000000,
        "incomeBeforeTax": 696000000,
        "incomeBeforeTaxRatio": 0.1900600765,
        "incomeTaxExpense": 40000000,
        "netIncome": 656000000,
        "netIncomeRatio": 0.1791370836,
        "eps": 1.19,
        "epsdiluted": 1.19,
        "weightedAverageShsOut": 552000000,
        "weightedAverageShsOutDil": 552000000,
        "link": "https://www.sec.gov/Archives/edgar/data/72903/000007290323000161/0000072903-23-000161-index.htm",
        "finalLink": "https://www.sec.gov/Archives/edgar/data/72903/000007290323000161/xel-20230930.htm"
    },
    {
        "date": "2023-06-30",
        "symbol": "XEL",
        "reportedCurrency": "USD",
        "cik": "0000072903",
        "fillingDate": "2023-07-27",
        "acceptedDate": "2023-07-27 16:01:05",
        "calendarYear": "2023",
        "period": "Q2",
        "revenue": 3022000000,
        "costOfRevenue": 1839000000,
        "grossProfit": 1183000000,
        "grossProfitRatio": 0.3914626075,
        "researchAndDevelopmentExpenses": 0,
        "generalAndAdministrativeExpenses": 0,
        "sellingAndMarketingExpenses": 0,
        "sellingGeneralAndAdministrativeExpenses": 0,
        "otherExpenses": 765000000,
        "operatingExpenses": 765000000,
        "costAndExpenses": 2604000000,
        "interestIncome": 0,
        "interestExpense": 256000000,
        "depreciationAndAmortization": 595000000,
        "ebitda": 1051000000,
        "ebitdaratio": 0.3477829252,
        "operatingIncome": 418000000,
        "operatingIncomeRatio": 0.138318994,
        "totalOtherIncomeExpensesNet": -218000000,
        "incomeBeforeTax": 200000000,
        "incomeBeforeTaxRatio": 0.0661813369,
        "incomeTaxExpense": -88000000,
        "netIncome": 288000000,
        "netIncomeRatio": 0.0953011251,
        "eps": 0.52,
        "epsdiluted": 0.52,
        "weightedAverageShsOut": 551000000,
        "weightedAverageShsOutDil": 552000000,
        "link": "https://www.sec.gov/Archives/edgar/data/72903/000007290323000113/0000072903-23-000113-index.htm",
        "finalLink": "https://www.sec.gov/Archives/edgar/data/72903/000007290323000113/xel-20230630.htm"
    },
    {
        "date": "2023-03-31",
        "symbol": "XEL",
        "reportedCurrency": "USD",
        "cik": "0000072903",
        "fillingDate": "2023-04-27",
        "acceptedDate": "2023-04-27 15:54:12",
        "calendarYear": "2023",
        "period": "Q1",
        "revenue": 4080000000,
        "costOfRevenue": 2623000000,
        "grossProfit": 1457000000,
        "grossProfitRatio": 0.3571078431,
        "researchAndDevelopmentExpenses": 0,
        "generalAndAdministrativeExpenses": 0,
        "sellingAndMarketingExpenses": 0,
        "sellingGeneralAndAdministrativeExpenses": 0,
        "otherExpenses": 884000000,
        "operatingExpenses": 884000000,
        "costAndExpenses": 3507000000,
        "interestIncome": 0,
        "interestExpense": 243000000,
        "depreciationAndAmortization": 660000000,
        "ebitda": 1268000000,
        "ebitdaratio": 0.3107843137,
        "operatingIncome": 573000000,
        "operatingIncomeRatio": 0.1404411765,
        "totalOtherIncomeExpensesNet": -208000000,
        "incomeBeforeTax": 365000000,
        "incomeBeforeTaxRatio": 0.0894607843,
        "incomeTaxExpense": -53000000,
        "netIncome": 418000000,
        "netIncomeRatio": 0.1024509804,
        "eps": 0.76,
        "epsdiluted": 0.76,
        "weightedAverageShsOut": 551000000,
        "weightedAverageShsOutDil": 551000000,
        "link": "https://www.sec.gov/Archives/edgar/data/72903/000007290323000026/0000072903-23-000026-index.htm",
        "finalLink": "https://www.sec.gov/Archives/edgar/data/72903/000007290323000026/xel-20230331.htm"
    },
    {
        "date": "2022-12-31",
        "symbol": "XEL",
        "reportedCurrency": "USD",
        "cik": "0000072903",
        "fillingDate": "2023-02-23",
        "acceptedDate": "2023-02-23 14:54:01",
        "calendarYear": "2022",
        "period": "Q4",
        "revenue": 4053000000,
        "costOfRevenue": 2685000000,
        "grossProfit": 1368000000,
        "grossProfitRatio": 0.3375277572,
        "researchAndDevelopmentExpenses": 0,
        "generalAndAdministrativeExpenses": 0,
        "sellingAndMarketingExpenses": 0,
        "sellingGeneralAndAdministrativeExpenses": 0,
        "otherExpenses": 843000000,
        "operatingExpenses": 843000000,
        "costAndExpenses": 3528000000,
        "interestIncome": 0,
        "interestExpense": 231000000,
        "depreciationAndAmortization": 642000000,
        "ebitda": 1174000000,
        "ebitdaratio": 0.2896619788,
        "operatingIncome": 525000000,
        "operatingIncomeRatio": 0.1295336788,
        "totalOtherIncomeExpensesNet": -201000000,
        "incomeBeforeTax": 324000000,
        "incomeBeforeTaxRatio": 0.0799407846,
        "incomeTaxExpense": -55000000,
        "netIncome": 379000000,
        "netIncomeRatio": 0.0935109795,
        "eps": 0.69,
        "epsdiluted": 0.69,
        "weightedAverageShsOut": 549000000,
        "weightedAverageShsOutDil": 549000000,
        "link": "https://www.sec.gov/Archives/edgar/data/72903/000007290323000007/0000072903-23-000007-index.htm",
        "finalLink": "https://www.sec.gov/Archives/edgar/data/72903/000007290323000007/xel-20221231.htm"
    },
    {
        "date": "2022-09-30",
        "symbol": "XEL",
        "reportedCurrency": "USD",
        "cik": "0000072903",
        "fillingDate": "2022-10-27",
        "acceptedDate": "2022-10-27 15:03:22",
        "calendarYear": "2022",
        "period": "Q3",
        "revenue": 4082000000,
        "costOfRevenue": 2292000000,
        "grossProfit": 1790000000,
        "grossProfitRatio": 0.4385105341,
        "researchAndDevelopmentExpenses": 0,
        "generalAndAdministrativeExpenses": 0,
        "sellingAndMarketingExpenses": 0,
        "sellingGeneralAndAdministrativeExpenses": 0,
        "otherExpenses": 866000000,
        "operatingExpenses": 866000000,
        "costAndExpenses": 3158000000,
        "interestIncome": 0,
        "interestExpense": 237000000,
        "depreciationAndAmortization": 641000000,
        "ebitda": 1563000000,
        "ebitdaratio": 0.382900539,
        "operatingIncome": 924000000,
        "operatingIncomeRatio": 0.2263596276,
        "totalOtherIncomeExpensesNet": -231000000,
        "incomeBeforeTax": 693000000,
        "incomeBeforeTaxRatio": 0.1697697207,
        "incomeTaxExpense": 44000000,
        "netIncome": 649000000,
        "netIncomeRatio": 0.1589906908,
        "eps": 1.19,
        "epsdiluted": 1.18,
        "weightedAverageShsOut": 548000000,
        "weightedAverageShsOutDil": 548000000,
        "link": "https://www.sec.gov/Archives/edgar/data/72903/000007290322000063/0000072903-22-000063-index.htm",
        "finalLink": "https://www.sec.gov/Archives/edgar/data/72903/000007290322000063/xel-20220930.htm"
    },
    {
        "date": "2022-06-30",
        "symbol": "XEL",
        "reportedCurrency": "USD",
        "cik": "0000072903",
        "fillingDate": "2022-07-28",
        "acceptedDate": "2022-07-28 12:18:41",
        "calendarYear": "2022",
        "period": "Q2",
        "revenue": 3424000000,
        "costOfRevenue": 2057000000,
        "grossProfit": 1367000000,
        "grossProfitRatio": 0.3992406542,
        "researchAndDevelopmentExpenses": 0,
        "generalAndAdministrativeExpenses": 0,
        "sellingAndMarketingExpenses": 0,
        "sellingGeneralAndAdministrativeExpenses": 0,
        "otherExpenses": 898000000,
        "operatingExpenses": 898000000,
        "costAndExpenses": 2955000000,
        "interestIncome": 0,
        "interestExpense": 240000000,
        "depreciationAndAmortization": 674000000,
        "ebitda": 1168000000,
        "ebitdaratio": 0.3411214953,
        "operatingIncome": 469000000,
        "operatingIncomeRatio": 0.1369742991,
        "totalOtherIncomeExpensesNet": -215000000,
        "incomeBeforeTax": 254000000,
        "incomeBeforeTaxRatio": 0.074182243,
        "incomeTaxExpense": -74000000,
        "netIncome": 328000000,
        "netIncomeRatio": 0.0957943925,
        "eps": 0.6,
        "epsdiluted": 0.6,
        "weightedAverageShsOut": 546000000,
        "weightedAverageShsOutDil": 546000000,
        "link": "https://www.sec.gov/Archives/edgar/data/72903/000007290322000053/0000072903-22-000053-index.htm",
        "finalLink": "https://www.sec.gov/Archives/edgar/data/72903/000007290322000053/xel-20220630.htm"
    },
    {
        "date": "2022-03-31",
        "symbol": "XEL",
        "reportedCurrency": "USD",
        "cik": "0000072903",
        "fillingDate": "2022-04-28",
        "acceptedDate": "2022-04-28 13:43:48",
        "calendarYear": "2022",
        "period": "Q1",
        "revenue": 3751000000,
        "costOfRevenue": 2416000000,
        "grossProfit": 1335000000,
        "grossProfitRatio": 0.355905092,
        "researchAndDevelopmentExpenses": 0,
        "generalAndAdministrativeExpenses": 0,
        "sellingAndMarketingExpenses": 0,
        "sellingGeneralAndAdministrativeExpenses": 0,
        "otherExpenses": 825000000,
        "operatingExpenses": 825000000,
        "costAndExpenses": 3241000000,
        "interestIncome": 0,
        "interestExpense": 209000000,
        "depreciationAndAmortization": 597000000,
        "ebitda": 1136000000,
        "ebitdaratio": 0.3028525726,
        "operatingIncome": 510000000,
        "operatingIncomeRatio": 0.135963743,
        "totalOtherIncomeExpensesNet": -180000000,
        "incomeBeforeTax": 330000000,
        "incomeBeforeTaxRatio": 0.0879765396,
        "incomeTaxExpense": -50000000,
        "netIncome": 380000000,
        "netIncomeRatio": 0.1013063183,
        "eps": 0.7,
        "epsdiluted": 0.7,
        "weightedAverageShsOut": 545000000,
        "weightedAverageShsOutDil": 545000000,
        "link": "https://www.sec.gov/Archives/edgar/data/72903/000007290322000027/0000072903-22-000027-index.htm",
        "finalLink": "https://www.sec.gov/Archives/edgar/data/72903/000007290322000027/xel-20220331.htm"
    },
    {
        "date": "2021-12-31",
        "symbol": "XEL",
        "reportedCurrency": "USD",
        "cik": "0000072903",
        "fillingDate": "2022-02-23",
        "acceptedDate": "2022-02-23 15:38:07",
        "calendarYear": "2021",
        "period": "Q4",
        "revenue": 3355000000,
        "costOfRevenue": 2147000000,
        "grossProfit": 1208000000,
        "grossProfitRatio": 0.3600596125,
        "researchAndDevelopmentExpenses": 0,
        "generalAndAdministrativeExpenses": 0,
        "sellingAndMarketingExpenses": 0,
        "sellingGeneralAndAdministrativeExpenses": 0,
        "otherExpenses": 775000000,
        "operatingExpenses": 775000000,
        "costAndExpenses": 2922000000,
        "interestIncome": 0,
        "interestExpense": 206000000,
        "depreciationAndAmortization": 574000000,
        "ebitda": 1013000000,
        "ebitdaratio": 0.3019374069,
        "operatingIncome": 433000000,
        "operatingIncomeRatio": 0.1290611028,
        "totalOtherIncomeExpensesNet": -171000000,
        "incomeBeforeTax": 262000000,
        "incomeBeforeTaxRatio": 0.0780923994,
        "incomeTaxExpense": -53000000,
        "netIncome": 315000000,
        "netIncomeRatio": 0.0938897168,
        "eps": 0.58,
        "epsdiluted": 0.58,
        "weightedAverageShsOut": 541000000,
        "weightedAverageShsOutDil": 542000000,
        "link": "https://www.sec.gov/Archives/edgar/data/72903/000007290322000010/0000072903-22-000010-index.htm",
        "finalLink": "https://www.sec.gov/Archives/edgar/data/72903/000007290322000010/xel-20211231.htm"
    },
    {
        "date": "2021-09-30",
        "symbol": "XEL",
        "reportedCurrency": "USD",
        "cik": "0000072903",
        "fillingDate": "2021-10-28",
        "acceptedDate": "2021-10-28 15:14:45",
        "calendarYear": "2021",
        "period": "Q3",
        "revenue": 3467000000,
        "costOfRevenue": 1875000000,
        "grossProfit": 1592000000,
        "grossProfitRatio": 0.4591866167,
        "researchAndDevelopmentExpenses": 0,
        "generalAndAdministrativeExpenses": 0,
        "sellingAndMarketingExpenses": 0,
        "sellingGeneralAndAdministrativeExpenses": 0,
        "otherExpenses": 767000000,
        "operatingExpenses": 767000000,
        "costAndExpenses": 2642000000,
        "interestIncome": 0,
        "interestExpense": 204000000,
        "depreciationAndAmortization": 584000000,
        "ebitda": 1440000000,
        "ebitdaratio": 0.4153446784,
        "operatingIncome": 825000000,
        "operatingIncomeRatio": 0.2379578887,
        "totalOtherIncomeExpensesNet": -173000000,
        "incomeBeforeTax": 652000000,
        "incomeBeforeTaxRatio": 0.1880588405,
        "incomeTaxExpense": 43000000,
        "netIncome": 609000000,
        "netIncomeRatio": 0.1756561869,
        "eps": 1.13,
        "epsdiluted": 1.13,
        "weightedAverageShsOut": 539000000,
        "weightedAverageShsOutDil": 539000000,
        "link": "https://www.sec.gov/Archives/edgar/data/72903/000007290321000084/0000072903-21-000084-index.htm",
        "finalLink": "https://www.sec.gov/Archives/edgar/data/72903/000007290321000084/xel-20210930.htm"
    },
    {
        "date": "2021-06-30",
        "symbol": "XEL",
        "reportedCurrency": "USD",
        "cik": "0000072903",
        "fillingDate": "2021-07-29",
        "acceptedDate": "2021-07-29 14:09:35",
        "calendarYear": "2021",
        "period": "Q2",
        "revenue": 3068000000,
        "costOfRevenue": 1874000000,
        "grossProfit": 1194000000,
        "grossProfitRatio": 0.389178618,
        "researchAndDevelopmentExpenses": 0,
        "generalAndAdministrativeExpenses": 0,
        "sellingAndMarketingExpenses": 0,
        "sellingGeneralAndAdministrativeExpenses": 0,
        "otherExpenses": 756000000,
        "operatingExpenses": 756000000,
        "costAndExpenses": 2630000000,
        "interestIncome": 0,
        "interestExpense": 206000000,
        "depreciationAndAmortization": 552000000,
        "ebitda": 1031000000,
        "ebitdaratio": 0.3360495437,
        "operatingIncome": 438000000,
        "operatingIncomeRatio": 0.1427640156,
        "totalOtherIncomeExpensesNet": -165000000,
        "incomeBeforeTax": 273000000,
        "incomeBeforeTaxRatio": 0.0889830508,
        "incomeTaxExpense": -38000000,
        "netIncome": 311000000,
        "netIncomeRatio": 0.10136897,
        "eps": 0.58,
        "epsdiluted": 0.58,
        "weightedAverageShsOut": 539000000,
        "weightedAverageShsOutDil": 539000000,
        "link": "https://www.sec.gov/Archives/edgar/data/72903/000007290321000064/0000072903-21-000064-index.htm",
        "finalLink": "https://www.sec.gov/Archives/edgar/data/72903/000007290321000064/xel-20210630.htm"
    },
    {
        "date": "2021-03-31",
        "symbol": "XEL",
        "reportedCurrency": "USD",
        "cik": "0000072903",
        "fillingDate": "2021-04-29",
        "acceptedDate": "2021-04-29 13:59:36",
        "calendarYear": "2021",
        "period": "Q1",
        "revenue": 3541000000,
        "costOfRevenue": 2277000000,
        "grossProfit": 1264000000,
        "grossProfitRatio": 0.3569613104,
        "researchAndDevelopmentExpenses": 0,
        "generalAndAdministrativeExpenses": 0,
        "sellingAndMarketingExpenses": 0,
        "sellingGeneralAndAdministrativeExpenses": 0,
        "otherExpenses": 757000000,
        "operatingExpenses": 757000000,
        "costAndExpenses": 3034000000,
        "interestIncome": 0,
        "interestExpense": 200000000,
        "depreciationAndAmortization": 547000000,
        "ebitda": 1087000000,
        "ebitdaratio": 0.3069754307,
        "operatingIncome": 507000000,
        "operatingIncomeRatio": 0.1431798927,
        "totalOtherIncomeExpensesNet": -167000000,
        "incomeBeforeTax": 340000000,
        "incomeBeforeTaxRatio": 0.096018074,
        "incomeTaxExpense": -22000000,
        "netIncome": 362000000,
        "netIncomeRatio": 0.1022310082,
        "eps": 0.67,
        "epsdiluted": 0.67,
        "weightedAverageShsOut": 538000000,
        "weightedAverageShsOutDil": 539000000,
        "link": "https://www.sec.gov/Archives/edgar/data/72903/000007290321000030/0000072903-21-000030-index.htm",
        "finalLink": "https://www.sec.gov/Archives/edgar/data/72903/000007290321000030/xel-20210331.htm"
    },
    {
        "date": "2020-12-31",
        "symbol": "XEL",
        "reportedCurrency": "USD",
        "cik": "0000072903",
        "fillingDate": "2021-02-17",
        "acceptedDate": "2021-02-17 15:16:41",
        "calendarYear": "2020",
        "period": "Q4",
        "revenue": 2947000000,
        "costOfRevenue": 1790000000,
        "grossProfit": 1157000000,
        "grossProfitRatio": 0.3926026468,
        "researchAndDevelopmentExpenses": 0,
        "generalAndAdministrativeExpenses": 0,
        "sellingAndMarketingExpenses": 0,
        "sellingGeneralAndAdministrativeExpenses": 0,
        "otherExpenses": 731000000,
        "operatingExpenses": 731000000,
        "costAndExpenses": 2521000000,
        "interestIncome": 0,
        "interestExpense": 203000000,
        "depreciationAndAmortization": 529000000,
        "ebitda": 1011000000,
        "ebitdaratio": 0.3430607397,
        "operatingIncome": 426000000,
        "operatingIncomeRatio": 0.1445537835,
        "totalOtherIncomeExpensesNet": -168000000,
        "incomeBeforeTax": 258000000,
        "incomeBeforeTaxRatio": 0.0875466576,
        "incomeTaxExpense": -30000000,
        "netIncome": 288000000,
        "netIncomeRatio": 0.0977265015,
        "eps": 0.54,
        "epsdiluted": 0.54,
        "weightedAverageShsOut": 530000000,
        "weightedAverageShsOutDil": 532000000,
        "link": "https://www.sec.gov/Archives/edgar/data/72903/000007290321000012/0000072903-21-000012-index.htm",
        "finalLink": "https://www.sec.gov/Archives/edgar/data/72903/000007290321000012/xel-20201231.htm"
    },
    {
        "date": "2020-09-30",
        "symbol": "XEL",
        "reportedCurrency": "USD",
        "cik": "0000072903",
        "fillingDate": "2020-10-29",
        "acceptedDate": "2020-10-29 13:51:03",
        "calendarYear": "2020",
        "period": "Q3",
        "revenue": 3182000000,
        "costOfRevenue": 1625000000,
        "grossProfit": 1557000000,
        "grossProfitRatio": 0.4893148963,
        "researchAndDevelopmentExpenses": 0,
        "generalAndAdministrativeExpenses": 0,
        "sellingAndMarketingExpenses": 0,
        "sellingGeneralAndAdministrativeExpenses": 0,
        "otherExpenses": 744000000,
        "operatingExpenses": 744000000,
        "costAndExpenses": 2369000000,
        "interestIncome": 0,
        "interestExpense": 210000000,
        "depreciationAndAmortization": 546000000,
        "ebitda": 1402000000,
        "ebitdaratio": 0.4406033941,
        "operatingIncome": 813000000,
        "operatingIncomeRatio": 0.2554996857,
        "totalOtherIncomeExpensesNet": -167000000,
        "incomeBeforeTax": 646000000,
        "incomeBeforeTaxRatio": 0.2030169705,
        "incomeTaxExpense": 43000000,
        "netIncome": 603000000,
        "netIncomeRatio": 0.1895034569,
        "eps": 1.15,
        "epsdiluted": 1.14,
        "weightedAverageShsOut": 526000000,
        "weightedAverageShsOutDil": 528000000,
        "link": "https://www.sec.gov/Archives/edgar/data/72903/000007290320000066/0000072903-20-000066-index.htm",
        "finalLink": "https://www.sec.gov/Archives/edgar/data/72903/000007290320000066/xel-20200930.htm"
    },
    {
        "date": "2020-06-30",
        "symbol": "XEL",
        "reportedCurrency": "USD",
        "cik": "0000072903",
        "fillingDate": "2020-07-31",
        "acceptedDate": "2020-07-31 13:02:05",
        "calendarYear": "2020",
        "period": "Q2",
        "revenue": 2586000000,
        "costOfRevenue": 1477000000,
        "grossProfit": 1109000000,
        "grossProfitRatio": 0.4288476411,
        "researchAndDevelopmentExpenses": 0,
        "generalAndAdministrativeExpenses": 0,
        "sellingAndMarketingExpenses": 0,
        "sellingGeneralAndAdministrativeExpenses": 0,
        "otherExpenses": 687000000,
        "operatingExpenses": 687000000,
        "costAndExpenses": 2164000000,
        "interestIncome": 0,
        "interestExpense": 196000000,
        "depreciationAndAmortization": 508000000,
        "ebitda": 971000000,
        "ebitdaratio": 0.375483372,
        "operatingIncome": 422000000,
        "operatingIncomeRatio": 0.1631863882,
        "totalOtherIncomeExpensesNet": -148000000,
        "incomeBeforeTax": 274000000,
        "incomeBeforeTaxRatio": 0.1059551431,
        "incomeTaxExpense": -13000000,
        "netIncome": 287000000,
        "netIncomeRatio": 0.1109822119,
        "eps": 0.54,
        "epsdiluted": 0.54,
        "weightedAverageShsOut": 527000000,
        "weightedAverageShsOutDil": 527000000,
        "link": "https://www.sec.gov/Archives/edgar/data/72903/000007290320000055/0000072903-20-000055-index.htm",
        "finalLink": "https://www.sec.gov/Archives/edgar/data/72903/000007290320000055/xel-20200630.htm"
    },
    {
        "date": "2020-03-31",
        "symbol": "XEL",
        "reportedCurrency": "USD",
        "cik": "0000072903",
        "fillingDate": "2020-05-07",
        "acceptedDate": "2020-05-07 14:34:55",
        "calendarYear": "2020",
        "period": "Q1",
        "revenue": 2811000000,
        "costOfRevenue": 1670000000,
        "grossProfit": 1141000000,
        "grossProfitRatio": 0.4059053718,
        "researchAndDevelopmentExpenses": 0,
        "generalAndAdministrativeExpenses": 0,
        "sellingAndMarketingExpenses": 0,
        "sellingGeneralAndAdministrativeExpenses": 0,
        "otherExpenses": 686000000,
        "operatingExpenses": 686000000,
        "costAndExpenses": 2356000000,
        "interestIncome": 0,
        "interestExpense": 196000000,
        "depreciationAndAmortization": 499000000,
        "ebitda": 970000000,
        "ebitdaratio": 0.3450729278,
        "operatingIncome": 455000000,
        "operatingIncomeRatio": 0.1618641053,
        "totalOtherIncomeExpensesNet": -166000000,
        "incomeBeforeTax": 289000000,
        "incomeBeforeTaxRatio": 0.1028103878,
        "incomeTaxExpense": -6000000,
        "netIncome": 295000000,
        "netIncomeRatio": 0.1049448595,
        "eps": 0.56,
        "epsdiluted": 0.56,
        "weightedAverageShsOut": 526000000,
        "weightedAverageShsOutDil": 527000000,
        "link": "https://www.sec.gov/Archives/edgar/data/72903/000007290320000022/0000072903-20-000022-index.htm",
        "finalLink": "https://www.sec.gov/Archives/edgar/data/72903/000007290320000022/xcel03312010-q.htm"
    },
    {
        "date": "2019-12-31",
        "symbol": "XEL",
        "reportedCurrency": "USD",
        "cik": "0000072903",
        "fillingDate": "2020-02-21",
        "acceptedDate": "2020-02-21 15:32:33",
        "calendarYear": "2019",
        "period": "Q4",
        "revenue": 2798000000,
        "costOfRevenue": 1689000000,
        "grossProfit": 1109000000,
        "grossProfitRatio": 0.396354539,
        "researchAndDevelopmentExpenses": 0,
        "generalAndAdministrativeExpenses": 0,
        "sellingAndMarketingExpenses": 0,
        "sellingGeneralAndAdministrativeExpenses": 0,
        "otherExpenses": 659000000,
        "operatingExpenses": 659000000,
        "costAndExpenses": 2348000000,
        "interestIncome": 0,
        "interestExpense": 184000000,
        "depreciationAndAmortization": 483000000,
        "ebitda": 960000000,
        "ebitdaratio": 0.3431022159,
        "operatingIncome": 450000000,
        "operatingIncomeRatio": 0.1608291637,
        "totalOtherIncomeExpensesNet": -151000000,
        "incomeBeforeTax": 299000000,
        "incomeBeforeTaxRatio": 0.1068620443,
        "incomeTaxExpense": 7000000,
        "netIncome": 292000000,
        "netIncomeRatio": 0.1043602573,
        "eps": 0.56,
        "epsdiluted": 0.56,
        "weightedAverageShsOut": 525000000,
        "weightedAverageShsOutDil": 526000000,
        "link": "https://www.sec.gov/Archives/edgar/data/72903/000007290320000011/0000072903-20-000011-index.htm",
        "finalLink": "https://www.sec.gov/Archives/edgar/data/72903/000007290320000011/xcel1231201910-k.htm"
    },
    {
        "date": "2019-09-30",
        "symbol": "XEL",
        "reportedCurrency": "USD",
        "cik": "0000072903",
        "fillingDate": "2019-10-25",
        "acceptedDate": "2019-10-25 12:25:36",
        "calendarYear": "2019",
        "period": "Q3",
        "revenue": 3013000000,
        "costOfRevenue": 1596000000,
        "grossProfit": 1417000000,
        "grossProfitRatio": 0.4702953867,
        "researchAndDevelopmentExpenses": 0,
        "generalAndAdministrativeExpenses": 0,
        "sellingAndMarketingExpenses": 0,
        "sellingGeneralAndAdministrativeExpenses": 0,
        "otherExpenses": 659000000,
        "operatingExpenses": 659000000,
        "costAndExpenses": 2255000000,
        "interestIncome": 0,
        "interestExpense": 191000000,
        "depreciationAndAmortization": 482000000,
        "ebitda": 1267000000,
        "ebitdaratio": 0.4205111185,
        "operatingIncome": 758000000,
        "operatingIncomeRatio": 0.2515765018,
        "totalOtherIncomeExpensesNet": -159000000,
        "incomeBeforeTax": 599000000,
        "incomeBeforeTaxRatio": 0.1988051776,
        "incomeTaxExpense": 72000000,
        "netIncome": 527000000,
        "netIncomeRatio": 0.1749087288,
        "eps": 1.02,
        "epsdiluted": 1.01,
        "weightedAverageShsOut": 519000000,
        "weightedAverageShsOutDil": 521000000,
        "link": "https://www.sec.gov/Archives/edgar/data/72903/000007290319000074/0000072903-19-000074-index.htm",
        "finalLink": "https://www.sec.gov/Archives/edgar/data/72903/000007290319000074/xcel09301910-q.htm"
    },
    {
        "date": "2019-06-30",
        "symbol": "XEL",
        "reportedCurrency": "USD",
        "cik": "0000072903",
        "fillingDate": "2019-08-01",
        "acceptedDate": "2019-08-01 16:33:06",
        "calendarYear": "2019",
        "period": "Q2",
        "revenue": 2577000000,
        "costOfRevenue": 1521000000,
        "grossProfit": 1056000000,
        "grossProfitRatio": 0.4097788126,
        "researchAndDevelopmentExpenses": 0,
        "generalAndAdministrativeExpenses": 0,
        "sellingAndMarketingExpenses": 0,
        "sellingGeneralAndAdministrativeExpenses": 0,
        "otherExpenses": 646000000,
        "operatingExpenses": 646000000,
        "costAndExpenses": 2167000000,
        "interestIncome": 0,
        "interestExpense": 178000000,
        "depreciationAndAmortization": 470000000,
        "ebitda": 905000000,
        "ebitdaratio": 0.3511835468,
        "operatingIncome": 410000000,
        "operatingIncomeRatio": 0.1590997284,
        "totalOtherIncomeExpensesNet": -148000000,
        "incomeBeforeTax": 262000000,
        "incomeBeforeTaxRatio": 0.1016686069,
        "incomeTaxExpense": 24000000,
        "netIncome": 238000000,
        "netIncomeRatio": 0.0923554521,
        "eps": 0.46,
        "epsdiluted": 0.46,
        "weightedAverageShsOut": 516000000,
        "weightedAverageShsOutDil": 518000000,
        "link": "https://www.sec.gov/Archives/edgar/data/72903/000007290319000047/0000072903-19-000047-index.htm",
        "finalLink": "https://www.sec.gov/Archives/edgar/data/72903/000007290319000047/xcel06301910-q.htm"
    },
    {
        "date": "2019-03-31",
        "symbol": "XEL",
        "reportedCurrency": "USD",
        "cik": "0000072903",
        "fillingDate": "2019-04-26",
        "acceptedDate": "2019-04-26 16:27:38",
        "calendarYear": "2019",
        "period": "Q1",
        "revenue": 3141000000,
        "costOfRevenue": 2000000000,
        "grossProfit": 1141000000,
        "grossProfitRatio": 0.3632601082,
        "researchAndDevelopmentExpenses": 0,
        "generalAndAdministrativeExpenses": 0,
        "sellingAndMarketingExpenses": 0,
        "sellingGeneralAndAdministrativeExpenses": 0,
        "otherExpenses": 655000000,
        "operatingExpenses": 655000000,
        "costAndExpenses": 2655000000,
        "interestIncome": 0,
        "interestExpense": 180000000,
        "depreciationAndAmortization": 469000000,
        "ebitda": 982000000,
        "ebitdaratio": 0.3126392869,
        "operatingIncome": 486000000,
        "operatingIncomeRatio": 0.1547277937,
        "totalOtherIncomeExpensesNet": -146000000,
        "incomeBeforeTax": 340000000,
        "incomeBeforeTaxRatio": 0.1082457816,
        "incomeTaxExpense": 25000000,
        "netIncome": 315000000,
        "netIncomeRatio": 0.100286533,
        "eps": 0.61,
        "epsdiluted": 0.61,
        "weightedAverageShsOut": 515000000,
        "weightedAverageShsOutDil": 516000000,
        "link": "https://www.sec.gov/Archives/edgar/data/72903/000007290319000019/0000072903-19-000019-index.htm",
        "finalLink": "https://www.sec.gov/Archives/edgar/data/72903/000007290319000019/xcel03311910-q.htm"
    },
    {
        "date": "2018-12-31",
        "symbol": "XEL",
        "reportedCurrency": "USD",
        "cik": "0000072903",
        "fillingDate": "2019-02-22",
        "acceptedDate": "2019-02-22 13:40:24",
        "calendarYear": "2018",
        "period": "Q4",
        "revenue": 2880000000,
        "costOfRevenue": 1885000000,
        "grossProfit": 995000000,
        "grossProfitRatio": 0.3454861111,
        "researchAndDevelopmentExpenses": 0,
        "generalAndAdministrativeExpenses": 2000000,
        "sellingAndMarketingExpenses": 0,
        "sellingGeneralAndAdministrativeExpenses": 0,
        "otherExpenses": 656000000,
        "operatingExpenses": 656000000,
        "costAndExpenses": 2541000000,
        "interestIncome": 0,
        "interestExpense": 177000000,
        "depreciationAndAmortization": 442000000,
        "ebitda": 841000000,
        "ebitdaratio": 0.2920138889,
        "operatingIncome": 339000000,
        "operatingIncomeRatio": 0.1177083333,
        "totalOtherIncomeExpensesNet": -130000000,
        "incomeBeforeTax": 209000000,
        "incomeBeforeTaxRatio": 0.0725694444,
        "incomeTaxExpense": -6000000,
        "netIncome": 214000000,
        "netIncomeRatio": 0.0743055556,
        "eps": 0.42,
        "epsdiluted": 0.42,
        "weightedAverageShsOut": 515000000,
        "weightedAverageShsOutDil": 515000000,
        "link": "https://www.sec.gov/Archives/edgar/data/72903/000007290319000010/0000072903-19-000010-index.htm",
        "finalLink": "https://www.sec.gov/Archives/edgar/data/72903/000007290319000010/xcel1231201810-k.htm"
    },
    {
        "date": "2018-09-30",
        "symbol": "XEL",
        "reportedCurrency": "USD",
        "cik": "0000072903",
        "fillingDate": "2018-10-26",
        "acceptedDate": "2018-10-26 16:31:58",
        "calendarYear": "2018",
        "period": "Q3",
        "revenue": 3048000000,
        "costOfRevenue": 1700000000,
        "grossProfit": 1348000000,
        "grossProfitRatio": 0.4422572178,
        "researchAndDevelopmentExpenses": 0,
        "generalAndAdministrativeExpenses": 0,
        "sellingAndMarketingExpenses": 0,
        "sellingGeneralAndAdministrativeExpenses": 0,
        "otherExpenses": 652000000,
        "operatingExpenses": 652000000,
        "costAndExpenses": 2352000000,
        "interestIncome": 4000000,
        "interestExpense": 165000000,
        "depreciationAndAmortization": 440000000,
        "ebitda": 1196000000,
        "ebitdaratio": 0.3923884514,
        "operatingIncome": 696000000,
        "operatingIncomeRatio": 0.2283464567,
        "totalOtherIncomeExpensesNet": -132000000,
        "incomeBeforeTax": 564000000,
        "incomeBeforeTaxRatio": 0.1850393701,
        "incomeTaxExpense": 73000000,
        "netIncome": 491000000,
        "netIncomeRatio": 0.1610892388,
        "eps": 0.96,
        "epsdiluted": 0.96,
        "weightedAverageShsOut": 510000000,
        "weightedAverageShsOutDil": 511000000,
        "link": "https://www.sec.gov/Archives/edgar/data/72903/000007290318000056/0000072903-18-000056-index.htm",
        "finalLink": "https://www.sec.gov/Archives/edgar/data/72903/000007290318000056/xcel09301810-q.htm"
    },
    {
        "date": "2018-06-30",
        "symbol": "XEL",
        "reportedCurrency": "USD",
        "cik": "0000072903",
        "fillingDate": "2018-07-27",
        "acceptedDate": "2018-07-27 15:15:19",
        "calendarYear": "2018",
        "period": "Q2",
        "revenue": 2658000000,
        "costOfRevenue": 1625000000,
        "grossProfit": 1033000000,
        "grossProfitRatio": 0.3886380737,
        "researchAndDevelopmentExpenses": 0,
        "generalAndAdministrativeExpenses": 2000000,
        "sellingAndMarketingExpenses": 0,
        "sellingGeneralAndAdministrativeExpenses": 2000000,
        "otherExpenses": 581000000,
        "operatingExpenses": 583000000,
        "costAndExpenses": 2208000000,
        "interestIncome": 3000000,
        "interestExpense": 165000000,
        "depreciationAndAmortization": 377000000,
        "ebitda": 890000000,
        "ebitdaratio": 0.3348382242,
        "operatingIncome": 450000000,
        "operatingIncomeRatio": 0.1693002257,
        "totalOtherIncomeExpensesNet": -131000000,
        "incomeBeforeTax": 319000000,
        "incomeBeforeTaxRatio": 0.1200150489,
        "incomeTaxExpense": 54000000,
        "netIncome": 265000000,
        "netIncomeRatio": 0.0996990218,
        "eps": 0.52,
        "epsdiluted": 0.52,
        "weightedAverageShsOut": 510000000,
        "weightedAverageShsOutDil": 510000000,
        "link": "https://www.sec.gov/Archives/edgar/data/72903/000007290318000042/0000072903-18-000042-index.htm",
        "finalLink": "https://www.sec.gov/Archives/edgar/data/72903/000007290318000042/xcel06301810-q.htm"
    },
    {
        "date": "2018-03-31",
        "symbol": "XEL",
        "reportedCurrency": "USD",
        "cik": "0000072903",
        "fillingDate": "2018-04-27",
        "acceptedDate": "2018-04-27 13:27:46",
        "calendarYear": "2018",
        "period": "Q1",
        "revenue": 2951000000,
        "costOfRevenue": 1872000000,
        "grossProfit": 1079000000,
        "grossProfitRatio": 0.3656387665,
        "researchAndDevelopmentExpenses": 0,
        "generalAndAdministrativeExpenses": 0,
        "sellingAndMarketingExpenses": 0,
        "sellingGeneralAndAdministrativeExpenses": 0,
        "otherExpenses": 599000000,
        "operatingExpenses": 599000000,
        "costAndExpenses": 2471000000,
        "interestIncome": 5000000,
        "interestExpense": 160000000,
        "depreciationAndAmortization": 383000000,
        "ebitda": 922000000,
        "ebitdaratio": 0.3124364622,
        "operatingIncome": 480000000,
        "operatingIncomeRatio": 0.1626567265,
        "totalOtherIncomeExpensesNet": -130000000,
        "incomeBeforeTax": 350000000,
        "incomeBeforeTaxRatio": 0.1186038631,
        "incomeTaxExpense": 59000000,
        "netIncome": 291000000,
        "netIncomeRatio": 0.0986106405,
        "eps": 0.57,
        "epsdiluted": 0.57,
        "weightedAverageShsOut": 509000000,
        "weightedAverageShsOutDil": 509000000,
        "link": "https://www.sec.gov/Archives/edgar/data/72903/000007290318000017/0000072903-18-000017-index.htm",
        "finalLink": "https://www.sec.gov/Archives/edgar/data/72903/000007290318000017/xcel03311810-q.htm"
    },
    {
        "date": "2017-12-31",
        "symbol": "XEL",
        "reportedCurrency": "USD",
        "cik": "0000072903",
        "fillingDate": "2018-02-23",
        "acceptedDate": "2018-02-23 16:43:58",
        "calendarYear": "2017",
        "period": "Q4",
        "revenue": 2795753000,
        "costOfRevenue": 1791750000,
        "grossProfit": 1004003000,
        "grossProfitRatio": 0.3591172038,
        "researchAndDevelopmentExpenses": 0,
        "generalAndAdministrativeExpenses": 451000,
        "sellingAndMarketingExpenses": 0,
        "sellingGeneralAndAdministrativeExpenses": 451000,
        "otherExpenses": 577822000,
        "operatingExpenses": 578273000,
        "costAndExpenses": 2370023000,
        "interestIncome": 7321000,
        "interestExpense": 150000000,
        "depreciationAndAmortization": 378000000,
        "ebitda": 864494000,
        "ebitdaratio": 0.3092168729,
        "operatingIncome": 426000000,
        "operatingIncomeRatio": 0.1523739758,
        "totalOtherIncomeExpensesNet": -118730000,
        "incomeBeforeTax": 307000000,
        "incomeBeforeTaxRatio": 0.1098094145,
        "incomeTaxExpense": 118000000,
        "netIncome": 189326000,
        "netIncomeRatio": 0.067719144,
        "eps": 0.37,
        "epsdiluted": 0.37,
        "weightedAverageShsOut": 509000000,
        "weightedAverageShsOutDil": 509000000,
        "link": "https://www.sec.gov/Archives/edgar/data/72903/000007290318000009/0000072903-18-000009-index.htm",
        "finalLink": "https://www.sec.gov/Archives/edgar/data/72903/000007290318000009/xcel1231201710-k.htm"
    },
    {
        "date": "2017-09-30",
        "symbol": "XEL",
        "reportedCurrency": "USD",
        "cik": "0000072903",
        "fillingDate": "2017-10-27",
        "acceptedDate": "2017-10-27 15:06:10",
        "calendarYear": "2017",
        "period": "Q3",
        "revenue": 3017000000,
        "costOfRevenue": 1614000000,
        "grossProfit": 1403000000,
        "grossProfitRatio": 0.4650314882,
        "researchAndDevelopmentExpenses": 0,
        "generalAndAdministrativeExpenses": 528000,
        "sellingAndMarketingExpenses": 0,
        "sellingGeneralAndAdministrativeExpenses": 1000000,
        "otherExpenses": 578000000,
        "operatingExpenses": 579000000,
        "costAndExpenses": 2193000000,
        "interestIncome": 6000000,
        "interestExpense": 159000000,
        "depreciationAndAmortization": 371091000,
        "ebitda": 1253000000,
        "ebitdaratio": 0.4153132251,
        "operatingIncome": 818359000,
        "operatingIncomeRatio": 0.2712492542,
        "totalOtherIncomeExpensesNet": -127000000,
        "incomeBeforeTax": 696932000,
        "incomeBeforeTaxRatio": 0.2310016573,
        "incomeTaxExpense": 204791000,
        "netIncome": 492000000,
        "netIncomeRatio": 0.1630759032,
        "eps": 0.97,
        "epsdiluted": 0.97,
        "weightedAverageShsOut": 508581000,
        "weightedAverageShsOutDil": 509242000,
        "link": "https://www.sec.gov/Archives/edgar/data/72903/000007290317000064/0000072903-17-000064-index.htm",
        "finalLink": "https://www.sec.gov/Archives/edgar/data/72903/000007290317000064/xcel09301710-q.htm"
    },
    {
        "date": "2017-06-30",
        "symbol": "XEL",
        "reportedCurrency": "USD",
        "cik": "0000072903",
        "fillingDate": "2017-07-28",
        "acceptedDate": "2017-07-28 15:13:23",
        "calendarYear": "2017",
        "period": "Q2",
        "revenue": 2645000000,
        "costOfRevenue": 1613000000,
        "grossProfit": 1032000000,
        "grossProfitRatio": 0.3901701323,
        "researchAndDevelopmentExpenses": 0,
        "generalAndAdministrativeExpenses": 1022000,
        "sellingAndMarketingExpenses": 0,
        "sellingGeneralAndAdministrativeExpenses": 1000000,
        "otherExpenses": 565000000,
        "operatingExpenses": 566000000,
        "costAndExpenses": 2179000000,
        "interestIncome": 2000000,
        "interestExpense": 158000000,
        "depreciationAndAmortization": 365720000,
        "ebitda": 875000000,
        "ebitdaratio": 0.3308128544,
        "operatingIncome": 459692000,
        "operatingIncomeRatio": 0.1737965974,
        "totalOtherIncomeExpensesNet": -136355000,
        "incomeBeforeTax": 329645000,
        "incomeBeforeTaxRatio": 0.1246294896,
        "incomeTaxExpense": 102389000,
        "netIncome": 227000000,
        "netIncomeRatio": 0.0858223062,
        "eps": 0.45,
        "epsdiluted": 0.45,
        "weightedAverageShsOut": 508542000,
        "weightedAverageShsOutDil": 509135000,
        "link": "https://www.sec.gov/Archives/edgar/data/72903/000007290317000043/0000072903-17-000043-index.htm",
        "finalLink": "https://www.sec.gov/Archives/edgar/data/72903/000007290317000043/xcel06301710-q.htm"
    },
    {
        "date": "2017-03-31",
        "symbol": "XEL",
        "reportedCurrency": "USD",
        "cik": "0000072903",
        "fillingDate": "2017-04-28",
        "acceptedDate": "2017-04-28 15:59:14",
        "calendarYear": "2017",
        "period": "Q1",
        "revenue": 2946000000,
        "costOfRevenue": 1879000000,
        "grossProfit": 1067000000,
        "grossProfitRatio": 0.3621860149,
        "researchAndDevelopmentExpenses": 0,
        "generalAndAdministrativeExpenses": 999000,
        "sellingAndMarketingExpenses": 0,
        "sellingGeneralAndAdministrativeExpenses": 1000000,
        "otherExpenses": 574000000,
        "operatingExpenses": 575000000,
        "costAndExpenses": 2454000000,
        "interestIncome": 3800000,
        "interestExpense": 157553000,
        "depreciationAndAmortization": 365204000,
        "ebitda": 909000000,
        "ebitdaratio": 0.3085539715,
        "operatingIncome": 486219000,
        "operatingIncomeRatio": 0.1650437882,
        "totalOtherIncomeExpensesNet": -136059000,
        "incomeBeforeTax": 355941000,
        "incomeBeforeTaxRatio": 0.1208217923,
        "incomeTaxExpense": 116664000,
        "netIncome": 239000000,
        "netIncomeRatio": 0.0811269518,
        "eps": 0.47,
        "epsdiluted": 0.47,
        "weightedAverageShsOut": 508278000,
        "weightedAverageShsOutDil": 508774000,
        "link": "https://www.sec.gov/Archives/edgar/data/72903/000007290317000017/0000072903-17-000017-index.htm",
        "finalLink": "https://www.sec.gov/Archives/edgar/data/72903/000007290317000017/xcel3311710-q.htm"
    },
    {
        "date": "2016-12-31",
        "symbol": "XEL",
        "reportedCurrency": "USD",
        "cik": "0000072903",
        "fillingDate": "2017-02-24",
        "acceptedDate": "2017-02-24 14:47:24",
        "calendarYear": "2016",
        "period": "Q4",
        "revenue": 2794651000,
        "costOfRevenue": 1798548000,
        "grossProfit": 996103000,
        "grossProfitRatio": 0.3564319838,
        "researchAndDevelopmentExpenses": 0,
        "generalAndAdministrativeExpenses": 805000,
        "sellingAndMarketingExpenses": 0,
        "sellingGeneralAndAdministrativeExpenses": 805000,
        "otherExpenses": 529948000,
        "operatingExpenses": 530753000,
        "costAndExpenses": 2329301000,
        "interestIncome": 1903000,
        "interestExpense": 153416000,
        "depreciationAndAmortization": 332146000,
        "ebitda": 849473000,
        "ebitdaratio": 0.3039638939,
        "operatingIncome": 465350000,
        "operatingIncomeRatio": 0.1665145308,
        "totalOtherIncomeExpensesNet": -128115000,
        "incomeBeforeTax": 337235000,
        "incomeBeforeTaxRatio": 0.1206715973,
        "incomeTaxExpense": 109758000,
        "netIncome": 227477000,
        "netIncomeRatio": 0.0813972836,
        "eps": 0.45,
        "epsdiluted": 0.45,
        "weightedAverageShsOut": 508656000,
        "weightedAverageShsOutDil": 509421000,
        "link": "https://www.sec.gov/Archives/edgar/data/72903/000007290317000008/0000072903-17-000008-index.htm",
        "finalLink": "https://www.sec.gov/Archives/edgar/data/72903/000007290317000008/xcel1231201610-k.htm"
    },
    {
        "date": "2016-09-30",
        "symbol": "XEL",
        "reportedCurrency": "USD",
        "cik": "0000072903",
        "fillingDate": "2016-10-28",
        "acceptedDate": "2016-10-28 15:09:18",
        "calendarYear": "2016",
        "period": "Q3",
        "revenue": 3040147000,
        "costOfRevenue": 1703486000,
        "grossProfit": 1336661000,
        "grossProfitRatio": 0.4396698581,
        "researchAndDevelopmentExpenses": 0,
        "generalAndAdministrativeExpenses": 1148000,
        "sellingAndMarketingExpenses": 0,
        "sellingGeneralAndAdministrativeExpenses": 1148000,
        "otherExpenses": 508459000,
        "operatingExpenses": 509607000,
        "costAndExpenses": 2213093000,
        "interestIncome": 1385000,
        "interestExpense": 156823000,
        "depreciationAndAmortization": 328503000,
        "ebitda": 1212026000,
        "ebitdaratio": 0.3986734852,
        "operatingIncome": 827054000,
        "operatingIncomeRatio": 0.2720440821,
        "totalOtherIncomeExpensesNet": -130847000,
        "incomeBeforeTax": 696207000,
        "incomeBeforeTaxRatio": 0.229004387,
        "incomeTaxExpense": 238412000,
        "netIncome": 457795000,
        "netIncomeRatio": 0.150583179,
        "eps": 0.9,
        "epsdiluted": 0.9,
        "weightedAverageShsOut": 508941000,
        "weightedAverageShsOutDil": 509566000,
        "link": "https://www.sec.gov/Archives/edgar/data/72903/000007290316000171/0000072903-16-000171-index.htm",
        "finalLink": "https://www.sec.gov/Archives/edgar/data/72903/000007290316000171/xcel9301610-q.htm"
    },
    {
        "date": "2016-06-30",
        "symbol": "XEL",
        "reportedCurrency": "USD",
        "cik": "0000072903",
        "fillingDate": "2016-08-04",
        "acceptedDate": "2016-08-04 15:57:20",
        "calendarYear": "2016",
        "period": "Q2",
        "revenue": 2499849000,
        "costOfRevenue": 1551349000,
        "grossProfit": 948500000,
        "grossProfitRatio": 0.3794229171,
        "researchAndDevelopmentExpenses": 0,
        "generalAndAdministrativeExpenses": 920000,
        "sellingAndMarketingExpenses": 0,
        "sellingGeneralAndAdministrativeExpenses": 920000,
        "otherExpenses": 515999000,
        "operatingExpenses": 516919000,
        "costAndExpenses": 2068268000,
        "interestIncome": 984000,
        "interestExpense": 149666000,
        "depreciationAndAmortization": 322534000,
        "ebitda": 809950000,
        "ebitdaratio": 0.3239995696,
        "operatingIncome": 431581000,
        "operatingIncomeRatio": 0.1726428276,
        "totalOtherIncomeExpensesNet": -130389000,
        "incomeBeforeTax": 301192000,
        "incomeBeforeTaxRatio": 0.1204840772,
        "incomeTaxExpense": 104397000,
        "netIncome": 196795000,
        "netIncomeRatio": 0.0787227549,
        "eps": 0.39,
        "epsdiluted": 0.39,
        "weightedAverageShsOut": 508930000,
        "weightedAverageShsOutDil": 509490000,
        "link": "https://www.sec.gov/Archives/edgar/data/72903/000007290316000157/0000072903-16-000157-index.htm",
        "finalLink": "https://www.sec.gov/Archives/edgar/data/72903/000007290316000157/xcel6301610-q.htm"
    },
    {
        "date": "2016-03-31",
        "symbol": "XEL",
        "reportedCurrency": "USD",
        "cik": "0000072903",
        "fillingDate": "2016-05-10",
        "acceptedDate": "2016-05-10 16:19:49",
        "calendarYear": "2016",
        "period": "Q1",
        "revenue": 2772273000,
        "costOfRevenue": 1759624000,
        "grossProfit": 1012649000,
        "grossProfitRatio": 0.3652775178,
        "researchAndDevelopmentExpenses": 0,
        "generalAndAdministrativeExpenses": 500000,
        "sellingAndMarketingExpenses": 0,
        "sellingGeneralAndAdministrativeExpenses": 500000,
        "otherExpenses": 522279000,
        "operatingExpenses": 522779000,
        "costAndExpenses": 2282403000,
        "interestIncome": 4070000,
        "interestExpense": 144117000,
        "depreciationAndAmortization": 320020000,
        "ebitda": 863590000,
        "ebitdaratio": 0.3115097251,
        "operatingIncome": 489870000,
        "operatingIncomeRatio": 0.1767033766,
        "totalOtherIncomeExpensesNet": -119908000,
        "incomeBeforeTax": 369962000,
        "incomeBeforeTaxRatio": 0.1334507821,
        "incomeTaxExpense": 128650000,
        "netIncome": 241312000,
        "netIncomeRatio": 0.0870448185,
        "eps": 0.47,
        "epsdiluted": 0.47,
        "weightedAverageShsOut": 508667000,
        "weightedAverageShsOutDil": 509150000,
        "link": "https://www.sec.gov/Archives/edgar/data/72903/000007290316000136/0000072903-16-000136-index.htm",
        "finalLink": "https://www.sec.gov/Archives/edgar/data/72903/000007290316000136/xcel3311610-q.htm"
    },
    {
        "date": "2015-12-31",
        "symbol": "XEL",
        "reportedCurrency": "USD",
        "cik": "0000072903",
        "fillingDate": "2016-02-19",
        "acceptedDate": "2016-02-19 15:17:33",
        "calendarYear": "2015",
        "period": "Q4",
        "revenue": 2645821000,
        "costOfRevenue": 1726452000,
        "grossProfit": 919369000,
        "grossProfitRatio": 0.347479667,
        "researchAndDevelopmentExpenses": 0,
        "generalAndAdministrativeExpenses": 2273000,
        "sellingAndMarketingExpenses": 0,
        "sellingGeneralAndAdministrativeExpenses": 2273000,
        "otherExpenses": 476086000,
        "operatingExpenses": 478359000,
        "costAndExpenses": 2204811000,
        "interestIncome": 798000,
        "interestExpense": 140289000,
        "depreciationAndAmortization": 296703000,
        "ebitda": 784947000,
        "ebitdaratio": 0.2966742648,
        "operatingIncome": 441010000,
        "operatingIncomeRatio": 0.1666817219,
        "totalOtherIncomeExpensesNet": -121756000,
        "incomeBeforeTax": 319254000,
        "incomeBeforeTaxRatio": 0.1206634916,
        "incomeTaxExpense": 110229000,
        "netIncome": 209025000,
        "netIncomeRatio": 0.0790019431,
        "eps": 0.41,
        "epsdiluted": 0.41,
        "weightedAverageShsOut": 508312000,
        "weightedAverageShsOutDil": 508738000,
        "link": "https://www.sec.gov/Archives/edgar/data/72903/000007290316000123/0000072903-16-000123-index.htm",
        "finalLink": "https://www.sec.gov/Archives/edgar/data/72903/000007290316000123/xcel1231201510-k.htm"
    },
    {
        "date": "2015-09-30",
        "symbol": "XEL",
        "reportedCurrency": "USD",
        "cik": "0000072903",
        "fillingDate": "2015-10-30",
        "acceptedDate": "2015-10-30 15:53:33",
        "calendarYear": "2015",
        "period": "Q3",
        "revenue": 2901312000,
        "costOfRevenue": 1654984000,
        "grossProfit": 1246328000,
        "grossProfitRatio": 0.4295739307,
        "researchAndDevelopmentExpenses": 0,
        "generalAndAdministrativeExpenses": -689000,
        "sellingAndMarketingExpenses": 0,
        "sellingGeneralAndAdministrativeExpenses": -689000,
        "otherExpenses": 461205000,
        "operatingExpenses": 460516000,
        "costAndExpenses": 2115500000,
        "interestIncome": 312000,
        "interestExpense": 139275000,
        "depreciationAndAmortization": 280121000,
        "ebitda": 1122880000,
        "ebitdaratio": 0.3870249046,
        "operatingIncome": 785812000,
        "operatingIncomeRatio": 0.2708471202,
        "totalOtherIncomeExpensesNet": -120320000,
        "incomeBeforeTax": 665492000,
        "incomeBeforeTaxRatio": 0.229376227,
        "incomeTaxExpense": 239029000,
        "netIncome": 426463000,
        "netIncomeRatio": 0.1469897067,
        "eps": 0.84,
        "epsdiluted": 0.84,
        "weightedAverageShsOut": 508031000,
        "weightedAverageShsOutDil": 508427000,
        "link": "https://www.sec.gov/Archives/edgar/data/72903/000007290315000098/0000072903-15-000098-index.htm",
        "finalLink": "https://www.sec.gov/Archives/edgar/data/72903/000007290315000098/xcel9301510-q.htm"
    },
    {
        "date": "2015-06-30",
        "symbol": "XEL",
        "reportedCurrency": "USD",
        "cik": "0000072903",
        "fillingDate": "2015-07-31",
        "acceptedDate": "2015-07-31 15:11:48",
        "calendarYear": "2015",
        "period": "Q2",
        "revenue": 2515134000,
        "costOfRevenue": 1633815000,
        "grossProfit": 881319000,
        "grossProfitRatio": 0.3504063799,
        "researchAndDevelopmentExpenses": 0,
        "generalAndAdministrativeExpenses": 222000,
        "sellingAndMarketingExpenses": 0,
        "sellingGeneralAndAdministrativeExpenses": 222000,
        "otherExpenses": 458252000,
        "operatingExpenses": 458474000,
        "costAndExpenses": 2092289000,
        "interestIncome": 389000,
        "interestExpense": 132196000,
        "depreciationAndAmortization": 274602000,
        "ebitda": 739029000,
        "ebitdaratio": 0.2938328534,
        "operatingIncome": 422845000,
        "operatingIncomeRatio": 0.1681202672,
        "totalOtherIncomeExpensesNet": -116033000,
        "incomeBeforeTax": 306812000,
        "incomeBeforeTaxRatio": 0.1219863435,
        "incomeTaxExpense": 109881000,
        "netIncome": 196931000,
        "netIncomeRatio": 0.0782984127,
        "eps": 0.39,
        "epsdiluted": 0.39,
        "weightedAverageShsOut": 507707000,
        "weightedAverageShsOutDil": 508074000,
        "link": "https://www.sec.gov/Archives/edgar/data/72903/000007290315000071/0000072903-15-000071-index.htm",
        "finalLink": "https://www.sec.gov/Archives/edgar/data/72903/000007290315000071/xcel6301510-q.htm"
    },
    {
        "date": "2015-03-31",
        "symbol": "XEL",
        "reportedCurrency": "USD",
        "cik": "0000072903",
        "fillingDate": "2015-05-01",
        "acceptedDate": "2015-05-01 15:04:53",
        "calendarYear": "2015",
        "period": "Q1",
        "revenue": 2962219000,
        "costOfRevenue": 2018382000,
        "grossProfit": 943837000,
        "grossProfitRatio": 0.3186249903,
        "researchAndDevelopmentExpenses": 0,
        "generalAndAdministrativeExpenses": 2045000,
        "sellingAndMarketingExpenses": 0,
        "sellingGeneralAndAdministrativeExpenses": 2045000,
        "otherExpenses": 590947000,
        "operatingExpenses": 592992000,
        "costAndExpenses": 2611374000,
        "interestIncome": 4238000,
        "interestExpense": 133098000,
        "depreciationAndAmortization": 273098000,
        "ebitda": 674597000,
        "ebitdaratio": 0.2277336686,
        "operatingIncome": 350845000,
        "operatingIncomeRatio": 0.1184399263,
        "totalOtherIncomeExpensesNet": -115199000,
        "incomeBeforeTax": 235646000,
        "incomeBeforeTaxRatio": 0.0795504991,
        "incomeTaxExpense": 83580000,
        "netIncome": 152066000,
        "netIncomeRatio": 0.0513351646,
        "eps": 0.3,
        "epsdiluted": 0.3,
        "weightedAverageShsOut": 506983000,
        "weightedAverageShsOutDil": 507393000,
        "link": "https://www.sec.gov/Archives/edgar/data/72903/000007290315000028/0000072903-15-000028-index.htm",
        "finalLink": "https://www.sec.gov/Archives/edgar/data/72903/000007290315000028/xcel3311510-q.htm"
    },
    {
        "date": "2014-12-31",
        "symbol": "XEL",
        "reportedCurrency": "USD",
        "cik": "0000072903",
        "fillingDate": "2015-02-20",
        "acceptedDate": "2015-02-20 16:02:27",
        "calendarYear": "2014",
        "period": "Q4",
        "revenue": 2928628000,
        "costOfRevenue": 2089860000,
        "grossProfit": 838768000,
        "grossProfitRatio": 0.2864030529,
        "researchAndDevelopmentExpenses": 0,
        "generalAndAdministrativeExpenses": 2260000,
        "sellingAndMarketingExpenses": 0,
        "sellingGeneralAndAdministrativeExpenses": 2260000,
        "otherExpenses": 445258000,
        "operatingExpenses": 447518000,
        "costAndExpenses": 2537378000,
        "interestIncome": 1029000,
        "interestExpense": 130260000,
        "depreciationAndAmortization": 262400000,
        "ebitda": 703489000,
        "ebitdaratio": 0.2402111159,
        "operatingIncome": 391250000,
        "operatingIncomeRatio": 0.1335949803,
        "totalOtherIncomeExpensesNet": -107094000,
        "incomeBeforeTax": 284156000,
        "incomeBeforeTaxRatio": 0.0970270038,
        "incomeTaxExpense": 87817000,
        "netIncome": 196339000,
        "netIncomeRatio": 0.0670412903,
        "eps": 0.39,
        "epsdiluted": 0.39,
        "weightedAverageShsOut": 506411000,
        "weightedAverageShsOutDil": 506799000,
        "link": "https://www.sec.gov/Archives/edgar/data/72903/000007290315000011/0000072903-15-000011-index.htm",
        "finalLink": "https://www.sec.gov/Archives/edgar/data/72903/000007290315000011/xcel1231201410-k.htm"
    },
    {
        "date": "2014-09-30",
        "symbol": "XEL",
        "reportedCurrency": "USD",
        "cik": "0000072903",
        "fillingDate": "2014-10-31",
        "acceptedDate": "2014-10-31 16:05:02",
        "calendarYear": "2014",
        "period": "Q3",
        "revenue": 2869807000,
        "costOfRevenue": 1755602000,
        "grossProfit": 1114205000,
        "grossProfitRatio": 0.3882508475,
        "researchAndDevelopmentExpenses": 0,
        "generalAndAdministrativeExpenses": 417000,
        "sellingAndMarketingExpenses": 0,
        "sellingGeneralAndAdministrativeExpenses": 417000,
        "otherExpenses": 448108000,
        "operatingExpenses": 448525000,
        "costAndExpenses": 2204127000,
        "interestIncome": 1139000,
        "interestExpense": 127534000,
        "depreciationAndAmortization": 255395000,
        "ebitda": 983689000,
        "ebitdaratio": 0.342771831,
        "operatingIncome": 665680000,
        "operatingIncomeRatio": 0.2319598496,
        "totalOtherIncomeExpensesNet": -101129000,
        "incomeBeforeTax": 564551000,
        "incomeBeforeTaxRatio": 0.1967208945,
        "incomeTaxExpense": 195969000,
        "netIncome": 368582000,
        "netIncomeRatio": 0.1284344209,
        "eps": 0.73,
        "epsdiluted": 0.73,
        "weightedAverageShsOut": 506082000,
        "weightedAverageShsOutDil": 506365000,
        "link": "https://www.sec.gov/Archives/edgar/data/72903/000007290314000085/0000072903-14-000085-index.htm",
        "finalLink": "https://www.sec.gov/Archives/edgar/data/72903/000007290314000085/xcel9301410-q.htm"
    },
    {
        "date": "2014-06-30",
        "symbol": "XEL",
        "reportedCurrency": "USD",
        "cik": "0000072903",
        "fillingDate": "2014-08-01",
        "acceptedDate": "2014-08-01 16:11:05",
        "calendarYear": "2014",
        "period": "Q2",
        "revenue": 2685096000,
        "costOfRevenue": 1845469000,
        "grossProfit": 839627000,
        "grossProfitRatio": 0.3126990618,
        "researchAndDevelopmentExpenses": 0,
        "generalAndAdministrativeExpenses": 2438000,
        "sellingAndMarketingExpenses": 0,
        "sellingGeneralAndAdministrativeExpenses": 2438000,
        "otherExpenses": 439981000,
        "operatingExpenses": 442419000,
        "costAndExpenses": 2287888000,
        "interestIncome": 1292000,
        "interestExpense": 123673000,
        "depreciationAndAmortization": 255307000,
        "ebitda": 714270000,
        "ebitdaratio": 0.2660128353,
        "operatingIncome": 397208000,
        "operatingIncomeRatio": 0.1479306513,
        "totalOtherIncomeExpensesNet": -97786000,
        "incomeBeforeTax": 299422000,
        "incomeBeforeTaxRatio": 0.1115125865,
        "incomeTaxExpense": 104258000,
        "netIncome": 195164000,
        "netIncomeRatio": 0.0726841796,
        "eps": 0.39,
        "epsdiluted": 0.39,
        "weightedAverageShsOut": 503272000,
        "weightedAverageShsOutDil": 503456000,
        "link": "https://www.sec.gov/Archives/edgar/data/72903/000007290314000061/0000072903-14-000061-index.htm",
        "finalLink": "https://www.sec.gov/Archives/edgar/data/72903/000007290314000061/xcel6301410-q.htm"
    },
    {
        "date": "2014-03-31",
        "symbol": "XEL",
        "reportedCurrency": "USD",
        "cik": "0000072903",
        "fillingDate": "2014-05-02",
        "acceptedDate": "2014-05-02 15:34:23",
        "calendarYear": "2014",
        "period": "Q1",
        "revenue": 3202604000,
        "costOfRevenue": 2260421000,
        "grossProfit": 942183000,
        "grossProfitRatio": 0.2941927881,
        "researchAndDevelopmentExpenses": 0,
        "generalAndAdministrativeExpenses": 1808000,
        "sellingAndMarketingExpenses": 0,
        "sellingGeneralAndAdministrativeExpenses": 1808000,
        "otherExpenses": 446383000,
        "operatingExpenses": 448191000,
        "costAndExpenses": 2708612000,
        "interestIncome": 3893000,
        "interestExpense": 123754000,
        "depreciationAndAmortization": 245943000,
        "ebitda": 799951000,
        "ebitdaratio": 0.2497814279,
        "operatingIncome": 493992000,
        "operatingIncomeRatio": 0.1542469815,
        "totalOtherIncomeExpensesNet": -97000000,
        "incomeBeforeTax": 396992000,
        "incomeBeforeTaxRatio": 0.1239591283,
        "incomeTaxExpense": 135771000,
        "netIncome": 261221000,
        "netIncomeRatio": 0.0815651888,
        "eps": 0.52,
        "epsdiluted": 0.52,
        "weightedAverageShsOut": 499523000,
        "weightedAverageShsOutDil": 499746000,
        "link": "https://www.sec.gov/Archives/edgar/data/72903/000007290314000027/0000072903-14-000027-index.htm",
        "finalLink": "https://www.sec.gov/Archives/edgar/data/72903/000007290314000027/xcel3311410-q.htm"
    },
    {
        "date": "2013-12-31",
        "symbol": "XEL",
        "reportedCurrency": "USD",
        "cik": "0000072903",
        "fillingDate": "2014-02-21",
        "acceptedDate": "2014-02-21 16:07:31",
        "calendarYear": "2013",
        "period": "Q4",
        "revenue": 2730822000,
        "costOfRevenue": 1980335000,
        "grossProfit": 750487000,
        "grossProfitRatio": 0.2748209147,
        "researchAndDevelopmentExpenses": 0,
        "generalAndAdministrativeExpenses": 2360000,
        "sellingAndMarketingExpenses": 0,
        "sellingGeneralAndAdministrativeExpenses": 2360000,
        "otherExpenses": 422545000,
        "operatingExpenses": 424905000,
        "costAndExpenses": 2405240000,
        "interestIncome": 728000,
        "interestExpense": 127368000,
        "depreciationAndAmortization": 256732000,
        "ebitda": 633585000,
        "ebitdaratio": 0.2320125589,
        "operatingIncome": 325582000,
        "operatingIncomeRatio": 0.1192249074,
        "totalOtherIncomeExpensesNet": -102054000,
        "incomeBeforeTax": 223355000,
        "incomeBeforeTaxRatio": 0.0817903913,
        "incomeTaxExpense": 73300000,
        "netIncome": 150055000,
        "netIncomeRatio": 0.0549486565,
        "eps": 0.3,
        "epsdiluted": 0.3,
        "weightedAverageShsOut": 498499000,
        "weightedAverageShsOutDil": 498802000,
        "link": "https://www.sec.gov/Archives/edgar/data/72903/000007290314000009/0000072903-14-000009-index.htm",
        "finalLink": "https://www.sec.gov/Archives/edgar/data/72903/000007290314000009/xcel1231201310-k.htm"
    },
    {
        "date": "2013-09-30",
        "symbol": "XEL",
        "reportedCurrency": "USD",
        "cik": "0000072903",
        "fillingDate": "2013-10-25",
        "acceptedDate": "2013-10-25 15:40:50",
        "calendarYear": "2013",
        "period": "Q3",
        "revenue": 2822338000,
        "costOfRevenue": 1755636000,
        "grossProfit": 1066702000,
        "grossProfitRatio": 0.3779497707,
        "researchAndDevelopmentExpenses": 0,
        "generalAndAdministrativeExpenses": 2386000,
        "sellingAndMarketingExpenses": 0,
        "sellingGeneralAndAdministrativeExpenses": 2386000,
        "otherExpenses": 399203000,
        "operatingExpenses": 401589000,
        "costAndExpenses": 2157225000,
        "interestIncome": 1304000,
        "interestExpense": 129361000,
        "depreciationAndAmortization": 228491000,
        "ebitda": 947173000,
        "ebitdaratio": 0.3355987128,
        "operatingIncome": 665113000,
        "operatingIncomeRatio": 0.235660293,
        "totalOtherIncomeExpensesNet": -107012000,
        "incomeBeforeTax": 557885000,
        "incomeBeforeTaxRatio": 0.1976676784,
        "incomeTaxExpense": 193349000,
        "netIncome": 364752000,
        "netIncomeRatio": 0.1292375329,
        "eps": 0.73,
        "epsdiluted": 0.73,
        "weightedAverageShsOut": 498149000,
        "weightedAverageShsOutDil": 498641000,
        "link": "https://www.sec.gov/Archives/edgar/data/72903/000007290313000009/0000072903-13-000009-index.htm",
        "finalLink": "https://www.sec.gov/Archives/edgar/data/72903/000007290313000009/xcel9301310-q.htm"
    },
    {
        "date": "2013-06-30",
        "symbol": "XEL",
        "reportedCurrency": "USD",
        "cik": "0000072903",
        "fillingDate": "2013-08-02",
        "acceptedDate": "2013-08-02 15:12:53",
        "calendarYear": "2013",
        "period": "Q2",
        "revenue": 2578913000,
        "costOfRevenue": 1770247000,
        "grossProfit": 808666000,
        "grossProfitRatio": 0.3135685461,
        "researchAndDevelopmentExpenses": 0,
        "generalAndAdministrativeExpenses": 1407000,
        "sellingAndMarketingExpenses": 0,
        "sellingGeneralAndAdministrativeExpenses": 1407000,
        "otherExpenses": 405023000,
        "operatingExpenses": 406430000,
        "costAndExpenses": 2176677000,
        "interestIncome": 1505000,
        "interestExpense": 124283000,
        "depreciationAndAmortization": 243934000,
        "ebitda": 696675000,
        "ebitdaratio": 0.2701428858,
        "operatingIncome": 402236000,
        "operatingIncomeRatio": 0.1559711398,
        "totalOtherIncomeExpensesNet": -106486000,
        "incomeBeforeTax": 295775000,
        "incomeBeforeTaxRatio": 0.1146897937,
        "incomeTaxExpense": 98893000,
        "netIncome": 196857000,
        "netIncomeRatio": 0.0763333234,
        "eps": 0.4,
        "epsdiluted": 0.4,
        "weightedAverageShsOut": 497747000,
        "weightedAverageShsOutDil": 498036000,
        "link": "https://www.sec.gov/Archives/edgar/data/72903/000144530513001831/0001445305-13-001831-index.htm",
        "finalLink": "https://www.sec.gov/Archives/edgar/data/72903/000144530513001831/xcel6301310-q.htm"
    },
    {
        "date": "2013-03-31",
        "symbol": "XEL",
        "reportedCurrency": "USD",
        "cik": "0000072903",
        "fillingDate": "2013-05-03",
        "acceptedDate": "2013-05-03 16:11:18",
        "calendarYear": "2013",
        "period": "Q1",
        "revenue": 2782849000,
        "costOfRevenue": 1902060000,
        "grossProfit": 880789000,
        "grossProfitRatio": 0.3165062136,
        "researchAndDevelopmentExpenses": 0,
        "generalAndAdministrativeExpenses": 2139000,
        "sellingAndMarketingExpenses": 0,
        "sellingGeneralAndAdministrativeExpenses": 2139000,
        "otherExpenses": 424026000,
        "operatingExpenses": 426165000,
        "costAndExpenses": 2328225000,
        "interestIncome": 4806000,
        "interestExpense": 125046000,
        "depreciationAndAmortization": 248706000,
        "ebitda": 760594000,
        "ebitdaratio": 0.2733148654,
        "operatingIncome": 454624000,
        "operatingIncomeRatio": 0.1633663918,
        "totalOtherIncomeExpensesNet": -99620000,
        "incomeBeforeTax": 355022000,
        "incomeBeforeTaxRatio": 0.127575014,
        "incomeTaxExpense": 118434000,
        "netIncome": 236570000,
        "netIncomeRatio": 0.0850100023,
        "eps": 0.48,
        "epsdiluted": 0.48,
        "weightedAverageShsOut": 489781000,
        "weightedAverageShsOutDil": 490531000,
        "link": "https://www.sec.gov/Archives/edgar/data/72903/000114036113018699/0001140361-13-018699-index.htm",
        "finalLink": "https://www.sec.gov/Archives/edgar/data/72903/000114036113018699/form10q.htm"
    },
    {
        "date": "2012-12-31",
        "symbol": "XEL",
        "reportedCurrency": "USD",
        "cik": "0000072903",
        "fillingDate": "2013-02-22",
        "acceptedDate": "2013-02-22 16:14:24",
        "calendarYear": "2012",
        "period": "Q4",
        "revenue": 2551135000,
        "costOfRevenue": 3406910000,
        "grossProfit": -855775000,
        "grossProfitRatio": -0.3354487316,
        "researchAndDevelopmentExpenses": 0,
        "generalAndAdministrativeExpenses": 0,
        "sellingAndMarketingExpenses": 0,
        "sellingGeneralAndAdministrativeExpenses": -183877000,
        "otherExpenses": -988295000,
        "operatingExpenses": -1172172000,
        "costAndExpenses": 2234738000,
        "interestIncome": 2004000,
        "interestExpense": 127565000,
        "depreciationAndAmortization": 231689000,
        "ebitda": 579241000,
        "ebitdaratio": 0.2270522728,
        "operatingIncome": 316397000,
        "operatingIncomeRatio": 0.1240220529,
        "totalOtherIncomeExpensesNet": -106147000,
        "incomeBeforeTax": 210250000,
        "incomeBeforeTaxRatio": 0.0824142979,
        "incomeTaxExpense": 70042000,
        "netIncome": 140170000,
        "netIncomeRatio": 0.0549441719,
        "eps": 0.29,
        "epsdiluted": 0.29,
        "weightedAverageShsOut": 488428000,
        "weightedAverageShsOutDil": 489136000,
        "link": "https://www.sec.gov/Archives/edgar/data/72903/000114036113008903/0001140361-13-008903-index.htm",
        "finalLink": "https://www.sec.gov/Archives/edgar/data/72903/000114036113008903/form10k.htm"
    },
    {
        "date": "2012-09-30",
        "symbol": "XEL",
        "reportedCurrency": "USD",
        "cik": "0000072903",
        "fillingDate": "2012-10-26",
        "acceptedDate": "2012-10-26 16:15:36",
        "calendarYear": "2012",
        "period": "Q3",
        "revenue": 2724341000,
        "costOfRevenue": 1595300000,
        "grossProfit": 1129041000,
        "grossProfitRatio": 0.4144271954,
        "researchAndDevelopmentExpenses": 0,
        "generalAndAdministrativeExpenses": 2042000,
        "sellingAndMarketingExpenses": 66878000,
        "sellingGeneralAndAdministrativeExpenses": 2042000,
        "otherExpenses": 406565000,
        "operatingExpenses": 408607000,
        "costAndExpenses": 2003907000,
        "interestIncome": 1820000,
        "interestExpense": 143280000,
        "depreciationAndAmortization": 239051000,
        "ebitda": 1011181000,
        "ebitdaratio": 0.3711653571,
        "operatingIncome": 720434000,
        "operatingIncomeRatio": 0.2644434012,
        "totalOtherIncomeExpensesNet": -119442000,
        "incomeBeforeTax": 600992000,
        "incomeBeforeTaxRatio": 0.2206008719,
        "incomeTaxExpense": 202845000,
        "netIncome": 398106000,
        "netIncomeRatio": 0.1461292841,
        "eps": 0.82,
        "epsdiluted": 0.81,
        "weightedAverageShsOut": 488084000,
        "weightedAverageShsOutDil": 488578000,
        "link": "https://www.sec.gov/Archives/edgar/data/72903/000114036112044778/0001140361-12-044778-index.htm",
        "finalLink": "https://www.sec.gov/Archives/edgar/data/72903/000114036112044778/form10q.htm"
    },
    {
        "date": "2012-06-30",
        "symbol": "XEL",
        "reportedCurrency": "USD",
        "cik": "0000072903",
        "fillingDate": "2012-08-03",
        "acceptedDate": "2012-08-03 15:41:35",
        "calendarYear": "2012",
        "period": "Q2",
        "revenue": 2274668000,
        "costOfRevenue": 1484090000,
        "grossProfit": 790578000,
        "grossProfitRatio": 0.3475575337,
        "researchAndDevelopmentExpenses": 0,
        "generalAndAdministrativeExpenses": 1061000,
        "sellingAndMarketingExpenses": 57554000,
        "sellingGeneralAndAdministrativeExpenses": 1061000,
        "otherExpenses": 383827000,
        "operatingExpenses": 384888000,
        "costAndExpenses": 1868978000,
        "interestIncome": 881000,
        "interestExpense": 151921000,
        "depreciationAndAmortization": 226641000,
        "ebitda": 677863000,
        "ebitdaratio": 0.2980052474,
        "operatingIncome": 405690000,
        "operatingIncomeRatio": 0.1783513023,
        "totalOtherIncomeExpensesNet": -120814000,
        "incomeBeforeTax": 284876000,
        "incomeBeforeTaxRatio": 0.1252384963,
        "incomeTaxExpense": 101801000,
        "netIncome": 183060000,
        "netIncomeRatio": 0.0804776785,
        "eps": 0.38,
        "epsdiluted": 0.38,
        "weightedAverageShsOut": 487717000,
        "weightedAverageShsOutDil": 488017000,
        "link": "https://www.sec.gov/Archives/edgar/data/72903/000114036112035044/0001140361-12-035044-index.htm",
        "finalLink": "https://www.sec.gov/Archives/edgar/data/72903/000114036112035044/form10q.htm"
    },
    {
        "date": "2012-03-31",
        "symbol": "XEL",
        "reportedCurrency": "USD",
        "cik": "0000072903",
        "fillingDate": "2012-04-27",
        "acceptedDate": "2012-04-27 16:33:09",
        "calendarYear": "2012",
        "period": "Q1",
        "revenue": 2578079000,
        "costOfRevenue": 1799914000,
        "grossProfit": 778165000,
        "grossProfitRatio": 0.3018390825,
        "researchAndDevelopmentExpenses": 0,
        "generalAndAdministrativeExpenses": 2799000,
        "sellingAndMarketingExpenses": 60908000,
        "sellingGeneralAndAdministrativeExpenses": 2799000,
        "otherExpenses": 395204000,
        "operatingExpenses": 398003000,
        "costAndExpenses": 2197917000,
        "interestIncome": 5622000,
        "interestExpense": 151830000,
        "depreciationAndAmortization": 228672000,
        "ebitda": 657524000,
        "ebitdaratio": 0.2550441627,
        "operatingIncome": 380162000,
        "operatingIncomeRatio": 0.1474594068,
        "totalOtherIncomeExpensesNet": -120878000,
        "incomeBeforeTax": 259284000,
        "incomeBeforeTaxRatio": 0.1005725581,
        "incomeTaxExpense": 75515000,
        "netIncome": 183893000,
        "netIncomeRatio": 0.0713294666,
        "eps": 0.38,
        "epsdiluted": 0.38,
        "weightedAverageShsOut": 487360000,
        "weightedAverageShsOutDil": 487995000,
        "link": "https://www.sec.gov/Archives/edgar/data/72903/000114036112021736/0001140361-12-021736-index.htm",
        "finalLink": "https://www.sec.gov/Archives/edgar/data/72903/000114036112021736/form10q.htm"
    },
    {
        "date": "2011-12-31",
        "symbol": "XEL",
        "reportedCurrency": "USD",
        "cik": "0000072903",
        "fillingDate": "2012-02-24",
        "acceptedDate": "2012-02-24 16:42:36",
        "calendarYear": "2011",
        "period": "Q4",
        "revenue": 2568410000,
        "costOfRevenue": 1298935000,
        "grossProfit": 1269475000,
        "grossProfitRatio": 0.4942649343,
        "researchAndDevelopmentExpenses": 0,
        "generalAndAdministrativeExpenses": 0,
        "sellingAndMarketingExpenses": 0,
        "sellingGeneralAndAdministrativeExpenses": 69303000,
        "otherExpenses": 856171000,
        "operatingExpenses": 925474000,
        "costAndExpenses": 2224409000,
        "interestIncome": 2411000,
        "interestExpense": 145789000,
        "depreciationAndAmortization": 194303000,
        "ebitda": 596341000,
        "ebitdaratio": 0.2321829459,
        "operatingIncome": 344001000,
        "operatingIncomeRatio": 0.1339353919,
        "totalOtherIncomeExpensesNet": -124582000,
        "incomeBeforeTax": 219419000,
        "incomeBeforeTaxRatio": 0.0854298963,
        "incomeTaxExpense": 78478000,
        "netIncome": 140509000,
        "netIncomeRatio": 0.0547066084,
        "eps": 0.29,
        "epsdiluted": 0.29,
        "weightedAverageShsOut": 486223000,
        "weightedAverageShsOutDil": 486991000,
        "link": "https://www.sec.gov/Archives/edgar/data/72903/000114036112010717/0001140361-12-010717-index.htm",
        "finalLink": "https://www.sec.gov/Archives/edgar/data/72903/000114036112010717/form10k.htm"
    },
    {
        "date": "2011-09-30",
        "symbol": "XEL",
        "reportedCurrency": "USD",
        "cik": "0000072903",
        "fillingDate": "2011-10-28",
        "acceptedDate": "2011-10-28 16:35:37",
        "calendarYear": "2011",
        "period": "Q3",
        "revenue": 2831598000,
        "costOfRevenue": 1244513000,
        "grossProfit": 1587085000,
        "grossProfitRatio": 0.5604909313,
        "researchAndDevelopmentExpenses": 0,
        "generalAndAdministrativeExpenses": 0,
        "sellingAndMarketingExpenses": 0,
        "sellingGeneralAndAdministrativeExpenses": 71280000,
        "otherExpenses": 864309000,
        "operatingExpenses": 935589000,
        "costAndExpenses": 2180102000,
        "interestIncome": 1974000,
        "interestExpense": 141710000,
        "depreciationAndAmortization": 242329000,
        "ebitda": 951792000,
        "ebitdaratio": 0.3361324595,
        "operatingIncome": 651496000,
        "operatingIncomeRatio": 0.2300806824,
        "totalOtherIncomeExpensesNet": -119897000,
        "incomeBeforeTax": 531599000,
        "incomeBeforeTaxRatio": 0.1877381606,
        "incomeTaxExpense": 193304000,
        "netIncome": 333658000,
        "netIncomeRatio": 0.1178338168,
        "eps": 0.69,
        "epsdiluted": 0.69,
        "weightedAverageShsOut": 485344000,
        "weightedAverageShsOutDil": 485894000,
        "link": "https://www.sec.gov/Archives/edgar/data/72903/000114036111050788/0001140361-11-050788-index.htm",
        "finalLink": "https://www.sec.gov/Archives/edgar/data/72903/000114036111050788/form10q.htm"
    },
    {
        "date": "2011-06-30",
        "symbol": "XEL",
        "reportedCurrency": "USD",
        "cik": "0000072903",
        "fillingDate": "2011-07-29",
        "acceptedDate": "2011-07-29 16:22:34",
        "calendarYear": "2011",
        "period": "Q2",
        "revenue": 2438222000,
        "costOfRevenue": 1159360000,
        "grossProfit": 1278862000,
        "grossProfitRatio": 0.524505972,
        "researchAndDevelopmentExpenses": 0,
        "generalAndAdministrativeExpenses": 0,
        "sellingAndMarketingExpenses": 0,
        "sellingGeneralAndAdministrativeExpenses": 65497000,
        "otherExpenses": 853923000,
        "operatingExpenses": 919420000,
        "costAndExpenses": 2078780000,
        "interestIncome": 1481000,
        "interestExpense": 146338000,
        "depreciationAndAmortization": 229264000,
        "ebitda": 641519000,
        "ebitdaratio": 0.2631093477,
        "operatingIncome": 359442000,
        "operatingIncomeRatio": 0.1474197181,
        "totalOtherIncomeExpensesNet": -116238000,
        "incomeBeforeTax": 243204000,
        "incomeBeforeTaxRatio": 0.0997464546,
        "incomeTaxExpense": 84533000,
        "netIncome": 157702000,
        "netIncomeRatio": 0.0646790981,
        "eps": 0.33,
        "epsdiluted": 0.33,
        "weightedAverageShsOut": 484918000,
        "weightedAverageShsOutDil": 485241000,
        "link": "https://www.sec.gov/Archives/edgar/data/72903/000114036111038534/0001140361-11-038534-index.htm",
        "finalLink": "https://www.sec.gov/Archives/edgar/data/72903/000114036111038534/form10q.htm"
    },
    {
        "date": "2011-03-31",
        "symbol": "XEL",
        "reportedCurrency": "USD",
        "cik": "0000072903",
        "fillingDate": "2011-04-29",
        "acceptedDate": "2011-04-29 16:12:23",
        "calendarYear": "2011",
        "period": "Q1",
        "revenue": 2816540000,
        "costOfRevenue": 1483259000,
        "grossProfit": 1333281000,
        "grossProfitRatio": 0.4733754891,
        "researchAndDevelopmentExpenses": 0,
        "generalAndAdministrativeExpenses": 0,
        "sellingAndMarketingExpenses": 0,
        "sellingGeneralAndAdministrativeExpenses": 75298000,
        "otherExpenses": 831320000,
        "operatingExpenses": 906618000,
        "costAndExpenses": 2389877000,
        "interestIncome": 4773000,
        "interestExpense": 136918000,
        "depreciationAndAmortization": 224723000,
        "ebitda": 714590000,
        "ebitdaratio": 0.2537120012,
        "operatingIncome": 426663000,
        "operatingIncomeRatio": 0.1514848005,
        "totalOtherIncomeExpensesNet": -111195000,
        "incomeBeforeTax": 315468000,
        "incomeBeforeTaxRatio": 0.1120055103,
        "incomeTaxExpense": 112001000,
        "netIncome": 202509000,
        "netIncomeRatio": 0.0718999198,
        "eps": 0.42,
        "epsdiluted": 0.42,
        "weightedAverageShsOut": 483641000,
        "weightedAverageShsOutDil": 484301000,
        "link": "https://www.sec.gov/Archives/edgar/data/72903/000114036111024012/0001140361-11-024012-index.htm",
        "finalLink": "https://www.sec.gov/Archives/edgar/data/72903/000114036111024012/form10q.htm"
    },
    {
        "date": "2010-12-31",
        "symbol": "XEL",
        "reportedCurrency": "USD",
        "cik": "0000072903",
        "fillingDate": "2011-02-28",
        "acceptedDate": "2011-02-28 07:53:49",
        "calendarYear": "2010",
        "period": "Q4",
        "revenue": 2566934000,
        "costOfRevenue": 1321888000,
        "grossProfit": 1245046000,
        "grossProfitRatio": 0.4850323382,
        "researchAndDevelopmentExpenses": 0,
        "generalAndAdministrativeExpenses": 0,
        "sellingAndMarketingExpenses": 0,
        "sellingGeneralAndAdministrativeExpenses": 65376000,
        "otherExpenses": 857300000,
        "operatingExpenses": 922676000,
        "costAndExpenses": 2244564000,
        "interestIncome": 2849000,
        "interestExpense": 139122000,
        "depreciationAndAmortization": 251316000,
        "ebitda": 598612000,
        "ebitdaratio": 0.2332011653,
        "operatingIncome": 322370000,
        "operatingIncomeRatio": 0.1255856208,
        "totalOtherIncomeExpensesNet": -114196000,
        "incomeBeforeTax": 208174000,
        "incomeBeforeTaxRatio": 0.0810983064,
        "incomeTaxExpense": 71671000,
        "netIncome": 135573000,
        "netIncomeRatio": 0.0528151483,
        "eps": 0.28,
        "epsdiluted": 0.28,
        "weightedAverageShsOut": 483641000,
        "weightedAverageShsOutDil": 484301000,
        "link": "https://www.sec.gov/Archives/edgar/data/72903/000114036111012444/0001140361-11-012444-index.htm",
        "finalLink": "https://www.sec.gov/Archives/edgar/data/72903/000114036111012444/form10-k.htm"
    },
    {
        "date": "2010-09-30",
        "symbol": "XEL",
        "reportedCurrency": "USD",
        "cik": "0000072903",
        "fillingDate": "2010-10-29",
        "acceptedDate": "2010-10-29 16:19:26",
        "calendarYear": "2010",
        "period": "Q3",
        "revenue": 2628787000,
        "costOfRevenue": 1186200000,
        "grossProfit": 1442587000,
        "grossProfitRatio": 0.548765267,
        "researchAndDevelopmentExpenses": 0,
        "generalAndAdministrativeExpenses": 0,
        "sellingAndMarketingExpenses": 0,
        "sellingGeneralAndAdministrativeExpenses": 60861000,
        "otherExpenses": 813096000,
        "operatingExpenses": 873957000,
        "costAndExpenses": 2060157000,
        "interestIncome": 4880000,
        "interestExpense": 138526000,
        "depreciationAndAmortization": 254868000,
        "ebitda": 878405000,
        "ebitdaratio": 0.3341484114,
        "operatingIncome": 568630000,
        "operatingIncomeRatio": 0.2163088908,
        "totalOtherIncomeExpensesNet": -89942000,
        "incomeBeforeTax": 478688000,
        "incomeBeforeTaxRatio": 0.1820946315,
        "incomeTaxExpense": 166200000,
        "netIncome": 311246000,
        "netIncomeRatio": 0.1183990943,
        "eps": 0.68,
        "epsdiluted": 0.67,
        "weightedAverageShsOut": 460471000,
        "weightedAverageShsOutDil": 462019000,
        "link": "https://www.sec.gov/Archives/edgar/data/72903/000114036110042720/0001140361-10-042720-index.htm",
        "finalLink": "https://www.sec.gov/Archives/edgar/data/72903/000114036110042720/form10q.htm"
    },
    {
        "date": "2010-06-30",
        "symbol": "XEL",
        "reportedCurrency": "USD",
        "cik": "0000072903",
        "fillingDate": "2010-07-30",
        "acceptedDate": "2010-07-30 17:00:16",
        "calendarYear": "2010",
        "period": "Q2",
        "revenue": 2307764000,
        "costOfRevenue": 1117755000,
        "grossProfit": 1190009000,
        "grossProfitRatio": 0.515654547,
        "researchAndDevelopmentExpenses": 0,
        "generalAndAdministrativeExpenses": 0,
        "sellingAndMarketingExpenses": 0,
        "sellingGeneralAndAdministrativeExpenses": 55551000,
        "otherExpenses": 809154000,
        "operatingExpenses": 864705000,
        "costAndExpenses": 1982460000,
        "interestIncome": 1243000,
        "interestExpense": 134880000,
        "depreciationAndAmortization": 234910000,
        "ebitda": 582281000,
        "ebitdaratio": 0.2523139281,
        "operatingIncome": 325304000,
        "operatingIncomeRatio": 0.1409606875,
        "totalOtherIncomeExpensesNet": -112813000,
        "incomeBeforeTax": 212491000,
        "incomeBeforeTaxRatio": 0.0920765728,
        "incomeTaxExpense": 76866000,
        "netIncome": 138716000,
        "netIncomeRatio": 0.0601083993,
        "eps": 0.3,
        "epsdiluted": 0.3,
        "weightedAverageShsOut": 460041000,
        "weightedAverageShsOutDil": 460432000,
        "link": "https://www.sec.gov/Archives/edgar/data/72903/000110465910040854/0001104659-10-040854-index.htm",
        "finalLink": "https://www.sec.gov/Archives/edgar/data/72903/000110465910040854/a10-10915_110q.htm"
    },
    {
        "date": "2010-03-31",
        "symbol": "XEL",
        "reportedCurrency": "USD",
        "cik": "0000072903",
        "fillingDate": "2010-04-30",
        "acceptedDate": "2010-04-30 16:49:26",
        "calendarYear": "2010",
        "period": "Q1",
        "revenue": 2807462000,
        "costOfRevenue": 1577283000,
        "grossProfit": 1230179000,
        "grossProfitRatio": 0.4381818881,
        "researchAndDevelopmentExpenses": 0,
        "generalAndAdministrativeExpenses": 0,
        "sellingAndMarketingExpenses": 0,
        "sellingGeneralAndAdministrativeExpenses": 58039000,
        "otherExpenses": 768475000,
        "operatingExpenses": 826514000,
        "costAndExpenses": 2403797000,
        "interestIncome": 2051000,
        "interestExpense": 136093000,
        "depreciationAndAmortization": 206126000,
        "ebitda": 669529000,
        "ebitdaratio": 0.2384819456,
        "operatingIncome": 403665000,
        "operatingIncomeRatio": 0.14378289,
        "totalOtherIncomeExpensesNet": -114427000,
        "incomeBeforeTax": 289238000,
        "incomeBeforeTaxRatio": 0.1030247248,
        "incomeTaxExpense": 121898000,
        "netIncome": 166058000,
        "netIncomeRatio": 0.059148797,
        "eps": 0.36,
        "epsdiluted": 0.36,
        "weightedAverageShsOut": 458918000,
        "weightedAverageShsOutDil": 459697000,
        "link": "https://www.sec.gov/Archives/edgar/data/72903/000110465910024080/0001104659-10-024080-index.htm",
        "finalLink": "https://www.sec.gov/Archives/edgar/data/72903/000110465910024080/a10-5601_110q.htm"
    },
    {
        "date": "2009-12-31",
        "symbol": "XEL",
        "reportedCurrency": "USD",
        "cik": "0000072903",
        "fillingDate": "2010-02-26",
        "acceptedDate": "2010-02-26 16:23:37",
        "calendarYear": "2009",
        "period": "Q4",
        "revenue": 2618116000,
        "costOfRevenue": 1433026000,
        "grossProfit": 1185090000,
        "grossProfitRatio": 0.4526499208,
        "researchAndDevelopmentExpenses": 0,
        "generalAndAdministrativeExpenses": 0,
        "sellingAndMarketingExpenses": 0,
        "sellingGeneralAndAdministrativeExpenses": 48319000,
        "otherExpenses": 783512000,
        "operatingExpenses": 831831000,
        "costAndExpenses": 2264857000,
        "interestIncome": 6153000,
        "interestExpense": 131079000,
        "depreciationAndAmortization": 211957000,
        "ebitda": 615378000,
        "ebitdaratio": 0.2350461171,
        "operatingIncome": 353259000,
        "operatingIncomeRatio": 0.1349287045,
        "totalOtherIncomeExpensesNet": -80917000,
        "incomeBeforeTax": 272342000,
        "incomeBeforeTaxRatio": 0.1040221289,
        "incomeTaxExpense": 90733000,
        "netIncome": 167824000,
        "netIncomeRatio": 0.0641010559,
        "eps": 0.37,
        "epsdiluted": 0.37,
        "weightedAverageShsOut": 458918000,
        "weightedAverageShsOutDil": 459697000,
        "link": "https://www.sec.gov/Archives/edgar/data/72903/000104746910001536/0001047469-10-001536-index.htm",
        "finalLink": "https://www.sec.gov/Archives/edgar/data/72903/000104746910001536/a2196778z10-k.htm"
    },
    {
        "date": "2009-09-30",
        "symbol": "XEL",
        "reportedCurrency": "USD",
        "cik": "0000072903",
        "fillingDate": "2009-10-30",
        "acceptedDate": "2009-10-30 16:27:16",
        "calendarYear": "2009",
        "period": "Q3",
        "revenue": 2314562000,
        "costOfRevenue": 1058656000,
        "grossProfit": 1255906000,
        "grossProfitRatio": 0.5426106538,
        "researchAndDevelopmentExpenses": 0,
        "generalAndAdministrativeExpenses": 0,
        "sellingAndMarketingExpenses": 0,
        "sellingGeneralAndAdministrativeExpenses": 47157000,
        "otherExpenses": 743601000,
        "operatingExpenses": 790758000,
        "costAndExpenses": 1849414000,
        "interestIncome": 2709000,
        "interestExpense": 129749000,
        "depreciationAndAmortization": 198222000,
        "ebitda": 711681000,
        "ebitdaratio": 0.3074797737,
        "operatingIncome": 465148000,
        "operatingIncomeRatio": 0.2009658847,
        "totalOtherIncomeExpensesNet": -107745000,
        "incomeBeforeTax": 353040000,
        "incomeBeforeTaxRatio": 0.1525299387,
        "incomeTaxExpense": 135610000,
        "netIncome": 219768000,
        "netIncomeRatio": 0.0949501461,
        "eps": 0.48,
        "epsdiluted": 0.48,
        "weightedAverageShsOut": 456769000,
        "weightedAverageShsOutDil": 457453000,
        "link": "https://www.sec.gov/Archives/edgar/data/72903/000110465909061541/0001104659-09-061541-index.htm",
        "finalLink": "https://www.sec.gov/Archives/edgar/data/72903/000110465909061541/a09-30440_110q.htm"
    },
    {
        "date": "2009-06-30",
        "symbol": "XEL",
        "reportedCurrency": "USD",
        "cik": "0000072903",
        "fillingDate": "2009-07-31",
        "acceptedDate": "2009-07-31 15:45:37",
        "calendarYear": "2009",
        "period": "Q2",
        "revenue": 2016083000,
        "costOfRevenue": 947476000,
        "grossProfit": 1068607000,
        "grossProfitRatio": 0.5300411739,
        "researchAndDevelopmentExpenses": 0,
        "generalAndAdministrativeExpenses": 0,
        "sellingAndMarketingExpenses": 0,
        "sellingGeneralAndAdministrativeExpenses": 41417000,
        "otherExpenses": 747822000,
        "operatingExpenses": 789239000,
        "costAndExpenses": 1736715000,
        "interestIncome": 3019000,
        "interestExpense": 129452000,
        "depreciationAndAmortization": 202348000,
        "ebitda": 529524000,
        "ebitdaratio": 0.2626499008,
        "operatingIncome": 279368000,
        "operatingIncomeRatio": 0.1385696918,
        "totalOtherIncomeExpensesNet": -104458000,
        "incomeBeforeTax": 171655000,
        "incomeBeforeTaxRatio": 0.085142824,
        "incomeTaxExpense": 57846000,
        "netIncome": 113927000,
        "netIncomeRatio": 0.0565090822,
        "eps": 0.25,
        "epsdiluted": 0.25,
        "weightedAverageShsOut": 456307000,
        "weightedAverageShsOutDil": 456766000,
        "link": "https://www.sec.gov/Archives/edgar/data/72903/000110465909046313/0001104659-09-046313-index.htm",
        "finalLink": "https://www.sec.gov/Archives/edgar/data/72903/000110465909046313/a09-17583_110q.htm"
    },
    {
        "date": "2009-03-31",
        "symbol": "XEL",
        "reportedCurrency": "USD",
        "cik": "0000072903",
        "fillingDate": "2009-04-30",
        "acceptedDate": "2009-04-30 17:13:50",
        "calendarYear": "2009",
        "period": "Q1",
        "revenue": 2695542000,
        "costOfRevenue": 1521879000,
        "grossProfit": 1173663000,
        "grossProfitRatio": 0.4354089085,
        "researchAndDevelopmentExpenses": 0,
        "generalAndAdministrativeExpenses": 0,
        "sellingAndMarketingExpenses": 0,
        "sellingGeneralAndAdministrativeExpenses": 45219000,
        "otherExpenses": 757647000,
        "operatingExpenses": 802866000,
        "costAndExpenses": 2324745000,
        "interestIncome": 2352000,
        "interestExpense": 131575000,
        "depreciationAndAmortization": 239218000,
        "ebitda": 637138000,
        "ebitdaratio": 0.2363673057,
        "operatingIncome": 370797000,
        "operatingIncomeRatio": 0.137559348,
        "totalOtherIncomeExpensesNet": -107854000,
        "incomeBeforeTax": 259801000,
        "incomeBeforeTaxRatio": 0.0963817295,
        "incomeTaxExpense": 87125000,
        "netIncome": 173007000,
        "netIncomeRatio": 0.0641826393,
        "eps": 0.38,
        "epsdiluted": 0.38,
        "weightedAverageShsOut": 455192000,
        "weightedAverageShsOutDil": 455952000,
        "link": "https://www.sec.gov/Archives/edgar/data/72903/000110465909027822/0001104659-09-027822-index.htm",
        "finalLink": "https://www.sec.gov/Archives/edgar/data/72903/000110465909027822/a09-9808_110q.htm"
    },
    {
        "date": "2008-12-31",
        "symbol": "XEL",
        "reportedCurrency": "USD",
        "cik": "0000072903",
        "fillingDate": "2009-02-27",
        "acceptedDate": "2009-02-27 17:14:34",
        "calendarYear": "2008",
        "period": "Q4",
        "revenue": 2707573000,
        "costOfRevenue": 1610510000,
        "grossProfit": 1097063000,
        "grossProfitRatio": 0.4051831659,
        "researchAndDevelopmentExpenses": 0,
        "generalAndAdministrativeExpenses": 0,
        "sellingAndMarketingExpenses": 0,
        "sellingGeneralAndAdministrativeExpenses": 0,
        "otherExpenses": 744220000,
        "operatingExpenses": 744220000,
        "costAndExpenses": 2354730000,
        "interestIncome": 0,
        "interestExpense": 552919000,
        "depreciationAndAmortization": 263706000,
        "ebitda": 616549000,
        "ebitdaratio": 0.2277127893,
        "operatingIncome": 352843000,
        "operatingIncomeRatio": 0.1303170773,
        "totalOtherIncomeExpensesNet": -104045000,
        "incomeBeforeTax": 248798000,
        "incomeBeforeTaxRatio": 0.0918896739,
        "incomeTaxExpense": 85240000,
        "netIncome": 163015000,
        "netIncomeRatio": 0.0602070563,
        "eps": 0.36,
        "epsdiluted": 0.36,
        "weightedAverageShsOut": 455192000,
        "weightedAverageShsOutDil": 455952000,
        "link": "https://www.sec.gov/Archives/edgar/data/72903/000104746909002013/0001047469-09-002013-index.htm",
        "finalLink": "https://www.sec.gov/Archives/edgar/data/72903/000104746909002013/a2190946z10-k.htm"
    },
    {
        "date": "2008-09-30",
        "symbol": "XEL",
        "reportedCurrency": "USD",
        "cik": "0000072903",
        "fillingDate": "2008-10-24",
        "acceptedDate": "2008-10-24 15:39:51",
        "calendarYear": "2008",
        "period": "Q3",
        "revenue": 2851680000,
        "costOfRevenue": 1674267000,
        "grossProfit": 1177413000,
        "grossProfitRatio": 0.4128839842,
        "researchAndDevelopmentExpenses": 0,
        "generalAndAdministrativeExpenses": 0,
        "sellingAndMarketingExpenses": 0,
        "sellingGeneralAndAdministrativeExpenses": 27483000,
        "otherExpenses": 701936000,
        "operatingExpenses": 729419000,
        "costAndExpenses": 2403686000,
        "interestIncome": 9854000,
        "interestExpense": 139777000,
        "depreciationAndAmortization": 195842000,
        "ebitda": 716656000,
        "ebitdaratio": 0.2513101049,
        "operatingIncome": 447994000,
        "operatingIncomeRatio": 0.1570982719,
        "totalOtherIncomeExpensesNet": -103543000,
        "incomeBeforeTax": 344451000,
        "incomeBeforeTaxRatio": 0.1207887982,
        "incomeTaxExpense": 121756000,
        "netIncome": 221729000,
        "netIncomeRatio": 0.0777538153,
        "eps": 0.51,
        "epsdiluted": 0.51,
        "weightedAverageShsOut": 434131000,
        "weightedAverageShsOutDil": 439397000,
        "link": "https://www.sec.gov/Archives/edgar/data/72903/000110465908065689/0001104659-08-065689-index.htm",
        "finalLink": "https://www.sec.gov/Archives/edgar/data/72903/000110465908065689/a08-25777_110q.htm"
    },
    {
        "date": "2008-06-30",
        "symbol": "XEL",
        "reportedCurrency": "USD",
        "cik": "0000072903",
        "fillingDate": "2008-08-01",
        "acceptedDate": "2008-08-01 16:40:33",
        "calendarYear": "2008",
        "period": "Q2",
        "revenue": 2615515000,
        "costOfRevenue": 1589222000,
        "grossProfit": 1026293000,
        "grossProfitRatio": 0.3923865854,
        "researchAndDevelopmentExpenses": 0,
        "generalAndAdministrativeExpenses": 0,
        "sellingAndMarketingExpenses": 0,
        "sellingGeneralAndAdministrativeExpenses": 0,
        "otherExpenses": 766457000,
        "operatingExpenses": 766457000,
        "costAndExpenses": 2355679000,
        "interestIncome": 0,
        "interestExpense": 9931000,
        "depreciationAndAmortization": 243138000,
        "ebitda": 502974000,
        "ebitdaratio": 0.1923040013,
        "operatingIncome": 259836000,
        "operatingIncomeRatio": 0.0993441062,
        "totalOtherIncomeExpensesNet": -99257000,
        "incomeBeforeTax": 160579000,
        "incomeBeforeTaxRatio": 0.0613947922,
        "incomeTaxExpense": 55106000,
        "netIncome": 104512000,
        "netIncomeRatio": 0.0399584785,
        "eps": 0.24,
        "epsdiluted": 0.24,
        "weightedAverageShsOut": 430811000,
        "weightedAverageShsOutDil": 435868000,
        "link": "https://www.sec.gov/Archives/edgar/data/72903/000110465908049297/0001104659-08-049297-index.htm",
        "finalLink": "https://www.sec.gov/Archives/edgar/data/72903/000110465908049297/a08-19148_110q.htm"
    },
    {
        "date": "2008-03-31",
        "symbol": "XEL",
        "reportedCurrency": "USD",
        "cik": "0000072903",
        "fillingDate": "2008-05-02",
        "acceptedDate": "2008-05-02 17:06:58",
        "calendarYear": "2008",
        "period": "Q1",
        "revenue": 3028388000,
        "costOfRevenue": 1088080000,
        "grossProfit": 1940308000,
        "grossProfitRatio": 0.6407065409,
        "researchAndDevelopmentExpenses": 0,
        "generalAndAdministrativeExpenses": 0,
        "sellingAndMarketingExpenses": 0,
        "sellingGeneralAndAdministrativeExpenses": 0,
        "otherExpenses": 1610190000,
        "operatingExpenses": 1610190000,
        "costAndExpenses": 2698270000,
        "interestIncome": 0,
        "interestExpense": 132171000,
        "depreciationAndAmortization": 237711000,
        "ebitda": 567829000,
        "ebitdaratio": 0.1875020638,
        "operatingIncome": 330118000,
        "operatingIncomeRatio": 0.1090078286,
        "totalOtherIncomeExpensesNet": -99540000,
        "incomeBeforeTax": 230578000,
        "incomeBeforeTaxRatio": 0.0761388567,
        "incomeTaxExpense": 76584000,
        "netIncome": 152047000,
        "netIncomeRatio": 0.050207239,
        "eps": 0.35,
        "epsdiluted": 0.35,
        "weightedAverageShsOut": 429563000,
        "weightedAverageShsOutDil": 434853000,
        "link": "https://www.sec.gov/Archives/edgar/data/72903/000110465908029542/0001104659-08-029542-index.htm",
        "finalLink": "https://www.sec.gov/Archives/edgar/data/72903/000110465908029542/a08-13138_110q.htm"
    },
    {
        "date": "2007-12-31",
        "symbol": "XEL",
        "reportedCurrency": "USD",
        "cik": "0000072903",
        "fillingDate": "2008-02-20",
        "acceptedDate": "2008-02-20 17:28:42",
        "calendarYear": "2007",
        "period": "Q4",
        "revenue": 2603219000,
        "costOfRevenue": 1521701000,
        "grossProfit": 1081518000,
        "grossProfitRatio": 0.4154540974,
        "researchAndDevelopmentExpenses": 0,
        "generalAndAdministrativeExpenses": 0,
        "sellingAndMarketingExpenses": 0,
        "sellingGeneralAndAdministrativeExpenses": 0,
        "otherExpenses": 795732000,
        "operatingExpenses": 795732000,
        "costAndExpenses": 2317433000,
        "interestIncome": 0,
        "interestExpense": 520037000,
        "depreciationAndAmortization": 224375000,
        "ebitda": 510161000,
        "ebitdaratio": 0.1959731394,
        "operatingIncome": 285786000,
        "operatingIncomeRatio": 0.109781774,
        "totalOtherIncomeExpensesNet": -155209000,
        "incomeBeforeTax": 130577000,
        "incomeBeforeTaxRatio": 0.0501598214,
        "incomeTaxExpense": 39306000,
        "netIncome": 128861000,
        "netIncomeRatio": 0.0495006375,
        "eps": 0.3,
        "epsdiluted": 0.3,
        "weightedAverageShsOut": 429563000,
        "weightedAverageShsOutDil": 434853000,
        "link": "https://www.sec.gov/Archives/edgar/data/72903/000104746908001516/0001047469-08-001516-index.htm",
        "finalLink": "https://www.sec.gov/Archives/edgar/data/72903/000104746908001516/a2182843z10-k.htm"
    },
    {
        "date": "2007-09-30",
        "symbol": "XEL",
        "reportedCurrency": "USD",
        "cik": "0000072903",
        "fillingDate": "2007-10-26",
        "acceptedDate": "2007-10-26 16:19:39",
        "calendarYear": "2007",
        "period": "Q3",
        "revenue": 2399997000,
        "costOfRevenue": 1191089000,
        "grossProfit": 1208908000,
        "grossProfitRatio": 0.5037122963,
        "researchAndDevelopmentExpenses": 0,
        "generalAndAdministrativeExpenses": 0,
        "sellingAndMarketingExpenses": 0,
        "sellingGeneralAndAdministrativeExpenses": 0,
        "otherExpenses": 713138000,
        "operatingExpenses": 713138000,
        "costAndExpenses": 1904227000,
        "interestIncome": 0,
        "interestExpense": 137451000,
        "depreciationAndAmortization": 212841000,
        "ebitda": 708611000,
        "ebitdaratio": 0.2952549524,
        "operatingIncome": 495770000,
        "operatingIncomeRatio": 0.2065710915,
        "totalOtherIncomeExpensesNet": -113480000,
        "incomeBeforeTax": 382290000,
        "incomeBeforeTaxRatio": 0.1592876991,
        "incomeTaxExpense": 135945000,
        "netIncome": 250654000,
        "netIncomeRatio": 0.1044392972,
        "eps": 0.6,
        "epsdiluted": 0.58,
        "weightedAverageShsOut": 419822000,
        "weightedAverageShsOutDil": 433387000,
        "link": "https://www.sec.gov/Archives/edgar/data/72903/000110465907077398/0001104659-07-077398-index.htm",
        "finalLink": "https://www.sec.gov/Archives/edgar/data/72903/000110465907077398/a07-26031_110q.htm"
    },
    {
        "date": "2007-06-30",
        "symbol": "XEL",
        "reportedCurrency": "USD",
        "cik": "0000072903",
        "fillingDate": "2007-12-13",
        "acceptedDate": "2007-12-13 17:07:51",
        "calendarYear": "2007",
        "period": "Q2",
        "revenue": 2267292000,
        "costOfRevenue": 1251473000,
        "grossProfit": 1015819000,
        "grossProfitRatio": 0.4480318371,
        "researchAndDevelopmentExpenses": 0,
        "generalAndAdministrativeExpenses": 0,
        "sellingAndMarketingExpenses": 0,
        "sellingGeneralAndAdministrativeExpenses": 0,
        "otherExpenses": 725272000,
        "operatingExpenses": 725272000,
        "costAndExpenses": 1976745000,
        "interestIncome": 0,
        "interestExpense": 0,
        "depreciationAndAmortization": 231594000,
        "ebitda": 522141000,
        "ebitdaratio": 0.2302927898,
        "operatingIncome": 290547000,
        "operatingIncomeRatio": 0.1281471465,
        "totalOtherIncomeExpensesNet": -112468000,
        "incomeBeforeTax": 186385000,
        "incomeBeforeTaxRatio": 0.0822059973,
        "incomeTaxExpense": 62282000,
        "netIncome": 66635000,
        "netIncomeRatio": 0.029389686,
        "eps": 0.16,
        "epsdiluted": 0.16,
        "weightedAverageShsOut": 412710000,
        "weightedAverageShsOutDil": 432861000,
        "link": "https://www.sec.gov/Archives/edgar/data/72903/000110465907088752/0001104659-07-088752-index.htm",
        "finalLink": "https://www.sec.gov/Archives/edgar/data/72903/000110465907088752/a07-31316_110qa.htm"
    },
    {
        "date": "2007-03-31",
        "symbol": "XEL",
        "reportedCurrency": "USD",
        "cik": "0000072903",
        "fillingDate": "2007-04-27",
        "acceptedDate": "2007-04-27 14:59:09",
        "calendarYear": "2007",
        "period": "Q1",
        "revenue": 2763662000,
        "costOfRevenue": 979571000,
        "grossProfit": 1784091000,
        "grossProfitRatio": 0.6455532551,
        "researchAndDevelopmentExpenses": 0,
        "generalAndAdministrativeExpenses": 0,
        "sellingAndMarketingExpenses": 0,
        "sellingGeneralAndAdministrativeExpenses": 0,
        "otherExpenses": 1505963000,
        "operatingExpenses": 1505963000,
        "costAndExpenses": 2485534000,
        "interestIncome": 0,
        "interestExpense": 816000,
        "depreciationAndAmortization": 231860000,
        "ebitda": 509988000,
        "ebitdaratio": 0.1845334198,
        "operatingIncome": 278128000,
        "operatingIncomeRatio": 0.1006374875,
        "totalOtherIncomeExpensesNet": -111705000,
        "incomeBeforeTax": 166423000,
        "incomeBeforeTaxRatio": 0.0602182901,
        "incomeTaxExpense": 47909000,
        "netIncome": 118651000,
        "netIncomeRatio": 0.0429325294,
        "eps": 0.29,
        "epsdiluted": 0.28,
        "weightedAverageShsOut": 408003000,
        "weightedAverageShsOutDil": 432054000,
        "link": "https://www.sec.gov/Archives/edgar/data/72903/000110465907032410/0001104659-07-032410-index.htm",
        "finalLink": "https://www.sec.gov/Archives/edgar/data/72903/000110465907032410/a07-10670_110q.htm"
    },
    {
        "date": "2006-12-31",
        "symbol": "XEL",
        "reportedCurrency": "USD",
        "cik": "0000072903",
        "fillingDate": "2007-02-23",
        "acceptedDate": "2007-02-23 06:37:35",
        "calendarYear": "2006",
        "period": "Q4",
        "revenue": 2466736000,
        "costOfRevenue": 996251000,
        "grossProfit": 1470485000,
        "grossProfitRatio": 0.5961258116,
        "researchAndDevelopmentExpenses": 0,
        "generalAndAdministrativeExpenses": 0,
        "sellingAndMarketingExpenses": 0,
        "sellingGeneralAndAdministrativeExpenses": 0,
        "otherExpenses": 1241002000,
        "operatingExpenses": 1241002000,
        "costAndExpenses": 2237253000,
        "interestIncome": 0,
        "interestExpense": 0,
        "depreciationAndAmortization": 223329000,
        "ebitda": 452812000,
        "ebitdaratio": 0.1835672727,
        "operatingIncome": 229483000,
        "operatingIncomeRatio": 0.0930310337,
        "totalOtherIncomeExpensesNet": -108213000,
        "incomeBeforeTax": 121270000,
        "incomeBeforeTaxRatio": 0.0491621317,
        "incomeTaxExpense": 24512000,
        "netIncome": 96658000,
        "netIncomeRatio": 0.0391845743,
        "eps": 0.24,
        "epsdiluted": 0.23,
        "weightedAverageShsOut": 408003000,
        "weightedAverageShsOutDil": 432054000,
        "link": "https://www.sec.gov/Archives/edgar/data/72903/000110465907013272/0001104659-07-013272-index.htm",
        "finalLink": "https://www.sec.gov/Archives/edgar/data/72903/000110465907013272/a07-5000_110k.htm"
    },
    {
        "date": "2006-09-30",
        "symbol": "XEL",
        "reportedCurrency": "USD",
        "cik": "0000072903",
        "fillingDate": "2006-10-27",
        "acceptedDate": "2006-10-27 17:00:49",
        "calendarYear": "2006",
        "period": "Q3",
        "revenue": 2411591000,
        "costOfRevenue": 1160896000,
        "grossProfit": 1250695000,
        "grossProfitRatio": 0.5186182068,
        "researchAndDevelopmentExpenses": 0,
        "generalAndAdministrativeExpenses": 0,
        "sellingAndMarketingExpenses": 0,
        "sellingGeneralAndAdministrativeExpenses": 0,
        "otherExpenses": 840592000,
        "operatingExpenses": 840592000,
        "costAndExpenses": 2001488000,
        "interestIncome": 0,
        "interestExpense": 2149000,
        "depreciationAndAmortization": 226435000,
        "ebitda": 2642928000,
        "ebitdaratio": 1.0959271286,
        "operatingIncome": 410103000,
        "operatingIncomeRatio": 0.1700549554,
        "totalOtherIncomeExpensesNet": -102903000,
        "incomeBeforeTax": 307200000,
        "incomeBeforeTaxRatio": 0.1273847846,
        "incomeTaxExpense": 83025000,
        "netIncome": 222342000,
        "netIncomeRatio": 0.0921972258,
        "eps": 0.55,
        "epsdiluted": 0.53,
        "weightedAverageShsOut": 406123000,
        "weightedAverageShsOutDil": 430000000,
        "link": "https://www.sec.gov/Archives/edgar/data/72903/000110465906069337/0001104659-06-069337-index.htm",
        "finalLink": "https://www.sec.gov/Archives/edgar/data/72903/000110465906069337/a06-21517_110q.htm"
    },
    {
        "date": "2006-06-30",
        "symbol": "XEL",
        "reportedCurrency": "USD",
        "cik": "0000072903",
        "fillingDate": "2006-08-03",
        "acceptedDate": "2006-08-03 12:44:48",
        "calendarYear": "2006",
        "period": "Q2",
        "revenue": 2073873000,
        "costOfRevenue": 951214000,
        "grossProfit": 1122659000,
        "grossProfitRatio": 0.5413344983,
        "researchAndDevelopmentExpenses": 0,
        "generalAndAdministrativeExpenses": 0,
        "sellingAndMarketingExpenses": 0,
        "sellingGeneralAndAdministrativeExpenses": 0,
        "otherExpenses": 896956000,
        "operatingExpenses": 896956000,
        "costAndExpenses": 1848170000,
        "interestIncome": 0,
        "interestExpense": 921000,
        "depreciationAndAmortization": 226167000,
        "ebitda": 446968000,
        "ebitdaratio": 0.2155233228,
        "operatingIncome": 224658000,
        "operatingIncomeRatio": 0.108327752,
        "totalOtherIncomeExpensesNet": -100380000,
        "incomeBeforeTax": 118473000,
        "incomeBeforeTaxRatio": 0.0571264489,
        "incomeTaxExpense": 20537000,
        "netIncome": 97215000,
        "netIncomeRatio": 0.0468760623,
        "eps": 0.24,
        "epsdiluted": 0.24,
        "weightedAverageShsOut": 405434000,
        "weightedAverageShsOutDil": 429099000,
        "link": "https://www.sec.gov/Archives/edgar/data/72903/000110465906051064/0001104659-06-051064-index.htm",
        "finalLink": "https://www.sec.gov/Archives/edgar/data/72903/000110465906051064/a06-15163_110q.htm"
    },
    {
        "date": "2006-03-31",
        "symbol": "XEL",
        "reportedCurrency": "USD",
        "cik": "0000072903",
        "fillingDate": "2006-05-01",
        "acceptedDate": "2006-04-28 18:07:53",
        "calendarYear": "2006",
        "period": "Q1",
        "revenue": 2888104000,
        "costOfRevenue": 994695000,
        "grossProfit": 1893409000,
        "grossProfitRatio": 0.6555889262,
        "researchAndDevelopmentExpenses": 0,
        "generalAndAdministrativeExpenses": 0,
        "sellingAndMarketingExpenses": 0,
        "sellingGeneralAndAdministrativeExpenses": 0,
        "otherExpenses": 1580660000,
        "operatingExpenses": 1580660000,
        "costAndExpenses": 2575355000,
        "interestIncome": 0,
        "interestExpense": 0,
        "depreciationAndAmortization": 218923000,
        "ebitda": 531672000,
        "ebitdaratio": 0.1840903236,
        "operatingIncome": 312749000,
        "operatingIncomeRatio": 0.1082886904,
        "totalOtherIncomeExpensesNet": -109601000,
        "incomeBeforeTax": 203148000,
        "incomeBeforeTaxRatio": 0.0703395723,
        "incomeTaxExpense": 53336000,
        "netIncome": 150238000,
        "netIncomeRatio": 0.0520195949,
        "eps": 0.37,
        "epsdiluted": 0.36,
        "weightedAverageShsOut": 404125000,
        "weightedAverageShsOutDil": 427461000,
        "link": "https://www.sec.gov/Archives/edgar/data/72903/000110465906029104/0001104659-06-029104-index.htm",
        "finalLink": "https://www.sec.gov/Archives/edgar/data/72903/000110465906029104/a06-9220_110q.htm"
    },
    {
        "date": "2005-12-31",
        "symbol": "XEL",
        "reportedCurrency": "USD",
        "cik": "0000072903",
        "fillingDate": "2006-02-27",
        "acceptedDate": "2006-02-24 21:48:19",
        "calendarYear": "2005",
        "period": "Q4",
        "revenue": 2884938000,
        "costOfRevenue": 1127372000,
        "grossProfit": 1757566000,
        "grossProfitRatio": 0.6092214113,
        "researchAndDevelopmentExpenses": 0,
        "generalAndAdministrativeExpenses": 0,
        "sellingAndMarketingExpenses": 0,
        "sellingGeneralAndAdministrativeExpenses": 0,
        "otherExpenses": 1507011000,
        "operatingExpenses": 1507011000,
        "costAndExpenses": 2634383000,
        "interestIncome": 0,
        "interestExpense": 857000,
        "depreciationAndAmortization": 209937000,
        "ebitda": 460492000,
        "ebitdaratio": 0.1596193748,
        "operatingIncome": 250555000,
        "operatingIncomeRatio": 0.0868493534,
        "totalOtherIncomeExpensesNet": -108292000,
        "incomeBeforeTax": 142263000,
        "incomeBeforeTaxRatio": 0.0493123249,
        "incomeTaxExpense": 43298000,
        "netIncome": 111008000,
        "netIncomeRatio": 0.0384784699,
        "eps": 0.28,
        "epsdiluted": 0.26,
        "weightedAverageShsOut": 404125000,
        "weightedAverageShsOutDil": 427461000,
        "link": "https://www.sec.gov/Archives/edgar/data/72903/000110465906012011/0001104659-06-012011-index.htm",
        "finalLink": "https://www.sec.gov/Archives/edgar/data/72903/000110465906012011/a06-1891_110k.htm"
    },
    {
        "date": "2005-09-30",
        "symbol": "XEL",
        "reportedCurrency": "USD",
        "cik": "0000072903",
        "fillingDate": "2005-10-28",
        "acceptedDate": "2005-10-28 17:05:54",
        "calendarYear": "2005",
        "period": "Q3",
        "revenue": 2286123000,
        "costOfRevenue": 1121154000,
        "grossProfit": 1164969000,
        "grossProfitRatio": 0.5095828177,
        "researchAndDevelopmentExpenses": 0,
        "generalAndAdministrativeExpenses": 0,
        "sellingAndMarketingExpenses": 0,
        "sellingGeneralAndAdministrativeExpenses": 0,
        "otherExpenses": 800244000,
        "operatingExpenses": 800244000,
        "costAndExpenses": 1921398000,
        "interestIncome": 0,
        "interestExpense": 1930000,
        "depreciationAndAmortization": 196068000,
        "ebitda": 566768000,
        "ebitdaratio": 0.2479166694,
        "operatingIncome": 364725000,
        "operatingIncomeRatio": 0.15953866,
        "totalOtherIncomeExpensesNet": -106275000,
        "incomeBeforeTax": 258450000,
        "incomeBeforeTaxRatio": 0.11305166,
        "incomeTaxExpense": 60633000,
        "netIncome": 194959000,
        "netIncomeRatio": 0.0852793135,
        "eps": 0.48,
        "epsdiluted": 0.47,
        "weightedAverageShsOut": 402735000,
        "weightedAverageShsOutDil": 426085000,
        "link": "https://www.sec.gov/Archives/edgar/data/72903/000110465905050999/0001104659-05-050999-index.htm",
        "finalLink": "https://www.sec.gov/Archives/edgar/data/72903/000110465905050999/a05-17913_110q.htm"
    },
    {
        "date": "2005-06-30",
        "symbol": "XEL",
        "reportedCurrency": "USD",
        "cik": "0000072903",
        "fillingDate": "2005-07-29",
        "acceptedDate": "2005-07-29 16:36:40",
        "calendarYear": "2005",
        "period": "Q2",
        "revenue": 2064055000,
        "costOfRevenue": 912400000,
        "grossProfit": 1151655000,
        "grossProfitRatio": 0.5579575157,
        "researchAndDevelopmentExpenses": 0,
        "generalAndAdministrativeExpenses": 0,
        "sellingAndMarketingExpenses": 0,
        "sellingGeneralAndAdministrativeExpenses": 0,
        "otherExpenses": 949420000,
        "operatingExpenses": 949420000,
        "costAndExpenses": 1861820000,
        "interestIncome": 0,
        "interestExpense": 5066000,
        "depreciationAndAmortization": 204192000,
        "ebitda": 400532000,
        "ebitdaratio": 0.1940510306,
        "operatingIncome": 202505000,
        "operatingIncomeRatio": 0.0981102732,
        "totalOtherIncomeExpensesNet": -99875000,
        "incomeBeforeTax": 103180000,
        "incomeBeforeTaxRatio": 0.049988978,
        "incomeTaxExpense": 24770000,
        "netIncome": 82346000,
        "netIncomeRatio": 0.0398952547,
        "eps": 0.2,
        "epsdiluted": 0.2,
        "weightedAverageShsOut": 402214000,
        "weightedAverageShsOutDil": 425552000,
        "link": "https://www.sec.gov/Archives/edgar/data/72903/000110465905035130/0001104659-05-035130-index.htm",
        "finalLink": "https://www.sec.gov/Archives/edgar/data/72903/000110465905035130/a05-12523_110q.htm"
    },
    {
        "date": "2005-03-31",
        "symbol": "XEL",
        "reportedCurrency": "USD",
        "cik": "0000072903",
        "fillingDate": "2005-05-02",
        "acceptedDate": "2005-04-29 18:14:32",
        "calendarYear": "2005",
        "period": "Q1",
        "revenue": 2390533000,
        "costOfRevenue": 761408000,
        "grossProfit": 1629125000,
        "grossProfitRatio": 0.6814902785,
        "researchAndDevelopmentExpenses": 0,
        "generalAndAdministrativeExpenses": 0,
        "sellingAndMarketingExpenses": 0,
        "sellingGeneralAndAdministrativeExpenses": 0,
        "otherExpenses": 1354106000,
        "operatingExpenses": 1354106000,
        "costAndExpenses": 2115514000,
        "interestIncome": 0,
        "interestExpense": 492000,
        "depreciationAndAmortization": 205587000,
        "ebitda": 480526000,
        "ebitdaratio": 0.2010120755,
        "operatingIncome": 274524000,
        "operatingIncomeRatio": 0.114837988,
        "totalOtherIncomeExpensesNet": -105699000,
        "incomeBeforeTax": 171391000,
        "incomeBeforeTaxRatio": 0.0716957264,
        "incomeTaxExpense": 45509000,
        "netIncome": 120418000,
        "netIncomeRatio": 0.0503728666,
        "eps": 0.3,
        "epsdiluted": 0.29,
        "weightedAverageShsOut": 401116000,
        "weightedAverageShsOutDil": 424449000,
        "link": "https://www.sec.gov/Archives/edgar/data/72903/000110465905019428/0001104659-05-019428-index.htm",
        "finalLink": "https://www.sec.gov/Archives/edgar/data/72903/000110465905019428/a05-7383_110q.htm"
    },
    {
        "date": "2004-12-31",
        "symbol": "XEL",
        "reportedCurrency": "USD",
        "cik": "0000072903",
        "fillingDate": "2005-03-04",
        "acceptedDate": "2005-03-03 20:30:36",
        "calendarYear": "2004",
        "period": "Q4",
        "revenue": 2259361000,
        "costOfRevenue": 750199000,
        "grossProfit": 1509162000,
        "grossProfitRatio": 0.6679596576,
        "researchAndDevelopmentExpenses": 0,
        "generalAndAdministrativeExpenses": 0,
        "sellingAndMarketingExpenses": 0,
        "sellingGeneralAndAdministrativeExpenses": 0,
        "otherExpenses": 1294358000,
        "operatingExpenses": 1294358000,
        "costAndExpenses": 2044557000,
        "interestIncome": 0,
        "interestExpense": 14808000,
        "depreciationAndAmortization": 201923000,
        "ebitda": 416727000,
        "ebitdaratio": 0.1844446284,
        "operatingIncome": 214804000,
        "operatingIncomeRatio": 0.0950728989,
        "totalOtherIncomeExpensesNet": -90916000,
        "incomeBeforeTax": 123888000,
        "incomeBeforeTaxRatio": 0.0548332028,
        "incomeTaxExpense": -2701000,
        "netIncome": 71964000,
        "netIncomeRatio": 0.0318514837,
        "eps": 0.18,
        "epsdiluted": 0.17,
        "weightedAverageShsOut": 401116000,
        "weightedAverageShsOutDil": 424449000,
        "link": "https://www.sec.gov/Archives/edgar/data/72903/000110465905009425/0001104659-05-009425-index.htm",
        "finalLink": "https://www.sec.gov/Archives/edgar/data/72903/000110465905009425/a05-4263_110k.htm"
    },
    {
        "date": "2004-09-30",
        "symbol": "XEL",
        "reportedCurrency": "USD",
        "cik": "0000072903",
        "fillingDate": "2004-11-08",
        "acceptedDate": "2004-11-08 17:20:57",
        "calendarYear": "2004",
        "period": "Q3",
        "revenue": 1974935000,
        "costOfRevenue": 888845000,
        "grossProfit": 1086090000,
        "grossProfitRatio": 0.5499370865,
        "researchAndDevelopmentExpenses": 0,
        "generalAndAdministrativeExpenses": 0,
        "sellingAndMarketingExpenses": 0,
        "sellingGeneralAndAdministrativeExpenses": 0,
        "otherExpenses": 748256000,
        "operatingExpenses": 748256000,
        "costAndExpenses": 1637101000,
        "interestIncome": 0,
        "interestExpense": 7347000,
        "depreciationAndAmortization": 184846000,
        "ebitda": 533836000,
        "ebitdaratio": 0.270305605,
        "operatingIncome": 338057000,
        "operatingIncomeRatio": 0.1711737348,
        "totalOtherIncomeExpensesNet": -98165000,
        "incomeBeforeTax": 240401000,
        "incomeBeforeTaxRatio": 0.1217260315,
        "incomeTaxExpense": 74218000,
        "netIncome": 45660000,
        "netIncomeRatio": 0.0231197482,
        "eps": 0.11,
        "epsdiluted": 0.11,
        "weightedAverageShsOut": 399746000,
        "weightedAverageShsOutDil": 423078000,
        "link": "https://www.sec.gov/Archives/edgar/data/72903/000110465904034351/0001104659-04-034351-index.htm",
        "finalLink": "https://www.sec.gov/Archives/edgar/data/72903/000110465904034351/a04-12720_110q.htm"
    },
    {
        "date": "2004-06-30",
        "symbol": "XEL",
        "reportedCurrency": "USD",
        "cik": "0000072903",
        "fillingDate": "2004-08-04",
        "acceptedDate": "2004-08-04 16:48:04",
        "calendarYear": "2004",
        "period": "Q2",
        "revenue": 1763099000,
        "costOfRevenue": 723021000,
        "grossProfit": 1040078000,
        "grossProfitRatio": 0.58991469,
        "researchAndDevelopmentExpenses": 0,
        "generalAndAdministrativeExpenses": 0,
        "sellingAndMarketingExpenses": 0,
        "sellingGeneralAndAdministrativeExpenses": 0,
        "otherExpenses": 841299000,
        "operatingExpenses": 841299000,
        "costAndExpenses": 1564320000,
        "interestIncome": 0,
        "interestExpense": 7347000,
        "depreciationAndAmortization": 192514000,
        "ebitda": 385066000,
        "ebitdaratio": 0.2184029371,
        "operatingIncome": 192351000,
        "operatingIncomeRatio": 0.1090982412,
        "totalOtherIncomeExpensesNet": -104343000,
        "incomeBeforeTax": 94436000,
        "incomeBeforeTaxRatio": 0.0535625056,
        "incomeTaxExpense": 13259000,
        "netIncome": 85246000,
        "netIncomeRatio": 0.0483500926,
        "eps": 0.21,
        "epsdiluted": 0.21,
        "weightedAverageShsOut": 399217000,
        "weightedAverageShsOutDil": 422545000,
        "link": "https://www.sec.gov/Archives/edgar/data/72903/000095013404011276/0000950134-04-011276-index.htm",
        "finalLink": "https://www.sec.gov/Archives/edgar/data/72903/000095013404011276/c86278e10vq.htm"
    },
    {
        "date": "2004-03-31",
        "symbol": "XEL",
        "reportedCurrency": "USD",
        "cik": "0000072903",
        "fillingDate": "2004-05-05",
        "acceptedDate": "2004-05-05 13:30:12",
        "calendarYear": "2004",
        "period": "Q1",
        "revenue": 2261648000,
        "costOfRevenue": 678693000,
        "grossProfit": 1582955000,
        "grossProfitRatio": 0.6999121879,
        "researchAndDevelopmentExpenses": 0,
        "generalAndAdministrativeExpenses": 0,
        "sellingAndMarketingExpenses": 0,
        "sellingGeneralAndAdministrativeExpenses": 0,
        "otherExpenses": 1261717000,
        "operatingExpenses": 1261717000,
        "costAndExpenses": 1940410000,
        "interestIncome": 0,
        "interestExpense": 7462000,
        "depreciationAndAmortization": 193368000,
        "ebitda": 508402000,
        "ebitdaratio": 0.2247927175,
        "operatingIncome": 314123000,
        "operatingIncomeRatio": 0.1388911979,
        "totalOtherIncomeExpensesNet": -92578000,
        "incomeBeforeTax": 213843000,
        "incomeBeforeTaxRatio": 0.0945518489,
        "incomeTaxExpense": 69545000,
        "netIncome": 148851000,
        "netIncomeRatio": 0.0658152816,
        "eps": 0.37,
        "epsdiluted": 0.36,
        "weightedAverageShsOut": 398583000,
        "weightedAverageShsOutDil": 421921000,
        "link": "https://www.sec.gov/Archives/edgar/data/72903/000095013404006663/0000950134-04-006663-index.htm",
        "finalLink": "https://www.sec.gov/Archives/edgar/data/72903/000095013404006663/c85123e10vq.htm"
    },
    {
        "date": "2003-12-31",
        "symbol": "XEL",
        "reportedCurrency": "USD",
        "cik": "0000072903",
        "fillingDate": "2004-03-15",
        "acceptedDate": "2004-03-15 17:27:04",
        "calendarYear": "2003",
        "period": "Q4",
        "revenue": 1962195000,
        "costOfRevenue": 660307000,
        "grossProfit": 1301888000,
        "grossProfitRatio": 0.6634855353,
        "researchAndDevelopmentExpenses": 0,
        "generalAndAdministrativeExpenses": 0,
        "sellingAndMarketingExpenses": 0,
        "sellingGeneralAndAdministrativeExpenses": 0,
        "otherExpenses": 1056069000,
        "operatingExpenses": 1056069000,
        "costAndExpenses": 1716376000,
        "interestIncome": 0,
        "interestExpense": 35717000,
        "depreciationAndAmortization": 198653000,
        "ebitda": 444472000,
        "ebitdaratio": 0.2265177518,
        "operatingIncome": 245819000,
        "operatingIncomeRatio": 0.1252775591,
        "totalOtherIncomeExpensesNet": 259060000,
        "incomeBeforeTax": 504879000,
        "incomeBeforeTaxRatio": 0.2573031732,
        "incomeTaxExpense": 118805000,
        "netIncome": 476386000,
        "netIncomeRatio": 0.2427821904,
        "eps": 1.2,
        "epsdiluted": 1.13,
        "weightedAverageShsOut": 398583000,
        "weightedAverageShsOutDil": 421921000,
        "link": "https://www.sec.gov/Archives/edgar/data/72903/000095013404003528/0000950134-04-003528-index.htm",
        "finalLink": "https://www.sec.gov/Archives/edgar/data/72903/000095013404003528/c83272e10vk.htm"
    },
    {
        "date": "2003-09-30",
        "symbol": "XEL",
        "reportedCurrency": "USD",
        "cik": "0000072903",
        "fillingDate": "2003-11-13",
        "acceptedDate": "2003-11-13 17:10:56",
        "calendarYear": "2003",
        "period": "Q3",
        "revenue": 2001600000,
        "costOfRevenue": 814446000,
        "grossProfit": 1187154000,
        "grossProfitRatio": 0.593102518,
        "researchAndDevelopmentExpenses": 0,
        "generalAndAdministrativeExpenses": 0,
        "sellingAndMarketingExpenses": 0,
        "sellingGeneralAndAdministrativeExpenses": 0,
        "otherExpenses": 821266000,
        "operatingExpenses": 821266000,
        "costAndExpenses": 1635712000,
        "interestIncome": 0,
        "interestExpense": 21590000,
        "depreciationAndAmortization": 213652000,
        "ebitda": 585161000,
        "ebitdaratio": 0.2923466227,
        "operatingIncome": 361007000,
        "operatingIncomeRatio": 0.1803592126,
        "totalOtherIncomeExpensesNet": -86105000,
        "incomeBeforeTax": 274902000,
        "incomeBeforeTaxRatio": 0.1373411271,
        "incomeTaxExpense": -12593000,
        "netIncome": 286435000,
        "netIncomeRatio": 0.1431030176,
        "eps": 0.72,
        "epsdiluted": 0.69,
        "weightedAverageShsOut": 398751000,
        "weightedAverageShsOutDil": 418128000,
        "link": "https://www.sec.gov/Archives/edgar/data/72903/000095013403015235/0000950134-03-015235-index.htm",
        "finalLink": "https://www.sec.gov/Archives/edgar/data/72903/000095013403015235/c80639e10vq.htm"
    },
    {
        "date": "2003-06-30",
        "symbol": "XEL",
        "reportedCurrency": "USD",
        "cik": "0000072903",
        "fillingDate": "2003-08-15",
        "acceptedDate": "2003-08-15 16:55:08",
        "calendarYear": "2003",
        "period": "Q2",
        "revenue": 1712459000,
        "costOfRevenue": 639342000,
        "grossProfit": 1073117000,
        "grossProfitRatio": 0.6266526673,
        "researchAndDevelopmentExpenses": 0,
        "generalAndAdministrativeExpenses": 0,
        "sellingAndMarketingExpenses": 0,
        "sellingGeneralAndAdministrativeExpenses": 0,
        "otherExpenses": 910588000,
        "operatingExpenses": 910588000,
        "costAndExpenses": 1549930000,
        "interestIncome": 0,
        "interestExpense": 10864000000,
        "depreciationAndAmortization": 116052000,
        "ebitda": 368730000,
        "ebitdaratio": 0.2153219435,
        "operatingIncome": 166173000,
        "operatingIncomeRatio": 0.0970376517,
        "totalOtherIncomeExpensesNet": -109042000,
        "incomeBeforeTax": -293649000,
        "incomeBeforeTaxRatio": -0.1714779741,
        "incomeTaxExpense": -11087000,
        "netIncome": -282562000,
        "netIncomeRatio": -0.1650036585,
        "eps": -0.71,
        "epsdiluted": -0.71,
        "weightedAverageShsOut": 398717000,
        "weightedAverageShsOutDil": 399410000,
        "link": "https://www.sec.gov/Archives/edgar/data/72903/000095013403011964/0000950134-03-011964-index.htm",
        "finalLink": "https://www.sec.gov/Archives/edgar/data/72903/000095013403011964/c78734e10vq.htm"
    },
    {
        "date": "2003-03-31",
        "symbol": "XEL",
        "reportedCurrency": "USD",
        "cik": "0000072903",
        "fillingDate": "2003-05-15",
        "acceptedDate": "2003-05-15 17:44:16",
        "calendarYear": "2003",
        "period": "Q1",
        "revenue": 2075557000,
        "costOfRevenue": 592151000,
        "grossProfit": 1483406000,
        "grossProfitRatio": 0.7147026075,
        "researchAndDevelopmentExpenses": 0,
        "generalAndAdministrativeExpenses": 0,
        "sellingAndMarketingExpenses": 0,
        "sellingGeneralAndAdministrativeExpenses": 0,
        "otherExpenses": 1191082000,
        "operatingExpenses": 1191082000,
        "costAndExpenses": 1783233000,
        "interestIncome": 10448000000,
        "interestExpense": 285259000000,
        "depreciationAndAmortization": 289077000,
        "ebitda": 499232000,
        "ebitdaratio": 0.2405291688,
        "operatingIncome": 307574000,
        "operatingIncomeRatio": 0.1481886549,
        "totalOtherIncomeExpensesNet": -105881000,
        "incomeBeforeTax": 25920000,
        "incomeBeforeTaxRatio": 0.012488214,
        "incomeTaxExpense": 98089000,
        "netIncome": 138952000,
        "netIncomeRatio": 0.0669468485,
        "eps": 0.35,
        "epsdiluted": 0.34,
        "weightedAverageShsOut": 398714000,
        "weightedAverageShsOutDil": 417368000,
        "link": "https://www.sec.gov/Archives/edgar/data/72903/000095013403008228/0000950134-03-008228-index.htm",
        "finalLink": "https://www.sec.gov/Archives/edgar/data/72903/000095013403008228/c77119e10vq.htm"
    },
    {
        "date": "2002-12-31",
        "symbol": "XEL",
        "reportedCurrency": "USD",
        "cik": "0000072903",
        "fillingDate": "2003-03-31",
        "acceptedDate": "2003-03-31 17:10:38",
        "calendarYear": "2002",
        "period": "Q4",
        "revenue": 2283601000,
        "costOfRevenue": 2761591000,
        "grossProfit": -477990000,
        "grossProfitRatio": -0.209314149,
        "researchAndDevelopmentExpenses": 0,
        "generalAndAdministrativeExpenses": 0,
        "sellingAndMarketingExpenses": 0,
        "sellingGeneralAndAdministrativeExpenses": 0,
        "otherExpenses": -971750000,
        "operatingExpenses": -971750000,
        "costAndExpenses": 1789841000,
        "interestIncome": 0,
        "interestExpense": 0,
        "depreciationAndAmortization": 236326000,
        "ebitda": 739071000,
        "ebitdaratio": 0.3236427905,
        "operatingIncome": 493760000,
        "operatingIncomeRatio": 0.2162199088,
        "totalOtherIncomeExpensesNet": -265202000,
        "incomeBeforeTax": 228558000,
        "incomeBeforeTaxRatio": 0.1000866614,
        "incomeTaxExpense": -11051000,
        "netIncome": -334837000,
        "netIncomeRatio": -0.1466267531,
        "eps": -0.84,
        "epsdiluted": -0.84,
        "weightedAverageShsOut": 397612216,
        "weightedAverageShsOutDil": 398714000,
        "link": "https://www.sec.gov/Archives/edgar/data/72903/000095013403005065/0000950134-03-005065-index.htm",
        "finalLink": "https://www.sec.gov/Archives/edgar/data/72903/000095013403005065/c75712e10vk.htm"
    },
    {
        "date": "2002-09-30",
        "symbol": "XEL",
        "reportedCurrency": "USD",
        "cik": "0000072903",
        "fillingDate": "2002-11-18",
        "acceptedDate": "2002-11-18 11:07:34",
        "calendarYear": "2002",
        "period": "Q3",
        "revenue": 2473005000,
        "costOfRevenue": 618442000,
        "grossProfit": 1854563000,
        "grossProfitRatio": 0.7499228671,
        "researchAndDevelopmentExpenses": 0,
        "generalAndAdministrativeExpenses": 0,
        "sellingAndMarketingExpenses": 0,
        "sellingGeneralAndAdministrativeExpenses": 0,
        "otherExpenses": 3995307000,
        "operatingExpenses": 3995307000,
        "costAndExpenses": 4613749000,
        "interestIncome": 0,
        "interestExpense": 5394000,
        "depreciationAndAmortization": 281185000,
        "ebitda": -1876660000,
        "ebitdaratio": -0.7588581503,
        "operatingIncome": -2540956000,
        "operatingIncomeRatio": -1.0274770977,
        "totalOtherIncomeExpensesNet": 234073000,
        "incomeBeforeTax": -2755160000,
        "incomeBeforeTaxRatio": -1.1140939869,
        "incomeTaxExpense": -687955000,
        "netIncome": -2073960000,
        "netIncomeRatio": -0.8386396307,
        "eps": -5.22,
        "epsdiluted": -5.22,
        "weightedAverageShsOut": 397405000,
        "weightedAverageShsOutDil": 397405000,
        "link": "https://www.sec.gov/Archives/edgar/data/72903/000095013402014648/0000950134-02-014648-index.htm",
        "finalLink": "https://www.sec.gov/Archives/edgar/data/72903/000095013402014648/c72574e10vq.htm"
    },
    {
        "date": "2002-06-30",
        "symbol": "XEL",
        "reportedCurrency": "USD",
        "cik": "0000072903",
        "fillingDate": "2002-08-14",
        "acceptedDate": "2002-08-14 18:30:53",
        "calendarYear": "2002",
        "period": "Q2",
        "revenue": 2225747000,
        "costOfRevenue": 544405000,
        "grossProfit": 1681342000,
        "grossProfitRatio": 0.7554057132,
        "researchAndDevelopmentExpenses": 0,
        "generalAndAdministrativeExpenses": 0,
        "sellingAndMarketingExpenses": 0,
        "sellingGeneralAndAdministrativeExpenses": 0,
        "otherExpenses": 1366956000,
        "operatingExpenses": 1366956000,
        "costAndExpenses": 1911361000,
        "interestIncome": 0,
        "interestExpense": 13698000000,
        "depreciationAndAmortization": 281247000,
        "ebitda": 595633000,
        "ebitdaratio": 0.2676103798,
        "operatingIncome": 345561000,
        "operatingIncomeRatio": 0.1552561904,
        "totalOtherIncomeExpensesNet": -191489000,
        "incomeBeforeTax": 138520000,
        "incomeBeforeTaxRatio": 0.0622352855,
        "incomeTaxExpense": 37707000,
        "netIncome": 86242000,
        "netIncomeRatio": 0.0387474407,
        "eps": 0.23,
        "epsdiluted": 0.23,
        "weightedAverageShsOut": 377983000,
        "weightedAverageShsOutDil": 378129000,
        "link": "https://www.sec.gov/Archives/edgar/data/72903/000095013402010147/0000950134-02-010147-index.htm",
        "finalLink": "https://www.sec.gov/Archives/edgar/data/72903/000095013402010147/c71212e10vq.htm"
    },
    {
        "date": "2002-03-31",
        "symbol": "XEL",
        "reportedCurrency": "USD",
        "cik": "0000072903",
        "fillingDate": "2002-05-15",
        "acceptedDate": "2002-05-15 17:19:23",
        "calendarYear": "2002",
        "period": "Q1",
        "revenue": 3317587000,
        "costOfRevenue": 488114000,
        "grossProfit": 2829473000,
        "grossProfitRatio": 0.8528707763,
        "researchAndDevelopmentExpenses": 0,
        "generalAndAdministrativeExpenses": 0,
        "sellingAndMarketingExpenses": 0,
        "sellingGeneralAndAdministrativeExpenses": 0,
        "otherExpenses": 2501555000,
        "operatingExpenses": 2501555000,
        "costAndExpenses": 2989669000,
        "interestIncome": 0,
        "interestExpense": 17923000000,
        "depreciationAndAmortization": 265139000,
        "ebitda": 593057000,
        "ebitdaratio": 0.1787615517,
        "operatingIncome": 327918000,
        "operatingIncomeRatio": 0.0988423212,
        "totalOtherIncomeExpensesNet": -191137000,
        "incomeBeforeTax": 136781000,
        "incomeBeforeTaxRatio": 0.041229062,
        "incomeTaxExpense": 33277000,
        "netIncome": 102444000,
        "netIncomeRatio": 0.0308790696,
        "eps": 0.29,
        "epsdiluted": 0.29,
        "weightedAverageShsOut": 353827000,
        "weightedAverageShsOutDil": 354172000,
        "link": "https://www.sec.gov/Archives/edgar/data/72903/000095013702003139/0000950137-02-003139-index.htm",
        "finalLink": "https://www.sec.gov/Archives/edgar/data/72903/000095013702003139/c69613e10-q.htm"
    },
    {
        "date": "2001-12-31",
        "symbol": "XEL",
        "reportedCurrency": "USD",
        "cik": "0000072903",
        "fillingDate": "2002-03-29",
        "acceptedDate": "2002-03-29 00:00:00",
        "calendarYear": "2001",
        "period": "Q4",
        "revenue": 3118535000,
        "costOfRevenue": 6896084000,
        "grossProfit": -3777549000,
        "grossProfitRatio": -1.2113216623,
        "researchAndDevelopmentExpenses": 0,
        "generalAndAdministrativeExpenses": 0,
        "sellingAndMarketingExpenses": 0,
        "sellingGeneralAndAdministrativeExpenses": 0,
        "otherExpenses": -3911610000,
        "operatingExpenses": -3911610000,
        "costAndExpenses": 2984474000,
        "interestIncome": 0,
        "interestExpense": 72161000000,
        "depreciationAndAmortization": 236964000,
        "ebitda": 398298000,
        "ebitdaratio": 0.1277195863,
        "operatingIncome": 134061000,
        "operatingIncomeRatio": 0.0429884545,
        "totalOtherIncomeExpensesNet": 10893000,
        "incomeBeforeTax": 144954000,
        "incomeBeforeTaxRatio": 0.0464814408,
        "incomeTaxExpense": 10345000,
        "netIncome": 143835000,
        "netIncomeRatio": 0.0461226185,
        "eps": 0.41,
        "epsdiluted": 0.41,
        "weightedAverageShsOut": 353827000,
        "weightedAverageShsOutDil": 354172000,
        "link": "https://www.sec.gov/Archives/edgar/data/72903/000095013702001868/0000950137-02-001868-index.htm",
        "finalLink": "https://www.sec.gov/Archives/edgar/data/72903/000095013702001868/c68394e10-k.htm"
    },
    {
        "date": "2001-09-30",
        "symbol": "XEL",
        "reportedCurrency": "USD",
        "cik": "0000072903",
        "fillingDate": "2001-11-14",
        "acceptedDate": "2001-11-14 00:00:00",
        "calendarYear": "2001",
        "period": "Q3",
        "revenue": 2981639000,
        "costOfRevenue": 947914000,
        "grossProfit": 2033725000,
        "grossProfitRatio": 0.6820829081,
        "researchAndDevelopmentExpenses": 0,
        "generalAndAdministrativeExpenses": 0,
        "sellingAndMarketingExpenses": 0,
        "sellingGeneralAndAdministrativeExpenses": 0,
        "otherExpenses": 1396138000,
        "operatingExpenses": 1396138000,
        "costAndExpenses": 2344052000,
        "interestIncome": 0,
        "interestExpense": 0,
        "depreciationAndAmortization": 261567000,
        "ebitda": 899154000,
        "ebitdaratio": 0.3015636702,
        "operatingIncome": 661662000,
        "operatingIncomeRatio": 0.2219121765,
        "totalOtherIncomeExpensesNet": -230637000,
        "incomeBeforeTax": 422803000,
        "incomeBeforeTaxRatio": 0.1418022101,
        "incomeTaxExpense": 149900000,
        "netIncome": 271843000,
        "netIncomeRatio": 0.0911723384,
        "eps": 0.79,
        "epsdiluted": 0.79,
        "weightedAverageShsOut": 343770000,
        "weightedAverageShsOutDil": 344385000,
        "link": "https://www.sec.gov/Archives/edgar/data/72903/000095013701504680/0000950137-01-504680-index.htm",
        "finalLink": "https://www.sec.gov/Archives/edgar/data/72903/000095013701504680/c65832e10-q.htm"
    },
    {
        "date": "2001-06-30",
        "symbol": "XEL",
        "reportedCurrency": "USD",
        "cik": "0000072903",
        "fillingDate": "2001-08-14",
        "acceptedDate": "2001-08-14 00:00:00",
        "calendarYear": "2001",
        "period": "Q2",
        "revenue": 3697354000,
        "costOfRevenue": 836977000,
        "grossProfit": 2860377000,
        "grossProfitRatio": 0.7736281135,
        "researchAndDevelopmentExpenses": 0,
        "generalAndAdministrativeExpenses": 0,
        "sellingAndMarketingExpenses": 0,
        "sellingGeneralAndAdministrativeExpenses": 0,
        "otherExpenses": 2427128000,
        "operatingExpenses": 2427128000,
        "costAndExpenses": 3264105000,
        "interestIncome": 0,
        "interestExpense": 186467000000,
        "depreciationAndAmortization": 243778000,
        "ebitda": 677027000,
        "ebitdaratio": 0.1831112195,
        "operatingIncome": 375098000,
        "operatingIncomeRatio": 0.1014503886,
        "totalOtherIncomeExpensesNet": -195589000,
        "incomeBeforeTax": 238054000,
        "incomeBeforeTaxRatio": 0.0643849629,
        "incomeTaxExpense": 70197000,
        "netIncome": 166797000,
        "netIncomeRatio": 0.0451125318,
        "eps": 0.49,
        "epsdiluted": 0.49,
        "weightedAverageShsOut": 342553000,
        "weightedAverageShsOutDil": 343688000,
        "link": "https://www.sec.gov/Archives/edgar/data/72903/000091205701528332/0000912057-01-528332-index.htm",
        "finalLink": "https://www.sec.gov/Archives/edgar/data/72903/000091205701528332/a2056764z10-q.htm"
    },
    {
        "date": "2001-03-31",
        "symbol": "XEL",
        "reportedCurrency": "USD",
        "cik": "0000072903",
        "fillingDate": "2001-05-15",
        "acceptedDate": "2001-05-15 00:00:00",
        "calendarYear": "2001",
        "period": "Q1",
        "revenue": 4207106000,
        "costOfRevenue": 779665000,
        "grossProfit": 3427441000,
        "grossProfitRatio": 0.8146790216,
        "researchAndDevelopmentExpenses": 0,
        "generalAndAdministrativeExpenses": 0,
        "sellingAndMarketingExpenses": 0,
        "sellingGeneralAndAdministrativeExpenses": 0,
        "otherExpenses": 2957648000,
        "operatingExpenses": 2957648000,
        "costAndExpenses": 3737313000,
        "interestIncome": 0,
        "interestExpense": 175849000000,
        "depreciationAndAmortization": 232307000,
        "ebitda": 702100000,
        "ebitdaratio": 0.1668843143,
        "operatingIncome": 469793000,
        "operatingIncomeRatio": 0.111666547,
        "totalOtherIncomeExpensesNet": -154202000,
        "incomeBeforeTax": 315591000,
        "incomeBeforeTaxRatio": 0.0750137981,
        "incomeTaxExpense": 106281000,
        "netIncome": 208250000,
        "netIncomeRatio": 0.0494995848,
        "eps": 0.61,
        "epsdiluted": 0.61,
        "weightedAverageShsOut": 340780000,
        "weightedAverageShsOutDil": 341472000,
        "link": "https://www.sec.gov/Archives/edgar/data/72903/000091205701515934/0000912057-01-515934-index.htm",
        "finalLink": "https://www.sec.gov/Archives/edgar/data/72903/000091205701515934/a2048453z10-q.htm"
    },
    {
        "date": "2000-12-31",
        "symbol": "XEL",
        "reportedCurrency": "USD",
        "cik": "0000072903",
        "fillingDate": "2001-03-27",
        "acceptedDate": "2001-03-27 00:00:00",
        "calendarYear": "2000",
        "period": "Q4",
        "revenue": 4636313000,
        "costOfRevenue": 3535164000,
        "grossProfit": 1101149000,
        "grossProfitRatio": 0.2375053194,
        "researchAndDevelopmentExpenses": 0,
        "generalAndAdministrativeExpenses": 70999000,
        "sellingAndMarketingExpenses": 0,
        "sellingGeneralAndAdministrativeExpenses": 0,
        "otherExpenses": 919490000,
        "operatingExpenses": 919490000,
        "costAndExpenses": 4454654000,
        "interestIncome": 0,
        "interestExpense": 657305000000,
        "depreciationAndAmortization": 221724000,
        "ebitda": 403383000,
        "ebitdaratio": 0.0870051267,
        "operatingIncome": 181659000,
        "operatingIncomeRatio": 0.0391817809,
        "totalOtherIncomeExpensesNet": 18293000,
        "incomeBeforeTax": 199952000,
        "incomeBeforeTaxRatio": 0.043127373,
        "incomeTaxExpense": 62151000,
        "netIncome": 136741000,
        "netIncomeRatio": 0.029493479,
        "eps": 0.4,
        "epsdiluted": 0.4,
        "weightedAverageShsOut": 340780000,
        "weightedAverageShsOutDil": 341472000,
        "link": "https://www.sec.gov/Archives/edgar/data/72903/000091205701008515/0000912057-01-008515-index.htm",
        "finalLink": "https://www.sec.gov/Archives/edgar/data/72903/000091205701008515/a2042375z10-k.htm"
    },
    {
        "date": "2000-09-30",
        "symbol": "XEL",
        "reportedCurrency": "USD",
        "cik": "0000072903",
        "fillingDate": "2000-11-14",
        "acceptedDate": "2000-11-14 00:00:00",
        "calendarYear": "2000",
        "period": "Q3",
        "revenue": 2562719000,
        "costOfRevenue": 1172651000,
        "grossProfit": 1390068000,
        "grossProfitRatio": 0.542419204,
        "researchAndDevelopmentExpenses": 0,
        "generalAndAdministrativeExpenses": 0,
        "sellingAndMarketingExpenses": 0,
        "sellingGeneralAndAdministrativeExpenses": 0,
        "otherExpenses": 984786000,
        "operatingExpenses": 984786000,
        "costAndExpenses": 2157437000,
        "interestIncome": 0,
        "interestExpense": 175880000000,
        "depreciationAndAmortization": 361077000,
        "ebitda": 620563000,
        "ebitdaratio": 0.2421502318,
        "operatingIncome": 405282000,
        "operatingIncomeRatio": 0.1581453136,
        "totalOtherIncomeExpensesNet": -209632000,
        "incomeBeforeTax": 195650000,
        "incomeBeforeTaxRatio": 0.0763446948,
        "incomeTaxExpense": 97734000,
        "netIncome": 91554000,
        "netIncomeRatio": 0.035725337,
        "eps": 0.27,
        "epsdiluted": 0.27,
        "weightedAverageShsOut": 338495000,
        "weightedAverageShsOutDil": 338876000,
        "link": "https://www.sec.gov/Archives/edgar/data/72903/000091205700049771/0000912057-00-049771-index.htm",
        "finalLink": "https://www.sec.gov/Archives/edgar/data/72903/000091205700049771/a2030645z10-q.htm"
    },
    {
        "date": "2000-06-30",
        "symbol": "XEL",
        "reportedCurrency": "USD",
        "cik": "0000072903",
        "fillingDate": "2000-08-10",
        "acceptedDate": "2000-08-10 00:00:00",
        "calendarYear": "2000",
        "period": "Q2",
        "revenue": 2416216000,
        "costOfRevenue": 518036000,
        "grossProfit": 1898180000,
        "grossProfitRatio": 0.785600294,
        "researchAndDevelopmentExpenses": 0,
        "generalAndAdministrativeExpenses": 32899000,
        "sellingAndMarketingExpenses": 0,
        "sellingGeneralAndAdministrativeExpenses": 32899000,
        "otherExpenses": 1494818000,
        "operatingExpenses": 1527717000,
        "costAndExpenses": 2045753000,
        "interestIncome": 0,
        "interestExpense": 118858000,
        "depreciationAndAmortization": 142604000,
        "ebitda": 658863000,
        "ebitdaratio": 0.2726838163,
        "operatingIncome": 95081000,
        "operatingIncomeRatio": 0.0393512004,
        "totalOtherIncomeExpensesNet": 141899000,
        "incomeBeforeTax": 84105000,
        "incomeBeforeTaxRatio": 0.0348085602,
        "incomeTaxExpense": 21943000,
        "netIncome": 62162000,
        "netIncomeRatio": 0.0257270045,
        "eps": 0.18,
        "epsdiluted": 0.18,
        "weightedAverageShsOut": 337466000,
        "weightedAverageShsOutDil": 337634000,
        "link": "https://www.sec.gov/Archives/edgar/data/72903/000091205700036045/0000912057-00-036045-index.htm",
        "finalLink": "https://www.sec.gov/Archives/edgar/data/72903/000091205700036045/a10-q.htm"
    },
    {
        "date": "2000-03-31",
        "symbol": "XEL",
        "reportedCurrency": "USD",
        "cik": "0000072903",
        "fillingDate": "2000-05-05",
        "acceptedDate": "2000-05-05 00:00:00",
        "calendarYear": "2000",
        "period": "Q1",
        "revenue": 793005000,
        "costOfRevenue": 323952000,
        "grossProfit": 469053000,
        "grossProfitRatio": 0.5914880738,
        "researchAndDevelopmentExpenses": 0,
        "generalAndAdministrativeExpenses": 38100000,
        "sellingAndMarketingExpenses": 0,
        "sellingGeneralAndAdministrativeExpenses": 38100000,
        "otherExpenses": 319220000,
        "operatingExpenses": 357320000,
        "costAndExpenses": 681272000,
        "interestIncome": 0,
        "interestExpense": 88416000000,
        "depreciationAndAmortization": 132671000,
        "ebitda": 244404000,
        "ebitdaratio": 0.3081998222,
        "operatingIncome": 111733000,
        "operatingIncomeRatio": 0.1408982289,
        "totalOtherIncomeExpensesNet": -41466000,
        "incomeBeforeTax": 70267000,
        "incomeBeforeTaxRatio": 0.0886085208,
        "incomeTaxExpense": 22266000,
        "netIncome": 46941000,
        "netIncomeRatio": 0.059193826,
        "eps": 0.3,
        "epsdiluted": 0.3,
        "weightedAverageShsOut": 155891000,
        "weightedAverageShsOutDil": 155906000,
        "link": "https://www.sec.gov/Archives/edgar/data/72903/000091205700022038/0000912057-00-022038-index.html",
        "finalLink": "https://www.sec.gov/Archives/edgar/data/72903/000091205700022038/0000912057-00-022038-d1.html"
    },
    {
        "date": "1999-12-31",
        "symbol": "XEL",
        "reportedCurrency": "USD",
        "cik": "0000072903",
        "fillingDate": "2000-03-29",
        "acceptedDate": "2000-03-29 00:00:00",
        "calendarYear": "1999",
        "period": "Q4",
        "revenue": 652900000,
        "costOfRevenue": 253700000,
        "grossProfit": 399200000,
        "grossProfitRatio": 0.6114259458,
        "researchAndDevelopmentExpenses": 0,
        "generalAndAdministrativeExpenses": 27300000,
        "sellingAndMarketingExpenses": 0,
        "sellingGeneralAndAdministrativeExpenses": 27300000,
        "otherExpenses": 156300000,
        "operatingExpenses": 183600000,
        "costAndExpenses": 437300000,
        "interestIncome": 0,
        "interestExpense": 220459000000,
        "depreciationAndAmortization": 355704000000,
        "ebitda": 344300000,
        "ebitdaratio": 0.527339562,
        "operatingIncome": 215600000,
        "operatingIncomeRatio": 0.3302190228,
        "totalOtherIncomeExpensesNet": 16600000,
        "incomeBeforeTax": 232200000,
        "incomeBeforeTaxRatio": 0.3556440496,
        "incomeTaxExpense": 183000000,
        "netIncome": 48100000,
        "netIncomeRatio": 0.0736713126,
        "eps": 0.32,
        "epsdiluted": 0.32,
        "weightedAverageShsOut": 155891000,
        "weightedAverageShsOutDil": 155906000,
        "link": "https://www.sec.gov/Archives/edgar/data/72903/000091205700014257/0000912057-00-014257-index.html",
        "finalLink": "https://www.sec.gov/Archives/edgar/data/72903/000091205700014257/0000912057-00-014257-d1.html"
    },
    {
        "date": "1999-09-30",
        "symbol": "XEL",
        "reportedCurrency": "USD",
        "cik": "0000072903",
        "fillingDate": "1999-11-12",
        "acceptedDate": "1999-11-12 00:00:00",
        "calendarYear": "1999",
        "period": "Q3",
        "revenue": 813400000,
        "costOfRevenue": 294400000,
        "grossProfit": 519000000,
        "grossProfitRatio": 0.6380624539,
        "researchAndDevelopmentExpenses": 0,
        "generalAndAdministrativeExpenses": 34300000,
        "sellingAndMarketingExpenses": 0,
        "sellingGeneralAndAdministrativeExpenses": 34300000,
        "otherExpenses": 362200000,
        "operatingExpenses": 396500000,
        "costAndExpenses": 690900000,
        "interestIncome": 0,
        "interestExpense": 63379000,
        "depreciationAndAmortization": 89128000,
        "ebitda": 243643000,
        "ebitdaratio": 0.2995365134,
        "operatingIncome": 122500000,
        "operatingIncomeRatio": 0.1506024096,
        "totalOtherIncomeExpensesNet": -14900000,
        "incomeBeforeTax": 107600000,
        "incomeBeforeTaxRatio": 0.132284239,
        "incomeTaxExpense": -3700000,
        "netIncome": 110200000,
        "netIncomeRatio": 0.1354806983,
        "eps": 0.72,
        "epsdiluted": 0.72,
        "weightedAverageShsOut": 153055556,
        "weightedAverageShsOutDil": 153055556,
        "link": "https://www.sec.gov/Archives/edgar/data/72903/000091205799005247/0000912057-99-005247-index.html",
        "finalLink": "https://www.sec.gov/Archives/edgar/data/72903/000091205799005247/0000912057-99-005247-d1.html"
    },
    {
        "date": "1999-06-30",
        "symbol": "XEL",
        "reportedCurrency": "USD",
        "cik": "0000072903",
        "fillingDate": "1999-08-13",
        "acceptedDate": "1999-08-13 00:00:00",
        "calendarYear": "1999",
        "period": "Q2",
        "revenue": 627157000,
        "costOfRevenue": 223678000,
        "grossProfit": 403479000,
        "grossProfitRatio": 0.643346084,
        "researchAndDevelopmentExpenses": 0,
        "generalAndAdministrativeExpenses": 0,
        "sellingAndMarketingExpenses": 0,
        "sellingGeneralAndAdministrativeExpenses": 35234000,
        "otherExpenses": 314771000,
        "operatingExpenses": 350005000,
        "costAndExpenses": 573683000,
        "interestIncome": 0,
        "interestExpense": 0,
        "depreciationAndAmortization": 116600000,
        "ebitda": 165889000,
        "ebitdaratio": 0.2645095247,
        "operatingIncome": 55200000,
        "operatingIncomeRatio": 0.0880162384,
        "totalOtherIncomeExpensesNet": -36454000,
        "incomeBeforeTax": -100000,
        "incomeBeforeTaxRatio": -0.0001594497,
        "incomeTaxExpense": -11600000,
        "netIncome": 9380000,
        "netIncomeRatio": 0.0149563825,
        "eps": 0.06,
        "epsdiluted": 0.06,
        "weightedAverageShsOut": 153012000,
        "weightedAverageShsOutDil": 153118000,
        "link": "https://www.sec.gov/Archives/edgar/data/72903/000007290399000022/0000072903-99-000022-index.html",
        "finalLink": "https://www.sec.gov/Archives/edgar/data/72903/000007290399000022/"
    },
    {
        "date": "1999-03-31",
        "symbol": "XEL",
        "reportedCurrency": "USD",
        "cik": "0000072903",
        "fillingDate": "1999-05-14",
        "acceptedDate": "1999-05-14 00:00:00",
        "calendarYear": "1999",
        "period": "Q1",
        "revenue": 743183000,
        "costOfRevenue": 280206000,
        "grossProfit": 462977000,
        "grossProfitRatio": 0.6229650032,
        "researchAndDevelopmentExpenses": 0,
        "generalAndAdministrativeExpenses": 0,
        "sellingAndMarketingExpenses": 0,
        "sellingGeneralAndAdministrativeExpenses": 30563000,
        "otherExpenses": 308472000,
        "operatingExpenses": 339035000,
        "costAndExpenses": 619241000,
        "interestIncome": 0,
        "interestExpense": 0,
        "depreciationAndAmortization": 124000000,
        "ebitda": 235584000,
        "ebitdaratio": 0.3169932574,
        "operatingIncome": 130200000,
        "operatingIncomeRatio": 0.175192382,
        "totalOtherIncomeExpensesNet": -51475000,
        "incomeBeforeTax": 78700000,
        "incomeBeforeTaxRatio": 0.1058958561,
        "incomeTaxExpense": 26400000,
        "netIncome": 51261000,
        "netIncomeRatio": 0.0689749362,
        "eps": 0.34,
        "epsdiluted": 0.34,
        "weightedAverageShsOut": 152392000,
        "weightedAverageShsOutDil": 152553000,
        "link": "https://www.sec.gov/Archives/edgar/data/72903/000007290399000008/0000072903-99-000008-index.html",
        "finalLink": "https://www.sec.gov/Archives/edgar/data/72903/"
    },
    {
        "date": "1998-12-31",
        "symbol": "XEL",
        "reportedCurrency": "USD",
        "cik": "0000072903",
        "fillingDate": "1999-03-29",
        "acceptedDate": "1999-03-29 00:00:00",
        "calendarYear": "1998",
        "period": "Q4",
        "revenue": 712800000,
        "costOfRevenue": 250500000,
        "grossProfit": 462300000,
        "grossProfitRatio": 0.6485690236,
        "researchAndDevelopmentExpenses": 0,
        "generalAndAdministrativeExpenses": 0,
        "sellingAndMarketingExpenses": 0,
        "sellingGeneralAndAdministrativeExpenses": 38900000,
        "otherExpenses": 192800000,
        "operatingExpenses": 231700000,
        "costAndExpenses": 482200000,
        "interestIncome": 0,
        "interestExpense": 0,
        "depreciationAndAmortization": 57500000,
        "ebitda": 336600000,
        "ebitdaratio": 0.4722222222,
        "operatingIncome": 230600000,
        "operatingIncomeRatio": 0.3235129068,
        "totalOtherIncomeExpensesNet": 6700000,
        "incomeBeforeTax": 237300000,
        "incomeBeforeTaxRatio": 0.3329124579,
        "incomeTaxExpense": 148700000,
        "netIncome": 87600000,
        "netIncomeRatio": 0.1228956229,
        "eps": 0.59,
        "epsdiluted": 0.59,
        "weightedAverageShsOut": 150588235,
        "weightedAverageShsOutDil": 150588235,
        "link": "https://www.sec.gov/Archives/edgar/data/72903/000104746999011811/0001047469-99-011811-index.html",
        "finalLink": "https://www.sec.gov/Archives/edgar/data/72903/"
    },
    {
        "date": "1998-09-30",
        "symbol": "XEL",
        "reportedCurrency": "USD",
        "cik": "0000072903",
        "fillingDate": "1998-11-13",
        "acceptedDate": "1998-11-13 00:00:00",
        "calendarYear": "1998",
        "period": "Q3",
        "revenue": 766400000,
        "costOfRevenue": 234600000,
        "grossProfit": 531800000,
        "grossProfitRatio": 0.6938935282,
        "researchAndDevelopmentExpenses": 0,
        "generalAndAdministrativeExpenses": 0,
        "sellingAndMarketingExpenses": 0,
        "sellingGeneralAndAdministrativeExpenses": 36900000,
        "otherExpenses": 360000000,
        "operatingExpenses": 396900000,
        "costAndExpenses": 631500000,
        "interestIncome": 0,
        "interestExpense": 0,
        "depreciationAndAmortization": 115900000,
        "ebitda": 243500000,
        "ebitdaratio": 0.3177192067,
        "operatingIncome": 134900000,
        "operatingIncomeRatio": 0.1760177453,
        "totalOtherIncomeExpensesNet": -51200000,
        "incomeBeforeTax": 83700000,
        "incomeBeforeTaxRatio": 0.1092118998,
        "incomeTaxExpense": -18000000,
        "netIncome": 100600000,
        "netIncomeRatio": 0.131263048,
        "eps": 0.67,
        "epsdiluted": 0.67,
        "weightedAverageShsOut": 150149254,
        "weightedAverageShsOutDil": 150149254,
        "link": "https://www.sec.gov/Archives/edgar/data/72903/000007290398000045/0000072903-98-000045-index.html",
        "finalLink": "https://www.sec.gov/Archives/edgar/data/72903/"
    },
    {
        "date": "1998-06-30",
        "symbol": "XEL",
        "reportedCurrency": "USD",
        "cik": "0000072903",
        "fillingDate": "1998-08-14",
        "acceptedDate": "1998-08-14 00:00:00",
        "calendarYear": "1998",
        "period": "Q2",
        "revenue": 638700000,
        "costOfRevenue": 209500000,
        "grossProfit": 429200000,
        "grossProfitRatio": 0.6719899796,
        "researchAndDevelopmentExpenses": 0,
        "generalAndAdministrativeExpenses": 0,
        "sellingAndMarketingExpenses": 0,
        "sellingGeneralAndAdministrativeExpenses": 36500000,
        "otherExpenses": 327500000,
        "operatingExpenses": 364000000,
        "costAndExpenses": 573500000,
        "interestIncome": 0,
        "interestExpense": 0,
        "depreciationAndAmortization": 103700000,
        "ebitda": 170100000,
        "ebitdaratio": 0.266322217,
        "operatingIncome": 65200000,
        "operatingIncomeRatio": 0.1020823548,
        "totalOtherIncomeExpensesNet": -42000000,
        "incomeBeforeTax": 23200000,
        "incomeBeforeTaxRatio": 0.0363237827,
        "incomeTaxExpense": -11800000,
        "netIncome": 33900000,
        "netIncomeRatio": 0.0530765618,
        "eps": 0.23,
        "epsdiluted": 0.23,
        "weightedAverageShsOut": 147391304,
        "weightedAverageShsOutDil": 147391304,
        "link": "https://www.sec.gov/Archives/edgar/data/72903/000007290398000034/0000072903-98-000034-index.html",
        "finalLink": "https://www.sec.gov/Archives/edgar/data/72903/"
    },
    {
        "date": "1998-03-31",
        "symbol": "XEL",
        "reportedCurrency": "USD",
        "cik": "0000072903",
        "fillingDate": "1998-05-15",
        "acceptedDate": "1998-05-15 00:00:00",
        "calendarYear": "1998",
        "period": "Q1",
        "revenue": 701400000,
        "costOfRevenue": 261700000,
        "grossProfit": 439700000,
        "grossProfitRatio": 0.626889079,
        "researchAndDevelopmentExpenses": 0,
        "generalAndAdministrativeExpenses": 0,
        "sellingAndMarketingExpenses": 0,
        "sellingGeneralAndAdministrativeExpenses": 37800000,
        "otherExpenses": 322800000,
        "operatingExpenses": 360600000,
        "costAndExpenses": 622300000,
        "interestIncome": 0,
        "interestExpense": 0,
        "depreciationAndAmortization": 98700000,
        "ebitda": 182900000,
        "ebitdaratio": 0.2607641859,
        "operatingIncome": 79000000,
        "operatingIncomeRatio": 0.1126318791,
        "totalOtherIncomeExpensesNet": -36000000,
        "incomeBeforeTax": 43100000,
        "incomeBeforeTaxRatio": 0.0614485315,
        "incomeTaxExpense": -14000000,
        "netIncome": 54700000,
        "netIncomeRatio": 0.0779868834,
        "eps": 0.37,
        "epsdiluted": 0.37,
        "weightedAverageShsOut": 147837838,
        "weightedAverageShsOutDil": 147837838,
        "link": "https://www.sec.gov/Archives/edgar/data/72903/000007290398000015/0000072903-98-000015-index.html",
        "finalLink": "https://www.sec.gov/Archives/edgar/data/72903/"
    },
    {
        "date": "1997-12-31",
        "symbol": "XEL",
        "reportedCurrency": "USD",
        "cik": "0000072903",
        "fillingDate": "1998-03-30",
        "acceptedDate": "1998-03-30 00:00:00",
        "calendarYear": "1997",
        "period": "Q4",
        "revenue": 699600000,
        "costOfRevenue": 260200000,
        "grossProfit": 439400000,
        "grossProfitRatio": 0.6280731847,
        "researchAndDevelopmentExpenses": 0,
        "generalAndAdministrativeExpenses": 0,
        "sellingAndMarketingExpenses": 0,
        "sellingGeneralAndAdministrativeExpenses": 33300000,
        "otherExpenses": 297700000,
        "operatingExpenses": 331000000,
        "costAndExpenses": 591200000,
        "interestIncome": 0,
        "interestExpense": 0,
        "depreciationAndAmortization": 100100000,
        "ebitda": 211100000,
        "ebitdaratio": 0.3017438536,
        "operatingIncome": 108400000,
        "operatingIncomeRatio": 0.1549456832,
        "totalOtherIncomeExpensesNet": -39500000,
        "incomeBeforeTax": 68900000,
        "incomeBeforeTaxRatio": 0.0984848485,
        "incomeTaxExpense": 3500000,
        "netIncome": 63000000,
        "netIncomeRatio": 0.090051458,
        "eps": 0.44,
        "epsdiluted": 0.44,
        "weightedAverageShsOut": 147072323,
        "weightedAverageShsOutDil": 147837838,
        "link": "https://www.sec.gov/Archives/edgar/data/72903/000089710198000331/0000897101-98-000331-index.html",
        "finalLink": "https://www.sec.gov/Archives/edgar/data/72903/"
    },
    {
        "date": "1997-09-30",
        "symbol": "XEL",
        "reportedCurrency": "USD",
        "cik": "0000072903",
        "fillingDate": "1997-11-14",
        "acceptedDate": "1997-11-14 00:00:00",
        "calendarYear": "1997",
        "period": "Q3",
        "revenue": 697400000,
        "costOfRevenue": 193100000,
        "grossProfit": 504400000,
        "grossProfitRatio": 0.7232578147,
        "researchAndDevelopmentExpenses": 0,
        "generalAndAdministrativeExpenses": 0,
        "sellingAndMarketingExpenses": 0,
        "sellingGeneralAndAdministrativeExpenses": 37500000,
        "otherExpenses": 295500000,
        "operatingExpenses": 333000000,
        "costAndExpenses": 526100000,
        "interestIncome": 0,
        "interestExpense": 0,
        "depreciationAndAmortization": 100800000,
        "ebitda": 697400000,
        "ebitdaratio": 1,
        "operatingIncome": 171300000,
        "operatingIncomeRatio": 0.2456266131,
        "totalOtherIncomeExpensesNet": -40100000,
        "incomeBeforeTax": 131200000,
        "incomeBeforeTaxRatio": 0.1881273301,
        "incomeTaxExpense": 43300000,
        "netIncome": 83100000,
        "netIncomeRatio": 0.1191568684,
        "eps": 0.62,
        "epsdiluted": 0.62,
        "weightedAverageShsOut": 137903226,
        "weightedAverageShsOutDil": 137903226,
        "link": "https://www.sec.gov/Archives/edgar/data/72903/000007290397000028/0000072903-97-000028-index.html",
        "finalLink": "https://www.sec.gov/Archives/edgar/data/72903/"
    },
    {
        "date": "1997-06-30",
        "symbol": "XEL",
        "reportedCurrency": "USD",
        "cik": "0000072903",
        "fillingDate": "1997-08-13",
        "acceptedDate": "1997-08-13 00:00:00",
        "calendarYear": "1997",
        "period": "Q2",
        "revenue": 594300000,
        "costOfRevenue": 182600000,
        "grossProfit": 411700000,
        "grossProfitRatio": 0.6927477705,
        "researchAndDevelopmentExpenses": 0,
        "generalAndAdministrativeExpenses": 0,
        "sellingAndMarketingExpenses": 0,
        "sellingGeneralAndAdministrativeExpenses": 36300000,
        "otherExpenses": 338900000,
        "operatingExpenses": 375200000,
        "costAndExpenses": 557800000,
        "interestIncome": 0,
        "interestExpense": 0,
        "depreciationAndAmortization": 100400000,
        "ebitda": 135300000,
        "ebitdaratio": 0.2276627966,
        "operatingIncome": 36500000,
        "operatingIncomeRatio": 0.0614167929,
        "totalOtherIncomeExpensesNet": -35000000,
        "incomeBeforeTax": 1500000,
        "incomeBeforeTaxRatio": 0.0025239778,
        "incomeTaxExpense": -16800000,
        "netIncome": 15900000,
        "netIncomeRatio": 0.0267541646,
        "eps": 0.12,
        "epsdiluted": 0.12,
        "weightedAverageShsOut": 132500000,
        "weightedAverageShsOutDil": 132500000,
        "link": "https://www.sec.gov/Archives/edgar/data/72903/000007290397000018/0000072903-97-000018-index.html",
        "finalLink": "https://www.sec.gov/Archives/edgar/data/72903/"
    },
    {
        "date": "1997-03-31",
        "symbol": "XEL",
        "reportedCurrency": "USD",
        "cik": "0000072903",
        "fillingDate": "1997-05-15",
        "acceptedDate": "1997-05-15 00:00:00",
        "calendarYear": "1997",
        "period": "Q1",
        "revenue": 742500000,
        "costOfRevenue": 291600000,
        "grossProfit": 450900000,
        "grossProfitRatio": 0.6072727273,
        "researchAndDevelopmentExpenses": 0,
        "generalAndAdministrativeExpenses": 0,
        "sellingAndMarketingExpenses": 0,
        "sellingGeneralAndAdministrativeExpenses": 34600000,
        "otherExpenses": 327800000,
        "operatingExpenses": 362400000,
        "costAndExpenses": 654000000,
        "interestIncome": 0,
        "interestExpense": 0,
        "depreciationAndAmortization": 100500000,
        "ebitda": 185300000,
        "ebitdaratio": 0.2495622896,
        "operatingIncome": 88500000,
        "operatingIncomeRatio": 0.1191919192,
        "totalOtherIncomeExpensesNet": -29100000,
        "incomeBeforeTax": 59400000,
        "incomeBeforeTaxRatio": 0.08,
        "incomeTaxExpense": -6400000,
        "netIncome": 61800000,
        "netIncomeRatio": 0.0832323232,
        "eps": 0.45,
        "epsdiluted": 0.45,
        "weightedAverageShsOut": 137333333,
        "weightedAverageShsOutDil": 137333333,
        "link": "https://www.sec.gov/Archives/edgar/data/72903/000007290397000006/0000072903-97-000006-index.html",
        "finalLink": "https://www.sec.gov/Archives/edgar/data/72903/"
    },
    {
        "date": "1996-12-31",
        "symbol": "XEL",
        "reportedCurrency": "USD",
        "cik": "0000072903",
        "fillingDate": "1997-03-27",
        "acceptedDate": "1997-03-27 00:00:00",
        "calendarYear": "1996",
        "period": "Q4",
        "revenue": 710000000,
        "costOfRevenue": 258700000,
        "grossProfit": 451300000,
        "grossProfitRatio": 0.6356338028,
        "researchAndDevelopmentExpenses": 0,
        "generalAndAdministrativeExpenses": 0,
        "sellingAndMarketingExpenses": 0,
        "sellingGeneralAndAdministrativeExpenses": 32100000,
        "otherExpenses": 157200000,
        "operatingExpenses": 189300000,
        "costAndExpenses": 448000000,
        "interestIncome": 0,
        "interestExpense": 0,
        "depreciationAndAmortization": 104400000,
        "ebitda": 361100000,
        "ebitdaratio": 0.5085915493,
        "operatingIncome": 262000000,
        "operatingIncomeRatio": 0.3690140845,
        "totalOtherIncomeExpensesNet": -24200000,
        "incomeBeforeTax": 237800000,
        "incomeBeforeTaxRatio": 0.3349295775,
        "incomeTaxExpense": 158100000,
        "netIncome": 76700000,
        "netIncomeRatio": 0.108028169,
        "eps": 0.58,
        "epsdiluted": 0.58,
        "weightedAverageShsOut": 137333333,
        "weightedAverageShsOutDil": 137333333,
        "link": "https://www.sec.gov/Archives/edgar/data/72903/000007290397000004/0000072903-97-000004-index.html",
        "finalLink": "https://www.sec.gov/Archives/edgar/data/72903/"
    },
    {
        "date": "1996-09-30",
        "symbol": "XEL",
        "reportedCurrency": "USD",
        "cik": "0000072903",
        "fillingDate": "1996-11-14",
        "acceptedDate": "1996-11-14 00:00:00",
        "calendarYear": "1996",
        "period": "Q3",
        "revenue": 633300000,
        "costOfRevenue": 165700000,
        "grossProfit": 467600000,
        "grossProfitRatio": 0.7383546502,
        "researchAndDevelopmentExpenses": 0,
        "generalAndAdministrativeExpenses": 0,
        "sellingAndMarketingExpenses": 0,
        "sellingGeneralAndAdministrativeExpenses": 41200000,
        "otherExpenses": 320900000,
        "operatingExpenses": 362100000,
        "costAndExpenses": 527800000,
        "interestIncome": 0,
        "interestExpense": 0,
        "depreciationAndAmortization": 97400000,
        "ebitda": 202600000,
        "ebitdaratio": 0.3199115743,
        "operatingIncome": 105500000,
        "operatingIncomeRatio": 0.1665877151,
        "totalOtherIncomeExpensesNet": -25300000,
        "incomeBeforeTax": 80200000,
        "incomeBeforeTaxRatio": 0.1266382441,
        "incomeTaxExpense": -4000000,
        "netIncome": 81100000,
        "netIncomeRatio": 0.1280593715,
        "eps": 0.59,
        "epsdiluted": 0.59,
        "weightedAverageShsOut": 137457627,
        "weightedAverageShsOutDil": 137457627,
        "link": "https://www.sec.gov/Archives/edgar/data/72903/000007290396000014/0000072903-96-000014-index.html",
        "finalLink": "https://www.sec.gov/Archives/edgar/data/72903/"
    },
    {
        "date": "1996-06-30",
        "symbol": "XEL",
        "reportedCurrency": "USD",
        "cik": "0000072903",
        "fillingDate": "1996-08-14",
        "acceptedDate": "1996-08-14 00:00:00",
        "calendarYear": "1996",
        "period": "Q2",
        "revenue": 592300000,
        "costOfRevenue": 180500000,
        "grossProfit": 411800000,
        "grossProfitRatio": 0.6952557825,
        "researchAndDevelopmentExpenses": 0,
        "generalAndAdministrativeExpenses": 0,
        "sellingAndMarketingExpenses": 0,
        "sellingGeneralAndAdministrativeExpenses": 40400000,
        "otherExpenses": 300500000,
        "operatingExpenses": 340900000,
        "costAndExpenses": 521400000,
        "interestIncome": 0,
        "interestExpense": 0,
        "depreciationAndAmortization": 99000000,
        "ebitda": 164900000,
        "ebitdaratio": 0.2784062131,
        "operatingIncome": 70900000,
        "operatingIncomeRatio": 0.1197028533,
        "totalOtherIncomeExpensesNet": -30700000,
        "incomeBeforeTax": 40200000,
        "incomeBeforeTaxRatio": 0.0678710113,
        "incomeTaxExpense": -3200000,
        "netIncome": 40300000,
        "netIncomeRatio": 0.0680398447,
        "eps": 0.3,
        "epsdiluted": 0.3,
        "weightedAverageShsOut": 134333333,
        "weightedAverageShsOutDil": 134333333,
        "link": "https://www.sec.gov/Archives/edgar/data/72903/000007290396000012/0000072903-96-000012-index.html",
        "finalLink": "https://www.sec.gov/Archives/edgar/data/72903/"
    },
    {
        "date": "1996-03-31",
        "symbol": "XEL",
        "reportedCurrency": "USD",
        "cik": "0000072903",
        "fillingDate": "1996-05-15",
        "acceptedDate": "1996-05-15 00:00:00",
        "calendarYear": "1996",
        "period": "Q1",
        "revenue": 718700000,
        "costOfRevenue": 271800000,
        "grossProfit": 446900000,
        "grossProfitRatio": 0.6218171699,
        "researchAndDevelopmentExpenses": 0,
        "generalAndAdministrativeExpenses": 0,
        "sellingAndMarketingExpenses": 0,
        "sellingGeneralAndAdministrativeExpenses": 34900000,
        "otherExpenses": 322700000,
        "operatingExpenses": 357600000,
        "costAndExpenses": 629400000,
        "interestIncome": 0,
        "interestExpense": 0,
        "depreciationAndAmortization": 94600000,
        "ebitda": 180500000,
        "ebitdaratio": 0.2511479059,
        "operatingIncome": 89300000,
        "operatingIncomeRatio": 0.1242521219,
        "totalOtherIncomeExpensesNet": -26100000,
        "incomeBeforeTax": 63200000,
        "incomeBeforeTaxRatio": 0.0879365521,
        "incomeTaxExpense": -4000000,
        "netIncome": 64100000,
        "netIncomeRatio": 0.0891888131,
        "eps": 0.47,
        "epsdiluted": 0.47,
        "weightedAverageShsOut": 136382979,
        "weightedAverageShsOutDil": 136382979,
        "link": "https://www.sec.gov/Archives/edgar/data/72903/000007290396000008/0000072903-96-000008-index.html",
        "finalLink": "https://www.sec.gov/Archives/edgar/data/72903/"
    },
    {
        "date": "1995-12-31",
        "symbol": "XEL",
        "reportedCurrency": "USD",
        "cik": "0000072903",
        "fillingDate": "1996-03-29",
        "acceptedDate": "1996-03-29 00:00:00",
        "calendarYear": "1995",
        "period": "Q4",
        "revenue": 652800000,
        "costOfRevenue": 215600000,
        "grossProfit": 437200000,
        "grossProfitRatio": 0.6697303922,
        "researchAndDevelopmentExpenses": 0,
        "generalAndAdministrativeExpenses": 0,
        "sellingAndMarketingExpenses": 0,
        "sellingGeneralAndAdministrativeExpenses": 57300000,
        "otherExpenses": 154200000,
        "operatingExpenses": 211500000,
        "costAndExpenses": 427100000,
        "interestIncome": 0,
        "interestExpense": 0,
        "depreciationAndAmortization": 112600000,
        "ebitda": 319900000,
        "ebitdaratio": 0.4900428922,
        "operatingIncome": 225700000,
        "operatingIncomeRatio": 0.3457414216,
        "totalOtherIncomeExpensesNet": -18400000,
        "incomeBeforeTax": 207300000,
        "incomeBeforeTaxRatio": 0.3175551471,
        "incomeTaxExpense": 148300000,
        "netIncome": 56000000,
        "netIncomeRatio": 0.0857843137,
        "eps": 0.43,
        "epsdiluted": 0.43,
        "weightedAverageShsOut": 136131666,
        "weightedAverageShsOutDil": 136382979,
        "link": "https://www.sec.gov/Archives/edgar/data/72903/000007290396000005/0000072903-96-000005-index.html",
        "finalLink": "https://www.sec.gov/Archives/edgar/data/72903/"
    },
    {
        "date": "1995-09-30",
        "symbol": "XEL",
        "reportedCurrency": "USD",
        "cik": "0000072903",
        "fillingDate": "1996-01-04",
        "acceptedDate": "1996-01-04 00:00:00",
        "calendarYear": "1995",
        "period": "Q3",
        "revenue": 664900000,
        "costOfRevenue": 187600000,
        "grossProfit": 477300000,
        "grossProfitRatio": 0.7178523086,
        "researchAndDevelopmentExpenses": 0,
        "generalAndAdministrativeExpenses": 0,
        "sellingAndMarketingExpenses": 0,
        "sellingGeneralAndAdministrativeExpenses": 45300000,
        "otherExpenses": 320300000,
        "operatingExpenses": 365600000,
        "costAndExpenses": 553200000,
        "interestIncome": 0,
        "interestExpense": 0,
        "depreciationAndAmortization": 97100000,
        "ebitda": 206700000,
        "ebitdaratio": 0.3108738156,
        "operatingIncome": 111700000,
        "operatingIncomeRatio": 0.1679951872,
        "totalOtherIncomeExpensesNet": -2100000,
        "incomeBeforeTax": 109600000,
        "incomeBeforeTaxRatio": 0.1648368176,
        "incomeTaxExpense": 20800000,
        "netIncome": 85700000,
        "netIncomeRatio": 0.1288915626,
        "eps": 0.64,
        "epsdiluted": 0.64,
        "weightedAverageShsOut": 133906250,
        "weightedAverageShsOutDil": 133906250,
        "link": "https://www.sec.gov/Archives/edgar/data/72903/000007290396000001/0000072903-96-000001-index.html",
        "finalLink": "https://www.sec.gov/Archives/edgar/data/72903/"
    },
    {
        "date": "1995-06-30",
        "symbol": "XEL",
        "reportedCurrency": "USD",
        "cik": "0000072903",
        "fillingDate": "1995-08-03",
        "acceptedDate": "1995-08-03 00:00:00",
        "calendarYear": "1995",
        "period": "Q2",
        "revenue": 589700000,
        "costOfRevenue": 189400000,
        "grossProfit": 400300000,
        "grossProfitRatio": 0.6788197389,
        "researchAndDevelopmentExpenses": 0,
        "generalAndAdministrativeExpenses": 0,
        "sellingAndMarketingExpenses": 0,
        "sellingGeneralAndAdministrativeExpenses": 39700000,
        "otherExpenses": 292400000,
        "operatingExpenses": 332100000,
        "costAndExpenses": 521500000,
        "interestIncome": 0,
        "interestExpense": 0,
        "depreciationAndAmortization": 77500000,
        "ebitda": 158800000,
        "ebitdaratio": 0.2692894692,
        "operatingIncome": 68200000,
        "operatingIncomeRatio": 0.1156520265,
        "totalOtherIncomeExpensesNet": 13100000,
        "incomeBeforeTax": 81300000,
        "incomeBeforeTaxRatio": 0.1378667119,
        "incomeTaxExpense": 21500000,
        "netIncome": 56700000,
        "netIncomeRatio": 0.096150585,
        "eps": 0.42,
        "epsdiluted": 0.42,
        "weightedAverageShsOut": 135000000,
        "weightedAverageShsOutDil": 135000000,
        "link": "https://www.sec.gov/Archives/edgar/data/72903/000007290395000011/0000072903-95-000011-index.html",
        "finalLink": "https://www.sec.gov/Archives/edgar/data/72903/"
    },
    {
        "date": "1995-03-31",
        "symbol": "XEL",
        "reportedCurrency": "USD",
        "cik": "0000072903",
        "fillingDate": "1995-05-15",
        "acceptedDate": "1995-05-15 00:00:00",
        "calendarYear": "1995",
        "period": "Q1",
        "revenue": 661200000,
        "costOfRevenue": 234500000,
        "grossProfit": 426700000,
        "grossProfitRatio": 0.6453418028,
        "researchAndDevelopmentExpenses": 0,
        "generalAndAdministrativeExpenses": 0,
        "sellingAndMarketingExpenses": 0,
        "sellingGeneralAndAdministrativeExpenses": 43700000,
        "otherExpenses": 295200000,
        "operatingExpenses": 338900000,
        "costAndExpenses": 573400000,
        "interestIncome": 0,
        "interestExpense": 0,
        "depreciationAndAmortization": 92900000,
        "ebitda": 180100000,
        "ebitdaratio": 0.2723835451,
        "operatingIncome": 87800000,
        "operatingIncomeRatio": 0.1327888687,
        "totalOtherIncomeExpensesNet": -600000,
        "incomeBeforeTax": 87200000,
        "incomeBeforeTaxRatio": 0.1318814277,
        "incomeTaxExpense": 19000000,
        "netIncome": 65000000,
        "netIncomeRatio": 0.0983061101,
        "eps": 0.49,
        "epsdiluted": 0.49,
        "weightedAverageShsOut": 132653061,
        "weightedAverageShsOutDil": 132653061,
        "link": "https://www.sec.gov/Archives/edgar/data/72903/000007290395000007/0000072903-95-000007-index.html",
        "finalLink": "https://www.sec.gov/Archives/edgar/data/72903/"
    },
    {
        "date": "1994-12-31",
        "symbol": "XEL",
        "reportedCurrency": "USD",
        "cik": "0000072903",
        "fillingDate": "1995-03-28",
        "acceptedDate": "1995-03-28 00:00:00",
        "calendarYear": "1994",
        "period": "Q4",
        "revenue": 608700000,
        "costOfRevenue": 202700000,
        "grossProfit": 406000000,
        "grossProfitRatio": 0.6669952357,
        "researchAndDevelopmentExpenses": 0,
        "generalAndAdministrativeExpenses": 0,
        "sellingAndMarketingExpenses": 0,
        "sellingGeneralAndAdministrativeExpenses": 51300000,
        "otherExpenses": 157500000,
        "operatingExpenses": 208800000,
        "costAndExpenses": 411500000,
        "interestIncome": 0,
        "interestExpense": 0,
        "depreciationAndAmortization": 93000000,
        "ebitda": 285700000,
        "ebitdaratio": 0.4693609331,
        "operatingIncome": 197200000,
        "operatingIncomeRatio": 0.3239691145,
        "totalOtherIncomeExpensesNet": -4500000,
        "incomeBeforeTax": 192700000,
        "incomeBeforeTaxRatio": 0.3165763102,
        "incomeTaxExpense": 143900000,
        "netIncome": 45600000,
        "netIncomeRatio": 0.0749137506,
        "eps": 0.37,
        "epsdiluted": 0.37,
        "weightedAverageShsOut": 132653061,
        "weightedAverageShsOutDil": 132653061,
        "link": "https://www.sec.gov/Archives/edgar/data/72903/000007290395000006/0000072903-95-000006-index.html",
        "finalLink": "https://www.sec.gov/Archives/edgar/data/72903/"
    },
    {
        "date": "1994-09-30",
        "symbol": "XEL",
        "reportedCurrency": "USD",
        "cik": "0000072903",
        "fillingDate": "1994-11-14",
        "acceptedDate": "1994-11-14 00:00:00",
        "calendarYear": "1994",
        "period": "Q3",
        "revenue": 612300000,
        "costOfRevenue": 183200000,
        "grossProfit": 429100000,
        "grossProfitRatio": 0.7008002613,
        "researchAndDevelopmentExpenses": 0,
        "generalAndAdministrativeExpenses": 0,
        "sellingAndMarketingExpenses": 0,
        "sellingGeneralAndAdministrativeExpenses": 48300000,
        "otherExpenses": 291800000,
        "operatingExpenses": 340100000,
        "costAndExpenses": 523300000,
        "interestIncome": 0,
        "interestExpense": 0,
        "depreciationAndAmortization": 83900000,
        "ebitda": 178200000,
        "ebitdaratio": 0.291033807,
        "operatingIncome": 89000000,
        "operatingIncomeRatio": 0.1453535848,
        "totalOtherIncomeExpensesNet": 5300000,
        "incomeBeforeTax": 94300000,
        "incomeBeforeTaxRatio": 0.1540094725,
        "incomeTaxExpense": 18200000,
        "netIncome": 73000000,
        "netIncomeRatio": 0.1192226033,
        "eps": 0.55,
        "epsdiluted": 0.55,
        "weightedAverageShsOut": 132727273,
        "weightedAverageShsOutDil": 132727273,
        "link": "https://www.sec.gov/Archives/edgar/data/72903/000007290394000037/0000072903-94-000037-index.html",
        "finalLink": "https://www.sec.gov/Archives/edgar/data/72903/"
    },
    {
        "date": "1994-06-30",
        "symbol": "XEL",
        "reportedCurrency": "USD",
        "cik": "0000072903",
        "fillingDate": "1994-08-12",
        "acceptedDate": "1994-08-12 00:00:00",
        "calendarYear": "1994",
        "period": "Q2",
        "revenue": 582000000,
        "costOfRevenue": 194100000,
        "grossProfit": 387900000,
        "grossProfitRatio": 0.6664948454,
        "researchAndDevelopmentExpenses": 0,
        "generalAndAdministrativeExpenses": 0,
        "sellingAndMarketingExpenses": 0,
        "sellingGeneralAndAdministrativeExpenses": 45100000,
        "otherExpenses": 277100000,
        "operatingExpenses": 322200000,
        "costAndExpenses": 516300000,
        "interestIncome": 0,
        "interestExpense": 0,
        "depreciationAndAmortization": 88000000,
        "ebitda": 151700000,
        "ebitdaratio": 0.260652921,
        "operatingIncome": 65700000,
        "operatingIncomeRatio": 0.1128865979,
        "totalOtherIncomeExpensesNet": -2000000,
        "incomeBeforeTax": 63700000,
        "incomeBeforeTaxRatio": 0.1094501718,
        "incomeTaxExpense": 10900000,
        "netIncome": 49700000,
        "netIncomeRatio": 0.085395189,
        "eps": 0.37,
        "epsdiluted": 0.37,
        "weightedAverageShsOut": 134324324,
        "weightedAverageShsOutDil": 134324324,
        "link": "https://www.sec.gov/Archives/edgar/data/72903/000007290394000025/0000072903-94-000025-index.html",
        "finalLink": "https://www.sec.gov/Archives/edgar/data/72903/"
    },
    {
        "date": "1994-03-31",
        "symbol": "XEL",
        "reportedCurrency": "USD",
        "cik": "0000072903",
        "fillingDate": "1994-05-16",
        "acceptedDate": "1994-05-16 00:00:00",
        "calendarYear": "1994",
        "period": "Q1",
        "revenue": 683400000,
        "costOfRevenue": 254300000,
        "grossProfit": 429100000,
        "grossProfitRatio": 0.627889962,
        "researchAndDevelopmentExpenses": 0,
        "generalAndAdministrativeExpenses": 0,
        "sellingAndMarketingExpenses": 0,
        "sellingGeneralAndAdministrativeExpenses": 49200000,
        "otherExpenses": 294200000,
        "operatingExpenses": 343400000,
        "costAndExpenses": 597700000,
        "interestIncome": 0,
        "interestExpense": 0,
        "depreciationAndAmortization": 83100000,
        "ebitda": 172000000,
        "ebitdaratio": 0.2516827627,
        "operatingIncome": 85700000,
        "operatingIncomeRatio": 0.1254023998,
        "totalOtherIncomeExpensesNet": 3200000,
        "incomeBeforeTax": 88900000,
        "incomeBeforeTaxRatio": 0.1300848698,
        "incomeTaxExpense": 23100000,
        "netIncome": 62700000,
        "netIncomeRatio": 0.0917471466,
        "eps": 0.47,
        "epsdiluted": 0.47,
        "weightedAverageShsOut": 133404255,
        "weightedAverageShsOutDil": 133404255,
        "link": "https://www.sec.gov/Archives/edgar/data/72903/000007290394000018/0000072903-94-000018-index.html",
        "finalLink": "https://www.sec.gov/Archives/edgar/data/72903/"
    },
    {
        "date": "1993-12-31",
        "symbol": "XEL",
        "reportedCurrency": "USD",
        "cik": "0000072903",
        "fillingDate": "1994-03-25",
        "acceptedDate": "1994-03-25 00:00:00",
        "calendarYear": "1993",
        "period": "Q4",
        "revenue": 630000000,
        "costOfRevenue": 0,
        "grossProfit": 0,
        "grossProfitRatio": 0,
        "researchAndDevelopmentExpenses": 0,
        "generalAndAdministrativeExpenses": 0,
        "sellingAndMarketingExpenses": 0,
        "sellingGeneralAndAdministrativeExpenses": 0,
        "otherExpenses": 630000000,
        "operatingExpenses": 630000000,
        "costAndExpenses": 630000000,
        "interestIncome": 0,
        "interestExpense": 0,
        "depreciationAndAmortization": 0,
        "ebitda": 630000000,
        "ebitdaratio": 1,
        "operatingIncome": 630000000,
        "operatingIncomeRatio": 1,
        "totalOtherIncomeExpensesNet": -630000000,
        "incomeBeforeTax": 0,
        "incomeBeforeTaxRatio": 0,
        "incomeTaxExpense": -61500000,
        "netIncome": 58200000,
        "netIncomeRatio": 0.0923809524,
        "eps": 0.46,
        "epsdiluted": 0.46,
        "weightedAverageShsOut": 132850877,
        "weightedAverageShsOutDil": 133404255,
        "link": "https://www.sec.gov/Archives/edgar/data/72903/000007290394000011/0000072903-94-000011-index.html",
        "finalLink": "https://www.sec.gov/Archives/edgar/data/72903/"
    },
    {
        "date": "1993-09-30",
        "symbol": "XEL",
        "reportedCurrency": "USD",
        "cik": "0000072903",
        "fillingDate": "1994-01-25",
        "acceptedDate": "1994-01-25 00:00:00",
        "calendarYear": "1993",
        "period": "Q3",
        "revenue": 588000000,
        "costOfRevenue": 0,
        "grossProfit": 0,
        "grossProfitRatio": 0,
        "researchAndDevelopmentExpenses": 0,
        "generalAndAdministrativeExpenses": 0,
        "sellingAndMarketingExpenses": 0,
        "sellingGeneralAndAdministrativeExpenses": 0,
        "otherExpenses": 588000000,
        "operatingExpenses": 588000000,
        "costAndExpenses": 588000000,
        "interestIncome": 0,
        "interestExpense": 0,
        "depreciationAndAmortization": 0,
        "ebitda": 588000000,
        "ebitdaratio": 1,
        "operatingIncome": 588000000,
        "operatingIncomeRatio": 1,
        "totalOtherIncomeExpensesNet": -588000000,
        "incomeBeforeTax": 0,
        "incomeBeforeTaxRatio": 0,
        "incomeTaxExpense": -59900000,
        "netIncome": 56200000,
        "netIncomeRatio": 0.0955782313,
        "eps": 0.42,
        "epsdiluted": 0.42,
        "weightedAverageShsOut": 133809524,
        "weightedAverageShsOutDil": 133809524,
        "link": "https://www.sec.gov/Archives/edgar/data/72903/000007290394000002/0000072903-94-000002-index.html",
        "finalLink": "https://www.sec.gov/Archives/edgar/data/72903/"
    },
    {
        "date": "1993-06-30",
        "symbol": "XEL",
        "reportedCurrency": "USD",
        "cik": "0000072903",
        "fillingDate": "1993-06-30",
        "acceptedDate": "1993-06-29 20:00:00",
        "calendarYear": "1993",
        "period": "Q2",
        "revenue": 545300000,
        "costOfRevenue": 0,
        "grossProfit": 0,
        "grossProfitRatio": 0,
        "researchAndDevelopmentExpenses": 0,
        "generalAndAdministrativeExpenses": 0,
        "sellingAndMarketingExpenses": 0,
        "sellingGeneralAndAdministrativeExpenses": 0,
        "otherExpenses": 545300000,
        "operatingExpenses": 545300000,
        "costAndExpenses": 545300000,
        "interestIncome": 0,
        "interestExpense": 0,
        "depreciationAndAmortization": 0,
        "ebitda": 545300000,
        "ebitdaratio": 1,
        "operatingIncome": 545300000,
        "operatingIncomeRatio": 1,
        "totalOtherIncomeExpensesNet": -545300000,
        "incomeBeforeTax": 0,
        "incomeBeforeTaxRatio": 0,
        "incomeTaxExpense": -35900000,
        "netIncome": 32200000,
        "netIncomeRatio": 0.0590500642,
        "eps": 0.25,
        "epsdiluted": 0.25,
        "weightedAverageShsOut": 128800000,
        "weightedAverageShsOutDil": 128800000,
        "link": "",
        "finalLink": ""
    },
    {
        "date": "1993-03-31",
        "symbol": "XEL",
        "reportedCurrency": "USD",
        "cik": "0000072903",
        "fillingDate": "1993-03-31",
        "acceptedDate": "1993-03-30 19:00:00",
        "calendarYear": "1993",
        "period": "Q1",
        "revenue": 640800000,
        "costOfRevenue": 0,
        "grossProfit": 0,
        "grossProfitRatio": 0,
        "researchAndDevelopmentExpenses": 0,
        "generalAndAdministrativeExpenses": 0,
        "sellingAndMarketingExpenses": 0,
        "sellingGeneralAndAdministrativeExpenses": 0,
        "otherExpenses": 640800000,
        "operatingExpenses": 640800000,
        "costAndExpenses": 640800000,
        "interestIncome": 0,
        "interestExpense": 0,
        "depreciationAndAmortization": 0,
        "ebitda": 640800000,
        "ebitdaratio": 1,
        "operatingIncome": 640800000,
        "operatingIncomeRatio": 1,
        "totalOtherIncomeExpensesNet": -640800000,
        "incomeBeforeTax": 0,
        "incomeBeforeTaxRatio": 0,
        "incomeTaxExpense": -54500000,
        "netIncome": 50700000,
        "netIncomeRatio": 0.0791198502,
        "eps": 0.41,
        "epsdiluted": 0.41,
        "weightedAverageShsOut": 123658537,
        "weightedAverageShsOutDil": 123658537,
        "link": "",
        "finalLink": ""
    },
    {
        "date": "1992-12-31",
        "symbol": "XEL",
        "reportedCurrency": "USD",
        "cik": "0000072903",
        "fillingDate": "1992-12-31",
        "acceptedDate": "1992-12-30 19:00:00",
        "calendarYear": "1992",
        "period": "Q4",
        "revenue": 572000000,
        "costOfRevenue": 0,
        "grossProfit": 0,
        "grossProfitRatio": 0,
        "researchAndDevelopmentExpenses": 0,
        "generalAndAdministrativeExpenses": 0,
        "sellingAndMarketingExpenses": 0,
        "sellingGeneralAndAdministrativeExpenses": 0,
        "otherExpenses": 572000000,
        "operatingExpenses": 572000000,
        "costAndExpenses": 572000000,
        "interestIncome": 0,
        "interestExpense": 0,
        "depreciationAndAmortization": 0,
        "ebitda": 572000000,
        "ebitdaratio": 1,
        "operatingIncome": 572000000,
        "operatingIncomeRatio": 1,
        "totalOtherIncomeExpensesNet": -572000000,
        "incomeBeforeTax": 0,
        "incomeBeforeTaxRatio": 0,
        "incomeTaxExpense": -29800000,
        "netIncome": 26000000,
        "netIncomeRatio": 0.0454545455,
        "eps": 0.24,
        "epsdiluted": 0.24,
        "weightedAverageShsOut": 123658537,
        "weightedAverageShsOutDil": 123658537,
        "link": "",
        "finalLink": ""
    },
    {
        "date": "1992-09-30",
        "symbol": "XEL",
        "reportedCurrency": "USD",
        "cik": "0000072903",
        "fillingDate": "1992-09-30",
        "acceptedDate": "1992-09-29 20:00:00",
        "calendarYear": "1992",
        "period": "Q3",
        "revenue": 523400000,
        "costOfRevenue": 0,
        "grossProfit": 0,
        "grossProfitRatio": 0,
        "researchAndDevelopmentExpenses": 0,
        "generalAndAdministrativeExpenses": 0,
        "sellingAndMarketingExpenses": 0,
        "sellingGeneralAndAdministrativeExpenses": 0,
        "otherExpenses": 523400000,
        "operatingExpenses": 523400000,
        "costAndExpenses": 523400000,
        "interestIncome": 0,
        "interestExpense": 0,
        "depreciationAndAmortization": 0,
        "ebitda": 523400000,
        "ebitdaratio": 1,
        "operatingIncome": 523400000,
        "operatingIncomeRatio": 1,
        "totalOtherIncomeExpensesNet": -523400000,
        "incomeBeforeTax": 0,
        "incomeBeforeTaxRatio": 0,
        "incomeTaxExpense": -55700000,
        "netIncome": 51800000,
        "netIncomeRatio": 0.0989682843,
        "eps": 0.42,
        "epsdiluted": 0.42,
        "weightedAverageShsOut": 123333333,
        "weightedAverageShsOutDil": 123333333,
        "link": "",
        "finalLink": ""
    },
    {
        "date": "1992-06-30",
        "symbol": "XEL",
        "reportedCurrency": "USD",
        "cik": "0000072903",
        "fillingDate": "1992-06-30",
        "acceptedDate": "1992-06-29 20:00:00",
        "calendarYear": "1992",
        "period": "Q2",
        "revenue": 500300000,
        "costOfRevenue": 0,
        "grossProfit": 0,
        "grossProfitRatio": 0,
        "researchAndDevelopmentExpenses": 0,
        "generalAndAdministrativeExpenses": 0,
        "sellingAndMarketingExpenses": 0,
        "sellingGeneralAndAdministrativeExpenses": 0,
        "otherExpenses": 500300000,
        "operatingExpenses": 500300000,
        "costAndExpenses": 500300000,
        "interestIncome": 0,
        "interestExpense": 0,
        "depreciationAndAmortization": 0,
        "ebitda": 500300000,
        "ebitdaratio": 1,
        "operatingIncome": 500300000,
        "operatingIncomeRatio": 1,
        "totalOtherIncomeExpensesNet": -500300000,
        "incomeBeforeTax": 0,
        "incomeBeforeTaxRatio": 0,
        "incomeTaxExpense": -31100000,
        "netIncome": 27000000,
        "netIncomeRatio": 0.0539676194,
        "eps": 0.22,
        "epsdiluted": 0.22,
        "weightedAverageShsOut": 122727273,
        "weightedAverageShsOutDil": 122727273,
        "link": "",
        "finalLink": ""
    },
    {
        "date": "1992-03-31",
        "symbol": "XEL",
        "reportedCurrency": "USD",
        "cik": "0000072903",
        "fillingDate": "1992-03-31",
        "acceptedDate": "1992-03-30 19:00:00",
        "calendarYear": "1992",
        "period": "Q1",
        "revenue": 563800000,
        "costOfRevenue": 0,
        "grossProfit": 0,
        "grossProfitRatio": 0,
        "researchAndDevelopmentExpenses": 0,
        "generalAndAdministrativeExpenses": 0,
        "sellingAndMarketingExpenses": 0,
        "sellingGeneralAndAdministrativeExpenses": 0,
        "otherExpenses": 563800000,
        "operatingExpenses": 563800000,
        "costAndExpenses": 563800000,
        "interestIncome": 0,
        "interestExpense": 0,
        "depreciationAndAmortization": 0,
        "ebitda": 563800000,
        "ebitdaratio": 1,
        "operatingIncome": 563800000,
        "operatingIncomeRatio": 1,
        "totalOtherIncomeExpensesNet": -563800000,
        "incomeBeforeTax": 0,
        "incomeBeforeTaxRatio": 0,
        "incomeTaxExpense": -89800000,
        "netIncome": 85400000,
        "netIncomeRatio": 0.1514721532,
        "eps": 0.69,
        "epsdiluted": 0.69,
        "weightedAverageShsOut": 123768116,
        "weightedAverageShsOutDil": 123768116,
        "link": "",
        "finalLink": ""
    },
    {
        "date": "1991-12-31",
        "symbol": "XEL",
        "reportedCurrency": "USD",
        "cik": "0000072903",
        "fillingDate": "1991-12-31",
        "acceptedDate": "1991-12-30 19:00:00",
        "calendarYear": "1991",
        "period": "Q4",
        "revenue": 533500000,
        "costOfRevenue": 0,
        "grossProfit": 0,
        "grossProfitRatio": 0,
        "researchAndDevelopmentExpenses": 0,
        "generalAndAdministrativeExpenses": 0,
        "sellingAndMarketingExpenses": 0,
        "sellingGeneralAndAdministrativeExpenses": 0,
        "otherExpenses": 533500000,
        "operatingExpenses": 533500000,
        "costAndExpenses": 533500000,
        "interestIncome": 0,
        "interestExpense": 0,
        "depreciationAndAmortization": 0,
        "ebitda": 533500000,
        "ebitdaratio": 1,
        "operatingIncome": 533500000,
        "operatingIncomeRatio": 1,
        "totalOtherIncomeExpensesNet": -533500000,
        "incomeBeforeTax": 0,
        "incomeBeforeTaxRatio": 0,
        "incomeTaxExpense": -37000000,
        "netIncome": 32500000,
        "netIncomeRatio": 0.060918463,
        "eps": 0.3,
        "epsdiluted": 0.3,
        "weightedAverageShsOut": 123768116,
        "weightedAverageShsOutDil": 123768116,
        "link": "",
        "finalLink": ""
    },
    {
        "date": "1991-09-30",
        "symbol": "XEL",
        "reportedCurrency": "USD",
        "cik": "0000072903",
        "fillingDate": "1991-09-30",
        "acceptedDate": "1991-09-29 20:00:00",
        "calendarYear": "1991",
        "period": "Q3",
        "revenue": 589200000,
        "costOfRevenue": 0,
        "grossProfit": 0,
        "grossProfitRatio": 0,
        "researchAndDevelopmentExpenses": 0,
        "generalAndAdministrativeExpenses": 0,
        "sellingAndMarketingExpenses": 0,
        "sellingGeneralAndAdministrativeExpenses": 0,
        "otherExpenses": 589200000,
        "operatingExpenses": 589200000,
        "costAndExpenses": 589200000,
        "interestIncome": 0,
        "interestExpense": 0,
        "depreciationAndAmortization": 0,
        "ebitda": 589200000,
        "ebitdaratio": 1,
        "operatingIncome": 589200000,
        "operatingIncomeRatio": 1,
        "totalOtherIncomeExpensesNet": -589200000,
        "incomeBeforeTax": 0,
        "incomeBeforeTaxRatio": 0,
        "incomeTaxExpense": -89400000,
        "netIncome": 84900000,
        "netIncomeRatio": 0.1440936864,
        "eps": 0.68,
        "epsdiluted": 0.68,
        "weightedAverageShsOut": 124852941,
        "weightedAverageShsOutDil": 124852941,
        "link": "",
        "finalLink": ""
    },
    {
        "date": "1991-06-30",
        "symbol": "XEL",
        "reportedCurrency": "USD",
        "cik": "0000072903",
        "fillingDate": "1991-06-30",
        "acceptedDate": "1991-06-29 20:00:00",
        "calendarYear": "1991",
        "period": "Q2",
        "revenue": 501500000,
        "costOfRevenue": 0,
        "grossProfit": 0,
        "grossProfitRatio": 0,
        "researchAndDevelopmentExpenses": 0,
        "generalAndAdministrativeExpenses": 0,
        "sellingAndMarketingExpenses": 0,
        "sellingGeneralAndAdministrativeExpenses": 0,
        "otherExpenses": 501500000,
        "operatingExpenses": 501500000,
        "costAndExpenses": 501500000,
        "interestIncome": 0,
        "interestExpense": 0,
        "depreciationAndAmortization": 0,
        "ebitda": 501500000,
        "ebitdaratio": 1,
        "operatingIncome": 501500000,
        "operatingIncomeRatio": 1,
        "totalOtherIncomeExpensesNet": -501500000,
        "incomeBeforeTax": 0,
        "incomeBeforeTaxRatio": 0,
        "incomeTaxExpense": -24600000,
        "netIncome": 20100000,
        "netIncomeRatio": 0.0400797607,
        "eps": 0.16,
        "epsdiluted": 0.16,
        "weightedAverageShsOut": 125625000,
        "weightedAverageShsOutDil": 125625000,
        "link": "",
        "finalLink": ""
    },
    {
        "date": "1991-03-31",
        "symbol": "XEL",
        "reportedCurrency": "USD",
        "cik": "0000072903",
        "fillingDate": "1991-03-31",
        "acceptedDate": "1991-03-30 19:00:00",
        "calendarYear": "1991",
        "period": "Q1",
        "revenue": 577000000,
        "costOfRevenue": 0,
        "grossProfit": 0,
        "grossProfitRatio": 0,
        "researchAndDevelopmentExpenses": 0,
        "generalAndAdministrativeExpenses": 0,
        "sellingAndMarketingExpenses": 0,
        "sellingGeneralAndAdministrativeExpenses": 0,
        "otherExpenses": 577000000,
        "operatingExpenses": 577000000,
        "costAndExpenses": 577000000,
        "interestIncome": 0,
        "interestExpense": 0,
        "depreciationAndAmortization": 0,
        "ebitda": 577000000,
        "ebitdaratio": 1,
        "operatingIncome": 577000000,
        "operatingIncomeRatio": 1,
        "totalOtherIncomeExpensesNet": -577000000,
        "incomeBeforeTax": 0,
        "incomeBeforeTaxRatio": 0,
        "incomeTaxExpense": -72900000,
        "netIncome": 68400000,
        "netIncomeRatio": 0.1185441941,
        "eps": 0.55,
        "epsdiluted": 0.55,
        "weightedAverageShsOut": 124363636,
        "weightedAverageShsOutDil": 124363636,
        "link": "",
        "finalLink": ""
    },
    {
        "date": "1990-12-31",
        "symbol": "XEL",
        "reportedCurrency": "USD",
        "cik": "0000072903",
        "fillingDate": "1990-12-31",
        "acceptedDate": "1990-12-30 19:00:00",
        "calendarYear": "1990",
        "period": "Q4",
        "revenue": 431200000,
        "costOfRevenue": 0,
        "grossProfit": 0,
        "grossProfitRatio": 0,
        "researchAndDevelopmentExpenses": 0,
        "generalAndAdministrativeExpenses": 0,
        "sellingAndMarketingExpenses": 0,
        "sellingGeneralAndAdministrativeExpenses": 0,
        "otherExpenses": 431200000,
        "operatingExpenses": 431200000,
        "costAndExpenses": 431200000,
        "interestIncome": 0,
        "interestExpense": 0,
        "depreciationAndAmortization": 0,
        "ebitda": 431200000,
        "ebitdaratio": 1,
        "operatingIncome": 431200000,
        "operatingIncomeRatio": 1,
        "totalOtherIncomeExpensesNet": -431200000,
        "incomeBeforeTax": 0,
        "incomeBeforeTaxRatio": 0,
        "incomeTaxExpense": 3800000,
        "netIncome": -3800000,
        "netIncomeRatio": -0.008812616,
        "eps": -0.0306,
        "epsdiluted": -0.0306,
        "weightedAverageShsOut": 124363636,
        "weightedAverageShsOutDil": 124363636,
        "link": "",
        "finalLink": ""
    },
    {
        "date": "1990-09-30",
        "symbol": "XEL",
        "reportedCurrency": "USD",
        "cik": "0000072903",
        "fillingDate": "1990-09-30",
        "acceptedDate": "1990-09-29 20:00:00",
        "calendarYear": "1990",
        "period": "Q3",
        "revenue": 554900000,
        "costOfRevenue": 0,
        "grossProfit": 0,
        "grossProfitRatio": 0,
        "researchAndDevelopmentExpenses": 0,
        "generalAndAdministrativeExpenses": 0,
        "sellingAndMarketingExpenses": 0,
        "sellingGeneralAndAdministrativeExpenses": 0,
        "otherExpenses": 554900000,
        "operatingExpenses": 554900000,
        "costAndExpenses": 554900000,
        "interestIncome": 0,
        "interestExpense": 0,
        "depreciationAndAmortization": 0,
        "ebitda": 554900000,
        "ebitdaratio": 1,
        "operatingIncome": 554900000,
        "operatingIncomeRatio": 1,
        "totalOtherIncomeExpensesNet": -554900000,
        "incomeBeforeTax": 0,
        "incomeBeforeTaxRatio": 0,
        "incomeTaxExpense": -84800000,
        "netIncome": 80300000,
        "netIncomeRatio": 0.1447107587,
        "eps": 0.64,
        "epsdiluted": 0.64,
        "weightedAverageShsOut": 125468750,
        "weightedAverageShsOutDil": 125468750,
        "link": "",
        "finalLink": ""
    },
    {
        "date": "1990-06-30",
        "symbol": "XEL",
        "reportedCurrency": "USD",
        "cik": "0000072903",
        "fillingDate": "1990-06-30",
        "acceptedDate": "1990-06-29 20:00:00",
        "calendarYear": "1990",
        "period": "Q2",
        "revenue": 494800000,
        "costOfRevenue": 0,
        "grossProfit": 0,
        "grossProfitRatio": 0,
        "researchAndDevelopmentExpenses": 0,
        "generalAndAdministrativeExpenses": 0,
        "sellingAndMarketingExpenses": 0,
        "sellingGeneralAndAdministrativeExpenses": 0,
        "otherExpenses": 494800000,
        "operatingExpenses": 494800000,
        "costAndExpenses": 494800000,
        "interestIncome": 0,
        "interestExpense": 0,
        "depreciationAndAmortization": 0,
        "ebitda": 494800000,
        "ebitdaratio": 1,
        "operatingIncome": 494800000,
        "operatingIncomeRatio": 1,
        "totalOtherIncomeExpensesNet": -494800000,
        "incomeBeforeTax": 0,
        "incomeBeforeTaxRatio": 0,
        "incomeTaxExpense": -48500000,
        "netIncome": 43900000,
        "netIncomeRatio": 0.0887227162,
        "eps": 0.35,
        "epsdiluted": 0.35,
        "weightedAverageShsOut": 125428571,
        "weightedAverageShsOutDil": 125428571,
        "link": "",
        "finalLink": ""
    },
    {
        "date": "1990-03-31",
        "symbol": "XEL",
        "reportedCurrency": "USD",
        "cik": "0000072903",
        "fillingDate": "1990-03-31",
        "acceptedDate": "1990-03-30 19:00:00",
        "calendarYear": "1990",
        "period": "Q1",
        "revenue": 583600000,
        "costOfRevenue": 0,
        "grossProfit": 0,
        "grossProfitRatio": 0,
        "researchAndDevelopmentExpenses": 0,
        "generalAndAdministrativeExpenses": 0,
        "sellingAndMarketingExpenses": 0,
        "sellingGeneralAndAdministrativeExpenses": 0,
        "otherExpenses": 583600000,
        "operatingExpenses": 583600000,
        "costAndExpenses": 583600000,
        "interestIncome": 0,
        "interestExpense": 0,
        "depreciationAndAmortization": 0,
        "ebitda": 583600000,
        "ebitdaratio": 1,
        "operatingIncome": 583600000,
        "operatingIncomeRatio": 1,
        "totalOtherIncomeExpensesNet": -583600000,
        "incomeBeforeTax": 0,
        "incomeBeforeTaxRatio": 0,
        "incomeTaxExpense": -65900000,
        "netIncome": 61500000,
        "netIncomeRatio": 0.1053803975,
        "eps": 0.49,
        "epsdiluted": 0.49,
        "weightedAverageShsOut": 125510204,
        "weightedAverageShsOutDil": 125510204,
        "link": "",
        "finalLink": ""
    },
    {
        "date": "1989-12-31",
        "symbol": "XEL",
        "reportedCurrency": "USD",
        "cik": "0000072903",
        "fillingDate": "1989-12-31",
        "acceptedDate": "1989-12-30 19:00:00",
        "calendarYear": "1989",
        "period": "Q4",
        "revenue": 499600000,
        "costOfRevenue": 0,
        "grossProfit": 0,
        "grossProfitRatio": 0,
        "researchAndDevelopmentExpenses": 0,
        "generalAndAdministrativeExpenses": 0,
        "sellingAndMarketingExpenses": 0,
        "sellingGeneralAndAdministrativeExpenses": 0,
        "otherExpenses": 499600000,
        "operatingExpenses": 499600000,
        "costAndExpenses": 499600000,
        "interestIncome": 0,
        "interestExpense": 0,
        "depreciationAndAmortization": 0,
        "ebitda": 499600000,
        "ebitdaratio": 1,
        "operatingIncome": 499600000,
        "operatingIncomeRatio": 1,
        "totalOtherIncomeExpensesNet": -499600000,
        "incomeBeforeTax": 0,
        "incomeBeforeTaxRatio": 0,
        "incomeTaxExpense": 0,
        "netIncome": 40800000,
        "netIncomeRatio": 0.0816653323,
        "eps": 0.29,
        "epsdiluted": 0.29,
        "weightedAverageShsOut": 125082000,
        "weightedAverageShsOutDil": 125510204,
        "link": "",
        "finalLink": ""
    },
    {
        "date": "1989-09-30",
        "symbol": "XEL",
        "reportedCurrency": "USD",
        "cik": "0000072903",
        "fillingDate": "1989-09-30",
        "acceptedDate": "1989-09-29 20:00:00",
        "calendarYear": "1989",
        "period": "Q3",
        "revenue": 483000000,
        "costOfRevenue": 0,
        "grossProfit": 0,
        "grossProfitRatio": 0,
        "researchAndDevelopmentExpenses": 0,
        "generalAndAdministrativeExpenses": 0,
        "sellingAndMarketingExpenses": 0,
        "sellingGeneralAndAdministrativeExpenses": 0,
        "otherExpenses": 483000000,
        "operatingExpenses": 483000000,
        "costAndExpenses": 483000000,
        "interestIncome": 0,
        "interestExpense": 0,
        "depreciationAndAmortization": 0,
        "ebitda": 483000000,
        "ebitdaratio": 1,
        "operatingIncome": 483000000,
        "operatingIncomeRatio": 1,
        "totalOtherIncomeExpensesNet": -483000000,
        "incomeBeforeTax": 0,
        "incomeBeforeTaxRatio": 0,
        "incomeTaxExpense": 0,
        "netIncome": 73300000,
        "netIncomeRatio": 0.1517598344,
        "eps": 0.55,
        "epsdiluted": 0.55,
        "weightedAverageShsOut": 125082000,
        "weightedAverageShsOutDil": 125082000,
        "link": "",
        "finalLink": ""
    },
    {
        "date": "1989-06-30",
        "symbol": "XEL",
        "reportedCurrency": "USD",
        "cik": "0000072903",
        "fillingDate": "1989-06-30",
        "acceptedDate": "1989-06-29 20:00:00",
        "calendarYear": "1989",
        "period": "Q2",
        "revenue": 446500000,
        "costOfRevenue": 0,
        "grossProfit": 0,
        "grossProfitRatio": 0,
        "researchAndDevelopmentExpenses": 0,
        "generalAndAdministrativeExpenses": 0,
        "sellingAndMarketingExpenses": 0,
        "sellingGeneralAndAdministrativeExpenses": 0,
        "otherExpenses": 446500000,
        "operatingExpenses": 446500000,
        "costAndExpenses": 446500000,
        "interestIncome": 0,
        "interestExpense": 0,
        "depreciationAndAmortization": 0,
        "ebitda": 446500000,
        "ebitdaratio": 1,
        "operatingIncome": 446500000,
        "operatingIncomeRatio": 1,
        "totalOtherIncomeExpensesNet": -446500000,
        "incomeBeforeTax": 0,
        "incomeBeforeTaxRatio": 0,
        "incomeTaxExpense": 0,
        "netIncome": 36900000,
        "netIncomeRatio": 0.0826427772,
        "eps": 0.26,
        "epsdiluted": 0.26,
        "weightedAverageShsOut": 125082000,
        "weightedAverageShsOutDil": 125082000,
        "link": "",
        "finalLink": ""
    },
    {
        "date": "1989-03-31",
        "symbol": "XEL",
        "reportedCurrency": "USD",
        "cik": "0000072903",
        "fillingDate": "1989-03-31",
        "acceptedDate": "1989-03-30 19:00:00",
        "calendarYear": "1989",
        "period": "Q1",
        "revenue": 560600000,
        "costOfRevenue": 0,
        "grossProfit": 0,
        "grossProfitRatio": 0,
        "researchAndDevelopmentExpenses": 0,
        "generalAndAdministrativeExpenses": 0,
        "sellingAndMarketingExpenses": 0,
        "sellingGeneralAndAdministrativeExpenses": 0,
        "otherExpenses": 560600000,
        "operatingExpenses": 560600000,
        "costAndExpenses": 560600000,
        "interestIncome": 0,
        "interestExpense": 0,
        "depreciationAndAmortization": 0,
        "ebitda": 560600000,
        "ebitdaratio": 1,
        "operatingIncome": 560600000,
        "operatingIncomeRatio": 1,
        "totalOtherIncomeExpensesNet": -560600000,
        "incomeBeforeTax": 0,
        "incomeBeforeTaxRatio": 0,
        "incomeTaxExpense": 0,
        "netIncome": 71000000,
        "netIncomeRatio": 0.1266500178,
        "eps": 0.53,
        "epsdiluted": 0.53,
        "weightedAverageShsOut": 125082000,
        "weightedAverageShsOutDil": 125082000,
        "link": "",
        "finalLink": ""
    },
    {
        "date": "1988-12-31",
        "symbol": "XEL",
        "reportedCurrency": "USD",
        "cik": "0000072903",
        "fillingDate": "1988-12-31",
        "acceptedDate": "1988-12-30 19:00:00",
        "calendarYear": "1988",
        "period": "Q4",
        "revenue": 484000000,
        "costOfRevenue": 0,
        "grossProfit": 0,
        "grossProfitRatio": 0,
        "researchAndDevelopmentExpenses": 0,
        "generalAndAdministrativeExpenses": 0,
        "sellingAndMarketingExpenses": 0,
        "sellingGeneralAndAdministrativeExpenses": 0,
        "otherExpenses": 484000000,
        "operatingExpenses": 484000000,
        "costAndExpenses": 484000000,
        "interestIncome": 0,
        "interestExpense": 0,
        "depreciationAndAmortization": 0,
        "ebitda": 484000000,
        "ebitdaratio": 1,
        "operatingIncome": 484000000,
        "operatingIncomeRatio": 1,
        "totalOtherIncomeExpensesNet": -484000000,
        "incomeBeforeTax": 0,
        "incomeBeforeTaxRatio": 0,
        "incomeTaxExpense": 0,
        "netIncome": 22300000,
        "netIncomeRatio": 0.0460743802,
        "eps": 0.13,
        "epsdiluted": 0.13,
        "weightedAverageShsOut": 125082000,
        "weightedAverageShsOutDil": 125082000,
        "link": "",
        "finalLink": ""
    },
    {
        "date": "1988-09-30",
        "symbol": "XEL",
        "reportedCurrency": "USD",
        "cik": "0000072903",
        "fillingDate": "1988-09-30",
        "acceptedDate": "1988-09-29 20:00:00",
        "calendarYear": "1988",
        "period": "Q3",
        "revenue": 530300000,
        "costOfRevenue": 0,
        "grossProfit": 0,
        "grossProfitRatio": 0,
        "researchAndDevelopmentExpenses": 0,
        "generalAndAdministrativeExpenses": 0,
        "sellingAndMarketingExpenses": 0,
        "sellingGeneralAndAdministrativeExpenses": 0,
        "otherExpenses": 530300000,
        "operatingExpenses": 530300000,
        "costAndExpenses": 530300000,
        "interestIncome": 0,
        "interestExpense": 0,
        "depreciationAndAmortization": 0,
        "ebitda": 530300000,
        "ebitdaratio": 1,
        "operatingIncome": 530300000,
        "operatingIncomeRatio": 1,
        "totalOtherIncomeExpensesNet": -530300000,
        "incomeBeforeTax": 0,
        "incomeBeforeTaxRatio": 0,
        "incomeTaxExpense": 0,
        "netIncome": 84600000,
        "netIncomeRatio": 0.1595323402,
        "eps": 0.64,
        "epsdiluted": 0.64,
        "weightedAverageShsOut": 125082000,
        "weightedAverageShsOutDil": 125082000,
        "link": "",
        "finalLink": ""
    },
    {
        "date": "1988-06-30",
        "symbol": "XEL",
        "reportedCurrency": "USD",
        "cik": "0000072903",
        "fillingDate": "1988-06-30",
        "acceptedDate": "1988-06-29 20:00:00",
        "calendarYear": "1988",
        "period": "Q2",
        "revenue": 442800000,
        "costOfRevenue": 0,
        "grossProfit": 0,
        "grossProfitRatio": 0,
        "researchAndDevelopmentExpenses": 0,
        "generalAndAdministrativeExpenses": 0,
        "sellingAndMarketingExpenses": 0,
        "sellingGeneralAndAdministrativeExpenses": 0,
        "otherExpenses": 442800000,
        "operatingExpenses": 442800000,
        "costAndExpenses": 442800000,
        "interestIncome": 0,
        "interestExpense": 0,
        "depreciationAndAmortization": 0,
        "ebitda": 442800000,
        "ebitdaratio": 1,
        "operatingIncome": 442800000,
        "operatingIncomeRatio": 1,
        "totalOtherIncomeExpensesNet": -442800000,
        "incomeBeforeTax": 0,
        "incomeBeforeTaxRatio": 0,
        "incomeTaxExpense": 0,
        "netIncome": 44000000,
        "netIncomeRatio": 0.0993676603,
        "eps": 0.32,
        "epsdiluted": 0.32,
        "weightedAverageShsOut": 125082000,
        "weightedAverageShsOutDil": 125082000,
        "link": "",
        "finalLink": ""
    },
    {
        "date": "1988-03-31",
        "symbol": "XEL",
        "reportedCurrency": "USD",
        "cik": "0000072903",
        "fillingDate": "1988-03-31",
        "acceptedDate": "1988-03-30 19:00:00",
        "calendarYear": "1988",
        "period": "Q1",
        "revenue": 549400000,
        "costOfRevenue": 0,
        "grossProfit": 0,
        "grossProfitRatio": 0,
        "researchAndDevelopmentExpenses": 0,
        "generalAndAdministrativeExpenses": 0,
        "sellingAndMarketingExpenses": 0,
        "sellingGeneralAndAdministrativeExpenses": 0,
        "otherExpenses": 549400000,
        "operatingExpenses": 549400000,
        "costAndExpenses": 549400000,
        "interestIncome": 0,
        "interestExpense": 0,
        "depreciationAndAmortization": 0,
        "ebitda": 549400000,
        "ebitdaratio": 1,
        "operatingIncome": 549400000,
        "operatingIncomeRatio": 1,
        "totalOtherIncomeExpensesNet": -549400000,
        "incomeBeforeTax": 0,
        "incomeBeforeTaxRatio": 0,
        "incomeTaxExpense": 0,
        "netIncome": 63900000,
        "netIncomeRatio": 0.1163087004,
        "eps": 0.48,
        "epsdiluted": 0.48,
        "weightedAverageShsOut": 125082000,
        "weightedAverageShsOutDil": 125082000,
        "link": "",
        "finalLink": ""
    },
    {
        "date": "1987-12-31",
        "symbol": "XEL",
        "reportedCurrency": "USD",
        "cik": "0000072903",
        "fillingDate": "1987-12-31",
        "acceptedDate": "1987-12-30 19:00:00",
        "calendarYear": "1987",
        "period": "Q4",
        "revenue": 428800000,
        "costOfRevenue": 0,
        "grossProfit": 0,
        "grossProfitRatio": 0,
        "researchAndDevelopmentExpenses": 0,
        "generalAndAdministrativeExpenses": 0,
        "sellingAndMarketingExpenses": 0,
        "sellingGeneralAndAdministrativeExpenses": 0,
        "otherExpenses": 428800000,
        "operatingExpenses": 428800000,
        "costAndExpenses": 428800000,
        "interestIncome": 0,
        "interestExpense": 0,
        "depreciationAndAmortization": 0,
        "ebitda": 428800000,
        "ebitdaratio": 1,
        "operatingIncome": 428800000,
        "operatingIncomeRatio": 1,
        "totalOtherIncomeExpensesNet": -428800000,
        "incomeBeforeTax": 0,
        "incomeBeforeTaxRatio": 0,
        "incomeTaxExpense": 0,
        "netIncome": 28800000,
        "netIncomeRatio": 0.0671641791,
        "eps": 0.2,
        "epsdiluted": 0.2,
        "weightedAverageShsOut": 125082000,
        "weightedAverageShsOutDil": 125082000,
        "link": "",
        "finalLink": ""
    },
    {
        "date": "1987-09-30",
        "symbol": "XEL",
        "reportedCurrency": "USD",
        "cik": "0000072903",
        "fillingDate": "1987-09-30",
        "acceptedDate": "1987-09-29 20:00:00",
        "calendarYear": "1987",
        "period": "Q3",
        "revenue": 470300000,
        "costOfRevenue": 0,
        "grossProfit": 0,
        "grossProfitRatio": 0,
        "researchAndDevelopmentExpenses": 0,
        "generalAndAdministrativeExpenses": 0,
        "sellingAndMarketingExpenses": 0,
        "sellingGeneralAndAdministrativeExpenses": 0,
        "otherExpenses": 470300000,
        "operatingExpenses": 470300000,
        "costAndExpenses": 470300000,
        "interestIncome": 0,
        "interestExpense": 0,
        "depreciationAndAmortization": 0,
        "ebitda": 470300000,
        "ebitdaratio": 1,
        "operatingIncome": 470300000,
        "operatingIncomeRatio": 1,
        "totalOtherIncomeExpensesNet": -470300000,
        "incomeBeforeTax": 0,
        "incomeBeforeTaxRatio": 0,
        "incomeTaxExpense": 0,
        "netIncome": 78000000,
        "netIncomeRatio": 0.1658515841,
        "eps": 0.59,
        "epsdiluted": 0.59,
        "weightedAverageShsOut": 125082000,
        "weightedAverageShsOutDil": 125082000,
        "link": "",
        "finalLink": ""
    },
    {
        "date": "1987-06-30",
        "symbol": "XEL",
        "reportedCurrency": "USD",
        "cik": "0000072903",
        "fillingDate": "1987-06-30",
        "acceptedDate": "1987-06-29 20:00:00",
        "calendarYear": "1987",
        "period": "Q2",
        "revenue": 398700000,
        "costOfRevenue": 0,
        "grossProfit": 0,
        "grossProfitRatio": 0,
        "researchAndDevelopmentExpenses": 0,
        "generalAndAdministrativeExpenses": 0,
        "sellingAndMarketingExpenses": 0,
        "sellingGeneralAndAdministrativeExpenses": 0,
        "otherExpenses": 398700000,
        "operatingExpenses": 398700000,
        "costAndExpenses": 398700000,
        "interestIncome": 0,
        "interestExpense": 0,
        "depreciationAndAmortization": 0,
        "ebitda": 398700000,
        "ebitdaratio": 1,
        "operatingIncome": 398700000,
        "operatingIncomeRatio": 1,
        "totalOtherIncomeExpensesNet": -398700000,
        "incomeBeforeTax": 0,
        "incomeBeforeTaxRatio": 0,
        "incomeTaxExpense": 0,
        "netIncome": 35100000,
        "netIncomeRatio": 0.0880361174,
        "eps": 0.25,
        "epsdiluted": 0.25,
        "weightedAverageShsOut": 125082000,
        "weightedAverageShsOutDil": 125082000,
        "link": "",
        "finalLink": ""
    },
    {
        "date": "1987-03-31",
        "symbol": "XEL",
        "reportedCurrency": "USD",
        "cik": "0000072903",
        "fillingDate": "1987-03-31",
        "acceptedDate": "1987-03-30 19:00:00",
        "calendarYear": "1987",
        "period": "Q1",
        "revenue": 472500000,
        "costOfRevenue": 0,
        "grossProfit": 0,
        "grossProfitRatio": 0,
        "researchAndDevelopmentExpenses": 0,
        "generalAndAdministrativeExpenses": 0,
        "sellingAndMarketingExpenses": 0,
        "sellingGeneralAndAdministrativeExpenses": 0,
        "otherExpenses": 472500000,
        "operatingExpenses": 472500000,
        "costAndExpenses": 472500000,
        "interestIncome": 0,
        "interestExpense": 0,
        "depreciationAndAmortization": 0,
        "ebitda": 472500000,
        "ebitdaratio": 1,
        "operatingIncome": 472500000,
        "operatingIncomeRatio": 1,
        "totalOtherIncomeExpensesNet": -472500000,
        "incomeBeforeTax": 0,
        "incomeBeforeTaxRatio": 0,
        "incomeTaxExpense": 0,
        "netIncome": 63000000,
        "netIncomeRatio": 0.1333333333,
        "eps": 0.48,
        "epsdiluted": 0.48,
        "weightedAverageShsOut": 125082000,
        "weightedAverageShsOutDil": 125082000,
        "link": "",
        "finalLink": ""
    },
    {
        "date": "1986-12-31",
        "symbol": "XEL",
        "reportedCurrency": "USD",
        "cik": "0000072903",
        "fillingDate": "1986-12-31",
        "acceptedDate": "1986-12-30 19:00:00",
        "calendarYear": "1986",
        "period": "Q4",
        "revenue": 421100000,
        "costOfRevenue": 0,
        "grossProfit": 0,
        "grossProfitRatio": 0,
        "researchAndDevelopmentExpenses": 0,
        "generalAndAdministrativeExpenses": 0,
        "sellingAndMarketingExpenses": 0,
        "sellingGeneralAndAdministrativeExpenses": 0,
        "otherExpenses": 421100000,
        "operatingExpenses": 421100000,
        "costAndExpenses": 421100000,
        "interestIncome": 0,
        "interestExpense": 0,
        "depreciationAndAmortization": 0,
        "ebitda": 421100000,
        "ebitdaratio": 1,
        "operatingIncome": 421100000,
        "operatingIncomeRatio": 1,
        "totalOtherIncomeExpensesNet": -421100000,
        "incomeBeforeTax": 0,
        "incomeBeforeTaxRatio": 0,
        "incomeTaxExpense": 0,
        "netIncome": 40200000,
        "netIncomeRatio": 0.0954642603,
        "eps": 0.3,
        "epsdiluted": 0.3,
        "weightedAverageShsOut": 124638000,
        "weightedAverageShsOutDil": 125082000,
        "link": "",
        "finalLink": ""
    },
    {
        "date": "1986-09-30",
        "symbol": "XEL",
        "reportedCurrency": "USD",
        "cik": "0000072903",
        "fillingDate": "1986-09-30",
        "acceptedDate": "1986-09-29 20:00:00",
        "calendarYear": "1986",
        "period": "Q3",
        "revenue": 432700000,
        "costOfRevenue": 0,
        "grossProfit": 0,
        "grossProfitRatio": 0,
        "researchAndDevelopmentExpenses": 0,
        "generalAndAdministrativeExpenses": 0,
        "sellingAndMarketingExpenses": 0,
        "sellingGeneralAndAdministrativeExpenses": 0,
        "otherExpenses": 432700000,
        "operatingExpenses": 432700000,
        "costAndExpenses": 432700000,
        "interestIncome": 0,
        "interestExpense": 0,
        "depreciationAndAmortization": 0,
        "ebitda": 432700000,
        "ebitdaratio": 1,
        "operatingIncome": 432700000,
        "operatingIncomeRatio": 1,
        "totalOtherIncomeExpensesNet": -432700000,
        "incomeBeforeTax": 0,
        "incomeBeforeTaxRatio": 0,
        "incomeTaxExpense": 0,
        "netIncome": 63100000,
        "netIncomeRatio": 0.1458285186,
        "eps": 0.48,
        "epsdiluted": 0.48,
        "weightedAverageShsOut": 125082000,
        "weightedAverageShsOutDil": 125082000,
        "link": "",
        "finalLink": ""
    },
    {
        "date": "1986-06-30",
        "symbol": "XEL",
        "reportedCurrency": "USD",
        "cik": "0000072903",
        "fillingDate": "1986-06-30",
        "acceptedDate": "1986-06-29 20:00:00",
        "calendarYear": "1986",
        "period": "Q2",
        "revenue": 387200000,
        "costOfRevenue": 0,
        "grossProfit": 0,
        "grossProfitRatio": 0,
        "researchAndDevelopmentExpenses": 0,
        "generalAndAdministrativeExpenses": 0,
        "sellingAndMarketingExpenses": 0,
        "sellingGeneralAndAdministrativeExpenses": 0,
        "otherExpenses": 387200000,
        "operatingExpenses": 387200000,
        "costAndExpenses": 387200000,
        "interestIncome": 0,
        "interestExpense": 0,
        "depreciationAndAmortization": 0,
        "ebitda": 387200000,
        "ebitdaratio": 1,
        "operatingIncome": 387200000,
        "operatingIncomeRatio": 1,
        "totalOtherIncomeExpensesNet": -387200000,
        "incomeBeforeTax": 0,
        "incomeBeforeTaxRatio": 0,
        "incomeTaxExpense": 0,
        "netIncome": 30200000,
        "netIncomeRatio": 0.0779958678,
        "eps": 0.22,
        "epsdiluted": 0.22,
        "weightedAverageShsOut": 125084000,
        "weightedAverageShsOutDil": 125084000,
        "link": "",
        "finalLink": ""
    },
    {
        "date": "1986-03-31",
        "symbol": "XEL",
        "reportedCurrency": "USD",
        "cik": "0000072903",
        "fillingDate": "1986-03-31",
        "acceptedDate": "1986-03-30 19:00:00",
        "calendarYear": "1986",
        "period": "Q1",
        "revenue": 540600000,
        "costOfRevenue": 0,
        "grossProfit": 0,
        "grossProfitRatio": 0,
        "researchAndDevelopmentExpenses": 0,
        "generalAndAdministrativeExpenses": 0,
        "sellingAndMarketingExpenses": 0,
        "sellingGeneralAndAdministrativeExpenses": 0,
        "otherExpenses": 540600000,
        "operatingExpenses": 540600000,
        "costAndExpenses": 540600000,
        "interestIncome": 0,
        "interestExpense": 0,
        "depreciationAndAmortization": 0,
        "ebitda": 540600000,
        "ebitdaratio": 1,
        "operatingIncome": 540600000,
        "operatingIncomeRatio": 1,
        "totalOtherIncomeExpensesNet": -540600000,
        "incomeBeforeTax": 0,
        "incomeBeforeTaxRatio": 0,
        "incomeTaxExpense": 0,
        "netIncome": 73400000,
        "netIncomeRatio": 0.1357750647,
        "eps": 0.56,
        "epsdiluted": 0.56,
        "weightedAverageShsOut": 125084000,
        "weightedAverageShsOutDil": 125084000,
        "link": "",
        "finalLink": ""
    },
    {
        "date": "1985-12-31",
        "symbol": "XEL",
        "reportedCurrency": "USD",
        "cik": "0000072903",
        "fillingDate": "1985-12-31",
        "acceptedDate": "1985-12-30 19:00:00",
        "calendarYear": "1985",
        "period": "Q4",
        "revenue": 465800000,
        "costOfRevenue": 0,
        "grossProfit": 0,
        "grossProfitRatio": 0,
        "researchAndDevelopmentExpenses": 0,
        "generalAndAdministrativeExpenses": 0,
        "sellingAndMarketingExpenses": 0,
        "sellingGeneralAndAdministrativeExpenses": 0,
        "otherExpenses": 465800000,
        "operatingExpenses": 465800000,
        "costAndExpenses": 465800000,
        "interestIncome": 0,
        "interestExpense": 0,
        "depreciationAndAmortization": 0,
        "ebitda": 465800000,
        "ebitdaratio": 1,
        "operatingIncome": 465800000,
        "operatingIncomeRatio": 1,
        "totalOtherIncomeExpensesNet": -465800000,
        "incomeBeforeTax": 0,
        "incomeBeforeTaxRatio": 0,
        "incomeTaxExpense": 0,
        "netIncome": 43400000,
        "netIncomeRatio": 0.0931730356,
        "eps": 0.32,
        "epsdiluted": 0.32,
        "weightedAverageShsOut": 125084000,
        "weightedAverageShsOutDil": 125084000,
        "link": "",
        "finalLink": ""
    },
    {
        "date": "1985-09-30",
        "symbol": "XEL",
        "reportedCurrency": "USD",
        "cik": "0000072903",
        "fillingDate": "1985-09-30",
        "acceptedDate": "1985-09-29 20:00:00",
        "calendarYear": "1985",
        "period": "Q3",
        "revenue": 389900000,
        "costOfRevenue": 0,
        "grossProfit": 0,
        "grossProfitRatio": 0,
        "researchAndDevelopmentExpenses": 0,
        "generalAndAdministrativeExpenses": 0,
        "sellingAndMarketingExpenses": 0,
        "sellingGeneralAndAdministrativeExpenses": 0,
        "otherExpenses": 389900000,
        "operatingExpenses": 389900000,
        "costAndExpenses": 389900000,
        "interestIncome": 0,
        "interestExpense": 0,
        "depreciationAndAmortization": 0,
        "ebitda": 389900000,
        "ebitdaratio": 1,
        "operatingIncome": 389900000,
        "operatingIncomeRatio": 1,
        "totalOtherIncomeExpensesNet": -389900000,
        "incomeBeforeTax": 0,
        "incomeBeforeTaxRatio": 0,
        "incomeTaxExpense": 0,
        "netIncome": 49100000,
        "netIncomeRatio": 0.1259297256,
        "eps": 0.37,
        "epsdiluted": 0.37,
        "weightedAverageShsOut": 124780000,
        "weightedAverageShsOutDil": 124780000,
        "link": "",
        "finalLink": ""
    }
]