[
    {
        "date": "2022-01-01",
        "symbol": "XLNX",
        "reportedCurrency": "USD",
        "cik": "0000743988",
        "fillingDate": "2022-01-27",
        "acceptedDate": "2022-01-27 16:42:18",
        "calendarYear": "2022",
        "period": "Q3",
        "revenue": 1011059000,
        "costOfRevenue": 285538000,
        "grossProfit": 725521000,
        "grossProfitRatio": 0.717585225,
        "researchAndDevelopmentExpenses": 287969000,
        "generalAndAdministrativeExpenses": 0,
        "sellingAndMarketingExpenses": 0,
        "sellingGeneralAndAdministrativeExpenses": 125438000,
        "otherExpenses": 2000000,
        "operatingExpenses": 415407000,
        "costAndExpenses": 700945000,
        "interestIncome": 1722000,
        "interestExpense": 10277000,
        "depreciationAndAmortization": 48228000,
        "ebitda": 393879000,
        "ebitdaratio": 0.3895707372,
        "operatingIncome": 345651000,
        "operatingIncomeRatio": 0.3418702568,
        "totalOtherIncomeExpensesNet": -10277000,
        "incomeBeforeTax": 335374000,
        "incomeBeforeTaxRatio": 0.331705667,
        "incomeTaxExpense": 35312000,
        "netIncome": 300062000,
        "netIncomeRatio": 0.296779911,
        "eps": 1.21,
        "epsdiluted": 1.19,
        "weightedAverageShsOut": 248003000,
        "weightedAverageShsOutDil": 251971000,
        "link": "https://www.sec.gov/Archives/edgar/data/743988/000074398822000008/0000743988-22-000008-index.htm",
        "finalLink": "https://www.sec.gov/Archives/edgar/data/743988/000074398822000008/xlnx-20220101.htm"
    },
    {
        "date": "2021-10-02",
        "symbol": "XLNX",
        "reportedCurrency": "USD",
        "cik": "0000743988",
        "fillingDate": "2021-10-28",
        "acceptedDate": "2021-10-28 16:16:23",
        "calendarYear": "2022",
        "period": "Q2",
        "revenue": 935770000,
        "costOfRevenue": 303477000,
        "grossProfit": 632293000,
        "grossProfitRatio": 0.675692745,
        "researchAndDevelopmentExpenses": 253881000,
        "generalAndAdministrativeExpenses": 0,
        "sellingAndMarketingExpenses": 0,
        "sellingGeneralAndAdministrativeExpenses": 126319000,
        "otherExpenses": 2252000,
        "operatingExpenses": 382452000,
        "costAndExpenses": 685929000,
        "interestIncome": 1142000,
        "interestExpense": 10277000,
        "depreciationAndAmortization": 49473000,
        "ebitda": 300387000,
        "ebitdaratio": 0.3210051615,
        "operatingIncome": 249841000,
        "operatingIncomeRatio": 0.2669897518,
        "totalOtherIncomeExpensesNet": -9204000,
        "incomeBeforeTax": 240637000,
        "incomeBeforeTaxRatio": 0.2571540015,
        "incomeTaxExpense": 6092000,
        "netIncome": 234545000,
        "netIncomeRatio": 0.2506438548,
        "eps": 0.95,
        "epsdiluted": 0.94,
        "weightedAverageShsOut": 247765000,
        "weightedAverageShsOutDil": 250457000,
        "link": "https://www.sec.gov/Archives/edgar/data/743988/000074398821000045/0000743988-21-000045-index.htm",
        "finalLink": "https://www.sec.gov/Archives/edgar/data/743988/000074398821000045/xlnx-20211002.htm"
    },
    {
        "date": "2021-07-03",
        "symbol": "XLNX",
        "reportedCurrency": "USD",
        "cik": "0000743988",
        "fillingDate": "2021-07-30",
        "acceptedDate": "2021-07-30 16:17:32",
        "calendarYear": "2022",
        "period": "Q1",
        "revenue": 878606000,
        "costOfRevenue": 292507000,
        "grossProfit": 586099000,
        "grossProfitRatio": 0.6670783036,
        "researchAndDevelopmentExpenses": 247975000,
        "generalAndAdministrativeExpenses": 0,
        "sellingAndMarketingExpenses": 0,
        "sellingGeneralAndAdministrativeExpenses": 124920000,
        "otherExpenses": 2841000,
        "operatingExpenses": 375736000,
        "costAndExpenses": 668243000,
        "interestIncome": 1717000,
        "interestExpense": 10276000,
        "depreciationAndAmortization": 50138000,
        "ebitda": 271777000,
        "ebitdaratio": 0.3093275029,
        "operatingIncome": 210363000,
        "operatingIncomeRatio": 0.2394281396,
        "totalOtherIncomeExpensesNet": 1000000,
        "incomeBeforeTax": 211363000,
        "incomeBeforeTaxRatio": 0.2405663062,
        "incomeTaxExpense": 5022000,
        "netIncome": 206341000,
        "netIncomeRatio": 0.2348504335,
        "eps": 0.84,
        "epsdiluted": 0.83,
        "weightedAverageShsOut": 245860000,
        "weightedAverageShsOutDil": 249320000,
        "link": "https://www.sec.gov/Archives/edgar/data/743988/000074398821000037/0000743988-21-000037-index.htm",
        "finalLink": "https://www.sec.gov/Archives/edgar/data/743988/000074398821000037/xlnx-20210703.htm"
    },
    {
        "date": "2021-04-03",
        "symbol": "XLNX",
        "reportedCurrency": "USD",
        "cik": "0000743988",
        "fillingDate": "2021-05-14",
        "acceptedDate": "2021-05-14 16:58:37",
        "calendarYear": "2021",
        "period": "Q4",
        "revenue": 850987000,
        "costOfRevenue": 280583000,
        "grossProfit": 570404000,
        "grossProfitRatio": 0.67028521,
        "researchAndDevelopmentExpenses": 239863000,
        "generalAndAdministrativeExpenses": 0,
        "sellingAndMarketingExpenses": 0,
        "sellingGeneralAndAdministrativeExpenses": 127872000,
        "otherExpenses": 2887000,
        "operatingExpenses": 370622000,
        "costAndExpenses": 651205000,
        "interestIncome": 1255000,
        "interestExpense": 13578000,
        "depreciationAndAmortization": 46190000,
        "ebitda": 255304000,
        "ebitdaratio": 0.3000092833,
        "operatingIncome": 199782000,
        "operatingIncomeRatio": 0.2347650434,
        "totalOtherIncomeExpensesNet": -4246000,
        "incomeBeforeTax": 195536000,
        "incomeBeforeTaxRatio": 0.229775543,
        "incomeTaxExpense": 7653000,
        "netIncome": 187883000,
        "netIncomeRatio": 0.2207824561,
        "eps": 0.76,
        "epsdiluted": 0.75,
        "weightedAverageShsOut": 245774000,
        "weightedAverageShsOutDil": 249030000,
        "link": "https://www.sec.gov/Archives/edgar/data/743988/000074398821000016/0000743988-21-000016-index.htm",
        "finalLink": "https://www.sec.gov/Archives/edgar/data/743988/000074398821000016/xlnx-20210403.htm"
    },
    {
        "date": "2021-01-02",
        "symbol": "XLNX",
        "reportedCurrency": "USD",
        "cik": "0000743988",
        "fillingDate": "2021-01-28",
        "acceptedDate": "2021-01-28 16:34:40",
        "calendarYear": "2021",
        "period": "Q3",
        "revenue": 803404000,
        "costOfRevenue": 256404000,
        "grossProfit": 547000000,
        "grossProfitRatio": 0.6808529706,
        "researchAndDevelopmentExpenses": 235018000,
        "generalAndAdministrativeExpenses": 0,
        "sellingAndMarketingExpenses": 0,
        "sellingGeneralAndAdministrativeExpenses": 136701000,
        "otherExpenses": 2856000,
        "operatingExpenses": 374575000,
        "costAndExpenses": 630979000,
        "interestIncome": 2581000,
        "interestExpense": 14228000,
        "depreciationAndAmortization": 47951000,
        "ebitda": 238313000,
        "ebitdaratio": 0.2966290932,
        "operatingIncome": 172425000,
        "operatingIncomeRatio": 0.2146180502,
        "totalOtherIncomeExpensesNet": 3709000,
        "incomeBeforeTax": 176134000,
        "incomeBeforeTaxRatio": 0.2192346565,
        "incomeTaxExpense": 5162000,
        "netIncome": 170972000,
        "netIncomeRatio": 0.2128094956,
        "eps": 0.7,
        "epsdiluted": 0.69,
        "weightedAverageShsOut": 245145000,
        "weightedAverageShsOutDil": 248148000,
        "link": "https://www.sec.gov/Archives/edgar/data/743988/000074398821000011/0000743988-21-000011-index.htm",
        "finalLink": "https://www.sec.gov/Archives/edgar/data/743988/000074398821000011/xlnx-20210102.htm"
    },
    {
        "date": "2020-09-26",
        "symbol": "XLNX",
        "reportedCurrency": "USD",
        "cik": "0000743988",
        "fillingDate": "2020-10-22",
        "acceptedDate": "2020-10-22 16:15:50",
        "calendarYear": "2021",
        "period": "Q2",
        "revenue": 766535000,
        "costOfRevenue": 224816000,
        "grossProfit": 541719000,
        "grossProfitRatio": 0.70671137,
        "researchAndDevelopmentExpenses": 219647000,
        "generalAndAdministrativeExpenses": 0,
        "sellingAndMarketingExpenses": 0,
        "sellingGeneralAndAdministrativeExpenses": 113793000,
        "otherExpenses": 2862000,
        "operatingExpenses": 336302000,
        "costAndExpenses": 561118000,
        "interestIncome": 1969000,
        "interestExpense": 14226000,
        "depreciationAndAmortization": 45565000,
        "ebitda": 254437000,
        "ebitdaratio": 0.3319313534,
        "operatingIncome": 205417000,
        "operatingIncomeRatio": 0.2679812403,
        "totalOtherIncomeExpensesNet": -10771000,
        "incomeBeforeTax": 194646000,
        "incomeBeforeTaxRatio": 0.2539296966,
        "incomeTaxExpense": 830000,
        "netIncome": 193816000,
        "netIncomeRatio": 0.252846902,
        "eps": 0.79,
        "epsdiluted": 0.79,
        "weightedAverageShsOut": 244837000,
        "weightedAverageShsOutDil": 246763000,
        "link": "https://www.sec.gov/Archives/edgar/data/743988/000074398820000051/0000743988-20-000051-index.htm",
        "finalLink": "https://www.sec.gov/Archives/edgar/data/743988/000074398820000051/xlnx-20200926.htm"
    },
    {
        "date": "2020-06-27",
        "symbol": "XLNX",
        "reportedCurrency": "USD",
        "cik": "0000743988",
        "fillingDate": "2020-07-31",
        "acceptedDate": "2020-07-31 16:25:09",
        "calendarYear": "2021",
        "period": "Q1",
        "revenue": 726673000,
        "costOfRevenue": 232800000,
        "grossProfit": 493873000,
        "grossProfitRatio": 0.6796358197,
        "researchAndDevelopmentExpenses": 210113000,
        "generalAndAdministrativeExpenses": 105383000,
        "sellingAndMarketingExpenses": 0,
        "sellingGeneralAndAdministrativeExpenses": 105383000,
        "otherExpenses": 2862000,
        "operatingExpenses": 318358000,
        "costAndExpenses": 551158000,
        "interestIncome": 4954000,
        "interestExpense": 11656000,
        "depreciationAndAmortization": 46808000,
        "ebitda": 221826000,
        "ebitdaratio": 0.3052624771,
        "operatingIncome": 175515000,
        "operatingIncomeRatio": 0.2415322986,
        "totalOtherIncomeExpensesNet": -12153000,
        "incomeBeforeTax": 163362000,
        "incomeBeforeTaxRatio": 0.2248081324,
        "incomeTaxExpense": 69526000,
        "netIncome": 93836000,
        "netIncomeRatio": 0.1291309846,
        "eps": 0.39,
        "epsdiluted": 0.38,
        "weightedAverageShsOut": 243180000,
        "weightedAverageShsOutDil": 245543000,
        "link": "",
        "finalLink": ""
    },
    {
        "date": "2020-03-28",
        "symbol": "XLNX",
        "reportedCurrency": "USD",
        "cik": "0000743988",
        "fillingDate": "2020-05-08",
        "acceptedDate": "2020-05-08 16:11:06",
        "calendarYear": "2020",
        "period": "Q4",
        "revenue": 756169000,
        "costOfRevenue": 227734000,
        "grossProfit": 528435000,
        "grossProfitRatio": 0.6988318749,
        "researchAndDevelopmentExpenses": 214968000,
        "generalAndAdministrativeExpenses": 103675000,
        "sellingAndMarketingExpenses": 0,
        "sellingGeneralAndAdministrativeExpenses": 103675000,
        "otherExpenses": 31763000,
        "operatingExpenses": 350406000,
        "costAndExpenses": 578140000,
        "interestIncome": 9523000,
        "interestExpense": 9565000,
        "depreciationAndAmortization": 51325000,
        "ebitda": 250637000,
        "ebitdaratio": 0.3314563279,
        "operatingIncome": 178029000,
        "operatingIncomeRatio": 0.2354354648,
        "totalOtherIncomeExpensesNet": 11718000,
        "incomeBeforeTax": 189747000,
        "incomeBeforeTaxRatio": 0.2509320007,
        "incomeTaxExpense": 27489000,
        "netIncome": 162258000,
        "netIncomeRatio": 0.2145790161,
        "eps": 0.66,
        "epsdiluted": 0.65,
        "weightedAverageShsOut": 247166000,
        "weightedAverageShsOutDil": 249320000,
        "link": "https://www.sec.gov/Archives/edgar/data/743988/000074398820000020/0000743988-20-000020-index.htm",
        "finalLink": "https://www.sec.gov/Archives/edgar/data/743988/000074398820000020/xlnx328202010k.htm"
    },
    {
        "date": "2019-12-28",
        "symbol": "XLNX",
        "reportedCurrency": "USD",
        "cik": "0000743988",
        "fillingDate": "2020-01-28",
        "acceptedDate": "2020-01-28 16:53:39",
        "calendarYear": "2020",
        "period": "Q3",
        "revenue": 723499000,
        "costOfRevenue": 240021000,
        "grossProfit": 483478000,
        "grossProfitRatio": 0.6682497142,
        "researchAndDevelopmentExpenses": 211541000,
        "generalAndAdministrativeExpenses": 109612000,
        "sellingAndMarketingExpenses": 0,
        "sellingGeneralAndAdministrativeExpenses": 109612000,
        "otherExpenses": 2919000,
        "operatingExpenses": 324072000,
        "costAndExpenses": 564093000,
        "interestIncome": 11138000,
        "interestExpense": 9563000,
        "depreciationAndAmortization": 41607000,
        "ebitda": 217013000,
        "ebitdaratio": 0.2999492743,
        "operatingIncome": 159406000,
        "operatingIncomeRatio": 0.2203264967,
        "totalOtherIncomeExpensesNet": 6437000,
        "incomeBeforeTax": 165843000,
        "incomeBeforeTaxRatio": 0.2292235373,
        "incomeTaxExpense": 3831000,
        "netIncome": 162012000,
        "netIncomeRatio": 0.2239284367,
        "eps": 0.65,
        "epsdiluted": 0.64,
        "weightedAverageShsOut": 250546000,
        "weightedAverageShsOutDil": 252808000,
        "link": "https://www.sec.gov/Archives/edgar/data/743988/000074398820000009/0000743988-20-000009-index.htm",
        "finalLink": "https://www.sec.gov/Archives/edgar/data/743988/000074398820000009/xlnx1228201910q.htm"
    },
    {
        "date": "2019-09-28",
        "symbol": "XLNX",
        "reportedCurrency": "USD",
        "cik": "0000743988",
        "fillingDate": "2019-10-25",
        "acceptedDate": "2019-10-24 19:09:13",
        "calendarYear": "2020",
        "period": "Q2",
        "revenue": 833366000,
        "costOfRevenue": 293106000,
        "grossProfit": 540260000,
        "grossProfitRatio": 0.6482865872,
        "researchAndDevelopmentExpenses": 222979000,
        "generalAndAdministrativeExpenses": 111596000,
        "sellingAndMarketingExpenses": 0,
        "sellingGeneralAndAdministrativeExpenses": 111596000,
        "otherExpenses": 2169000,
        "operatingExpenses": 336744000,
        "costAndExpenses": 629850000,
        "interestIncome": 13813000,
        "interestExpense": 9562000,
        "depreciationAndAmortization": 31663000,
        "ebitda": 257070000,
        "ebitdaratio": 0.3084719079,
        "operatingIncome": 203516000,
        "operatingIncomeRatio": 0.244209627,
        "totalOtherIncomeExpensesNet": 12329000,
        "incomeBeforeTax": 215845000,
        "incomeBeforeTaxRatio": 0.259003847,
        "incomeTaxExpense": -11148000,
        "netIncome": 226993000,
        "netIncomeRatio": 0.2723809227,
        "eps": 0.9,
        "epsdiluted": 0.89,
        "weightedAverageShsOut": 252399000,
        "weightedAverageShsOutDil": 255269000,
        "link": "https://www.sec.gov/Archives/edgar/data/743988/000074398819000038/0000743988-19-000038-index.htm",
        "finalLink": "https://www.sec.gov/Archives/edgar/data/743988/000074398819000038/xlnx0928201910q.htm"
    },
    {
        "date": "2019-06-29",
        "symbol": "XLNX",
        "reportedCurrency": "USD",
        "cik": "0000743988",
        "fillingDate": "2019-07-26",
        "acceptedDate": "2019-07-26 16:45:05",
        "calendarYear": "2020",
        "period": "Q1",
        "revenue": 849632000,
        "costOfRevenue": 286769000,
        "grossProfit": 562863000,
        "grossProfitRatio": 0.662478579,
        "researchAndDevelopmentExpenses": 204100000,
        "generalAndAdministrativeExpenses": 107425000,
        "sellingAndMarketingExpenses": 0,
        "sellingGeneralAndAdministrativeExpenses": 107425000,
        "otherExpenses": 400000,
        "operatingExpenses": 311925000,
        "costAndExpenses": 598694000,
        "interestIncome": 17989000,
        "interestExpense": 10659000,
        "depreciationAndAmortization": 32938000,
        "ebitda": 306147000,
        "ebitdaratio": 0.3603289424,
        "operatingIncome": 250938000,
        "operatingIncomeRatio": 0.2953490452,
        "totalOtherIncomeExpensesNet": 11612000,
        "incomeBeforeTax": 262550000,
        "incomeBeforeTaxRatio": 0.3090161388,
        "incomeTaxExpense": 21091000,
        "netIncome": 241459000,
        "netIncomeRatio": 0.2841924504,
        "eps": 0.95,
        "epsdiluted": 0.94,
        "weightedAverageShsOut": 253268000,
        "weightedAverageShsOutDil": 257928000,
        "link": "https://www.sec.gov/Archives/edgar/data/743988/000074398819000027/0000743988-19-000027-index.htm",
        "finalLink": "https://www.sec.gov/Archives/edgar/data/743988/000074398819000012/xlnx330201910k.htm"
    },
    {
        "date": "2019-03-30",
        "symbol": "XLNX",
        "reportedCurrency": "USD",
        "cik": "0000743988",
        "fillingDate": "2019-05-10",
        "acceptedDate": "2019-05-10 16:43:19",
        "calendarYear": "2019",
        "period": "Q4",
        "revenue": 828362000,
        "costOfRevenue": 269457000,
        "grossProfit": 558905000,
        "grossProfitRatio": 0.6747110563,
        "researchAndDevelopmentExpenses": 199500000,
        "generalAndAdministrativeExpenses": 107160000,
        "sellingAndMarketingExpenses": 0,
        "sellingGeneralAndAdministrativeExpenses": 107160000,
        "otherExpenses": 1866000,
        "operatingExpenses": 308526000,
        "costAndExpenses": 577983000,
        "interestIncome": 20937000,
        "interestExpense": 12883000,
        "depreciationAndAmortization": 31802000,
        "ebitda": 318562000,
        "ebitdaratio": 0.3845685823,
        "operatingIncome": 250379000,
        "operatingIncomeRatio": 0.30225795,
        "totalOtherIncomeExpensesNet": 9302000,
        "incomeBeforeTax": 259681000,
        "incomeBeforeTaxRatio": 0.3134873401,
        "incomeTaxExpense": 29236000,
        "netIncome": 244641000,
        "netIncomeRatio": 0.2953310268,
        "eps": 0.96,
        "epsdiluted": 0.95,
        "weightedAverageShsOut": 253855000,
        "weightedAverageShsOutDil": 258177000,
        "link": "https://www.sec.gov/Archives/edgar/data/743988/000074398819000012/0000743988-19-000012-index.htm",
        "finalLink": "https://www.sec.gov/Archives/edgar/data/743988/000074398819000012/xlnx330201910k.htm"
    },
    {
        "date": "2018-12-29",
        "symbol": "XLNX",
        "reportedCurrency": "USD",
        "cik": "0000743988",
        "fillingDate": "2019-01-25",
        "acceptedDate": "2019-01-25 16:21:19",
        "calendarYear": "2019",
        "period": "Q3",
        "revenue": 800057000,
        "costOfRevenue": 247903000,
        "grossProfit": 552154000,
        "grossProfitRatio": 0.6901433273,
        "researchAndDevelopmentExpenses": 189329000,
        "generalAndAdministrativeExpenses": 103039000,
        "sellingAndMarketingExpenses": 0,
        "sellingGeneralAndAdministrativeExpenses": 103039000,
        "otherExpenses": 1866000,
        "operatingExpenses": 294234000,
        "costAndExpenses": 542137000,
        "interestIncome": 21610000,
        "interestExpense": 13464000,
        "depreciationAndAmortization": 25958000,
        "ebitda": 296012000,
        "ebitdaratio": 0.3699886383,
        "operatingIncome": 257920000,
        "operatingIncomeRatio": 0.3223770306,
        "totalOtherIncomeExpensesNet": -1330000,
        "incomeBeforeTax": 256590000,
        "incomeBeforeTaxRatio": 0.3207146491,
        "incomeTaxExpense": 17230000,
        "netIncome": 239360000,
        "netIncomeRatio": 0.2991786835,
        "eps": 0.95,
        "epsdiluted": 0.93,
        "weightedAverageShsOut": 253060000,
        "weightedAverageShsOutDil": 256374000,
        "link": "https://www.sec.gov/Archives/edgar/data/743988/000074398819000004/0000743988-19-000004-index.htm",
        "finalLink": "https://www.sec.gov/Archives/edgar/data/743988/000074398819000004/xlnx1229201810q.htm"
    },
    {
        "date": "2018-09-29",
        "symbol": "XLNX",
        "reportedCurrency": "USD",
        "cik": "0000743988",
        "fillingDate": "2018-10-25",
        "acceptedDate": "2018-10-25 17:05:52",
        "calendarYear": "2019",
        "period": "Q2",
        "revenue": 746300000,
        "costOfRevenue": 231600000,
        "grossProfit": 514700000,
        "grossProfitRatio": 0.6896690339,
        "researchAndDevelopmentExpenses": 183400000,
        "generalAndAdministrativeExpenses": 94300000,
        "sellingAndMarketingExpenses": 3385000,
        "sellingGeneralAndAdministrativeExpenses": 97685000,
        "otherExpenses": 815000,
        "operatingExpenses": 281900000,
        "costAndExpenses": 513500000,
        "interestIncome": 17350000,
        "interestExpense": 13164000,
        "depreciationAndAmortization": 24200000,
        "ebitda": 276464000,
        "ebitdaratio": 0.3704462013,
        "operatingIncome": 232736000,
        "operatingIncomeRatio": 0.3118531422,
        "totalOtherIncomeExpensesNet": 6364000,
        "incomeBeforeTax": 239100000,
        "incomeBeforeTaxRatio": 0.320380544,
        "incomeTaxExpense": 23400000,
        "netIncome": 215700000,
        "netIncomeRatio": 0.2890258609,
        "eps": 0.85,
        "epsdiluted": 0.84,
        "weightedAverageShsOut": 252988000,
        "weightedAverageShsOutDil": 255522000,
        "link": "https://www.sec.gov/Archives/edgar/data/743988/000074398818000044/0000743988-18-000044-index.htm",
        "finalLink": "https://www.sec.gov/Archives/edgar/data/743988/000074398818000044/xlnx0929201810q.htm"
    },
    {
        "date": "2018-06-30",
        "symbol": "XLNX",
        "reportedCurrency": "USD",
        "cik": "0000743988",
        "fillingDate": "2018-07-27",
        "acceptedDate": "2018-07-27 17:16:12",
        "calendarYear": "2019",
        "period": "Q1",
        "revenue": 684370000,
        "costOfRevenue": 206888000,
        "grossProfit": 477482000,
        "grossProfitRatio": 0.6976956909,
        "researchAndDevelopmentExpenses": 170826000,
        "generalAndAdministrativeExpenses": 90532000,
        "sellingAndMarketingExpenses": 0,
        "sellingGeneralAndAdministrativeExpenses": 90532000,
        "otherExpenses": 360000,
        "operatingExpenses": 261718000,
        "costAndExpenses": 468606000,
        "interestIncome": 17397000,
        "interestExpense": 13372000,
        "depreciationAndAmortization": 22408000,
        "ebitda": 248697000,
        "ebitdaratio": 0.3633955317,
        "operatingIncome": 215764000,
        "operatingIncomeRatio": 0.3152739015,
        "totalOtherIncomeExpensesNet": -2847000,
        "incomeBeforeTax": 212917000,
        "incomeBeforeTaxRatio": 0.3111138712,
        "incomeTaxExpense": 22879000,
        "netIncome": 190038000,
        "netIncomeRatio": 0.2776831246,
        "eps": 0.75,
        "epsdiluted": 0.74,
        "weightedAverageShsOut": 252682000,
        "weightedAverageShsOutDil": 255935000,
        "link": "https://www.sec.gov/Archives/edgar/data/743988/000074398818000038/0000743988-18-000038-index.htm",
        "finalLink": "https://www.sec.gov/Archives/edgar/data/743988/000074398818000022/xlnx331201810k.htm"
    },
    {
        "date": "2018-03-31",
        "symbol": "XLNX",
        "reportedCurrency": "USD",
        "cik": "0000743988",
        "fillingDate": "2018-05-15",
        "acceptedDate": "2018-05-14 17:58:55",
        "calendarYear": "2018",
        "period": "Q4",
        "revenue": 672862000,
        "costOfRevenue": 197331000,
        "grossProfit": 475531000,
        "grossProfitRatio": 0.7067288686,
        "researchAndDevelopmentExpenses": 162483000,
        "generalAndAdministrativeExpenses": 89348000,
        "sellingAndMarketingExpenses": 0,
        "sellingGeneralAndAdministrativeExpenses": 89348000,
        "otherExpenses": 584000,
        "operatingExpenses": 252415000,
        "costAndExpenses": 449746000,
        "interestIncome": 13620000,
        "interestExpense": 11504000,
        "depreciationAndAmortization": 49719000,
        "ebitda": 247207000,
        "ebitdaratio": 0.3673962863,
        "operatingIncome": 189765000,
        "operatingIncomeRatio": 0.2820266266,
        "totalOtherIncomeExpensesNet": -3781000,
        "incomeBeforeTax": 185984000,
        "incomeBeforeTaxRatio": 0.2764073465,
        "incomeTaxExpense": 20325000,
        "netIncome": 165659000,
        "netIncomeRatio": 0.2462005582,
        "eps": 0.65,
        "epsdiluted": 0.64,
        "weightedAverageShsOut": 254559000,
        "weightedAverageShsOutDil": 257916000,
        "link": "https://www.sec.gov/Archives/edgar/data/743988/000074398818000022/0000743988-18-000022-index.htm",
        "finalLink": "https://www.sec.gov/Archives/edgar/data/743988/000074398818000022/xlnx331201810k.htm"
    },
    {
        "date": "2017-12-30",
        "symbol": "XLNX",
        "reportedCurrency": "USD",
        "cik": "0000743988",
        "fillingDate": "2018-01-26",
        "acceptedDate": "2018-01-26 16:13:50",
        "calendarYear": "2018",
        "period": "Q3",
        "revenue": 598600000,
        "costOfRevenue": 178000000,
        "grossProfit": 420600000,
        "grossProfitRatio": 0.7026394921,
        "researchAndDevelopmentExpenses": 166200000,
        "generalAndAdministrativeExpenses": 92800000,
        "sellingAndMarketingExpenses": -47000,
        "sellingGeneralAndAdministrativeExpenses": 92753000,
        "otherExpenses": 347000,
        "operatingExpenses": 259300000,
        "costAndExpenses": 437300000,
        "interestIncome": 17738000,
        "interestExpense": 11224000,
        "depreciationAndAmortization": 16800000,
        "ebitda": 194824000,
        "ebitdaratio": 0.3254660875,
        "operatingIncome": 189700000,
        "operatingIncomeRatio": 0.3169061143,
        "totalOtherIncomeExpensesNet": -22900000,
        "incomeBeforeTax": 166800000,
        "incomeBeforeTaxRatio": 0.2786501838,
        "incomeTaxExpense": 179300000,
        "netIncome": -12500000,
        "netIncomeRatio": -0.0208820581,
        "eps": -0.0492,
        "epsdiluted": -0.0484,
        "weightedAverageShsOut": 254089000,
        "weightedAverageShsOutDil": 258108000,
        "link": "https://www.sec.gov/Archives/edgar/data/743988/000074398818000013/0000743988-18-000013-index.htm",
        "finalLink": "https://www.sec.gov/Archives/edgar/data/743988/000074398818000013/xlnx1230201710q.htm"
    },
    {
        "date": "2017-09-30",
        "symbol": "XLNX",
        "reportedCurrency": "USD",
        "cik": "0000743988",
        "fillingDate": "2017-10-26",
        "acceptedDate": "2017-10-26 16:40:06",
        "calendarYear": "2018",
        "period": "Q2",
        "revenue": 619503000,
        "costOfRevenue": 184786000,
        "grossProfit": 434717000,
        "grossProfitRatio": 0.7017189586,
        "researchAndDevelopmentExpenses": 157985000,
        "generalAndAdministrativeExpenses": 91053000,
        "sellingAndMarketingExpenses": 0,
        "sellingGeneralAndAdministrativeExpenses": 91053000,
        "otherExpenses": 510000,
        "operatingExpenses": 249548000,
        "costAndExpenses": 434334000,
        "interestIncome": 13832000,
        "interestExpense": 11029000,
        "depreciationAndAmortization": 15164000,
        "ebitda": 213193000,
        "ebitdaratio": 0.3441355409,
        "operatingIncome": 185169000,
        "operatingIncomeRatio": 0.2988992789,
        "totalOtherIncomeExpensesNet": 1831000,
        "incomeBeforeTax": 187000000,
        "incomeBeforeTaxRatio": 0.301854874,
        "incomeTaxExpense": 19468000,
        "netIncome": 167532000,
        "netIncomeRatio": 0.2704296831,
        "eps": 0.68,
        "epsdiluted": 0.65,
        "weightedAverageShsOut": 248094000,
        "weightedAverageShsOutDil": 258217000,
        "link": "https://www.sec.gov/Archives/edgar/data/743988/000074398817000080/0000743988-17-000080-index.htm",
        "finalLink": "https://www.sec.gov/Archives/edgar/data/743988/000074398817000080/xlnx0930201710q.htm"
    },
    {
        "date": "2017-07-01",
        "symbol": "XLNX",
        "reportedCurrency": "USD",
        "cik": "0000743988",
        "fillingDate": "2017-07-28",
        "acceptedDate": "2017-07-28 17:08:50",
        "calendarYear": "2018",
        "period": "Q1",
        "revenue": 602800000,
        "costOfRevenue": 190800000,
        "grossProfit": 412000000,
        "grossProfitRatio": 0.6834771068,
        "researchAndDevelopmentExpenses": 153100000,
        "generalAndAdministrativeExpenses": 89200000,
        "sellingAndMarketingExpenses": -25000,
        "sellingGeneralAndAdministrativeExpenses": 89175000,
        "otherExpenses": 725000,
        "operatingExpenses": 243000000,
        "costAndExpenses": 433800000,
        "interestIncome": 13414000,
        "interestExpense": 12081000,
        "depreciationAndAmortization": 14900000,
        "ebitda": 197881000,
        "ebitdaratio": 0.3282697412,
        "operatingIncome": 180420000,
        "operatingIncomeRatio": 0.2993032515,
        "totalOtherIncomeExpensesNet": -9520000,
        "incomeBeforeTax": 170900000,
        "incomeBeforeTaxRatio": 0.2835102853,
        "incomeTaxExpense": 13700000,
        "netIncome": 157200000,
        "netIncomeRatio": 0.2607830126,
        "eps": 0.63,
        "epsdiluted": 0.59,
        "weightedAverageShsOut": 247911000,
        "weightedAverageShsOutDil": 265797000,
        "link": "https://www.sec.gov/Archives/edgar/data/743988/000074398817000061/0000743988-17-000061-index.htm",
        "finalLink": "https://www.sec.gov/Archives/edgar/data/743988/000074398817000046/xlnx41201710k.htm"
    },
    {
        "date": "2017-04-01",
        "symbol": "XLNX",
        "reportedCurrency": "USD",
        "cik": "0000743988",
        "fillingDate": "2017-05-15",
        "acceptedDate": "2017-05-15 16:48:22",
        "calendarYear": "2017",
        "period": "Q4",
        "revenue": 616900000,
        "costOfRevenue": 186200000,
        "grossProfit": 430700000,
        "grossProfitRatio": 0.6981682607,
        "researchAndDevelopmentExpenses": 164300000,
        "generalAndAdministrativeExpenses": 84800000,
        "sellingAndMarketingExpenses": -3000,
        "sellingGeneralAndAdministrativeExpenses": 84797000,
        "otherExpenses": 1203000,
        "operatingExpenses": 250300000,
        "costAndExpenses": 436500000,
        "interestIncome": 13053000,
        "interestExpense": 12343000,
        "depreciationAndAmortization": 16100000,
        "ebitda": 206643000,
        "ebitdaratio": 0.3349700113,
        "operatingIncome": 173404000,
        "operatingIncomeRatio": 0.2810893176,
        "totalOtherIncomeExpensesNet": 4796000,
        "incomeBeforeTax": 178200000,
        "incomeBeforeTaxRatio": 0.2888636732,
        "incomeTaxExpense": 19200000,
        "netIncome": 159000000,
        "netIncomeRatio": 0.2577403145,
        "eps": 0.64,
        "epsdiluted": 0.6,
        "weightedAverageShsOut": 249014000,
        "weightedAverageShsOutDil": 267157000,
        "link": "https://www.sec.gov/Archives/edgar/data/743988/000074398817000046/0000743988-17-000046-index.htm",
        "finalLink": "https://www.sec.gov/Archives/edgar/data/743988/000074398817000046/xlnx41201710k.htm"
    },
    {
        "date": "2016-12-31",
        "symbol": "XLNX",
        "reportedCurrency": "USD",
        "cik": "0000743988",
        "fillingDate": "2017-01-26",
        "acceptedDate": "2017-01-26 16:41:31",
        "calendarYear": "2017",
        "period": "Q3",
        "revenue": 585688000,
        "costOfRevenue": 178233000,
        "grossProfit": 407455000,
        "grossProfitRatio": 0.6956860991,
        "researchAndDevelopmentExpenses": 159248000,
        "generalAndAdministrativeExpenses": 83780000,
        "sellingAndMarketingExpenses": 0,
        "sellingGeneralAndAdministrativeExpenses": 83780000,
        "otherExpenses": 1455000,
        "operatingExpenses": 244483000,
        "costAndExpenses": 422716000,
        "interestIncome": 14504000,
        "interestExpense": 13872000,
        "depreciationAndAmortization": 15997000,
        "ebitda": 192449000,
        "ebitdaratio": 0.3285862097,
        "operatingIncome": 162972000,
        "operatingIncomeRatio": 0.2782573657,
        "totalOtherIncomeExpensesNet": -392000,
        "incomeBeforeTax": 162580000,
        "incomeBeforeTaxRatio": 0.2775880674,
        "incomeTaxExpense": 20734000,
        "netIncome": 141846000,
        "netIncomeRatio": 0.2421869664,
        "eps": 0.57,
        "epsdiluted": 0.52,
        "weightedAverageShsOut": 250982000,
        "weightedAverageShsOutDil": 270781000,
        "link": "https://www.sec.gov/Archives/edgar/data/743988/000074398817000011/0000743988-17-000011-index.htm",
        "finalLink": "https://www.sec.gov/Archives/edgar/data/743988/000074398817000011/xlnx1231201610q.htm"
    },
    {
        "date": "2016-10-01",
        "symbol": "XLNX",
        "reportedCurrency": "USD",
        "cik": "0000743988",
        "fillingDate": "2016-10-27",
        "acceptedDate": "2016-10-27 16:44:34",
        "calendarYear": "2017",
        "period": "Q2",
        "revenue": 579200000,
        "costOfRevenue": 175900000,
        "grossProfit": 403300000,
        "grossProfitRatio": 0.6963052486,
        "researchAndDevelopmentExpenses": 141800000,
        "generalAndAdministrativeExpenses": 83500000,
        "sellingAndMarketingExpenses": -37000,
        "sellingGeneralAndAdministrativeExpenses": 83463000,
        "otherExpenses": 1237000,
        "operatingExpenses": 226500000,
        "costAndExpenses": 402400000,
        "interestIncome": 12098000,
        "interestExpense": 13870000,
        "depreciationAndAmortization": 15200000,
        "ebitda": 204770000,
        "ebitdaratio": 0.3535393646,
        "operatingIncome": 176813000,
        "operatingIncomeRatio": 0.3052710635,
        "totalOtherIncomeExpensesNet": -1113000,
        "incomeBeforeTax": 175700000,
        "incomeBeforeTaxRatio": 0.3033494475,
        "incomeTaxExpense": 11500000,
        "netIncome": 164200000,
        "netIncomeRatio": 0.2834944751,
        "eps": 0.65,
        "epsdiluted": 0.61,
        "weightedAverageShsOut": 253466000,
        "weightedAverageShsOutDil": 270373000,
        "link": "https://www.sec.gov/Archives/edgar/data/743988/000074398816000086/0000743988-16-000086-index.htm",
        "finalLink": "https://www.sec.gov/Archives/edgar/data/743988/000074398816000086/xlnx101201610q.htm"
    },
    {
        "date": "2016-07-02",
        "symbol": "XLNX",
        "reportedCurrency": "USD",
        "cik": "0000743988",
        "fillingDate": "2016-07-28",
        "acceptedDate": "2016-07-28 16:09:23",
        "calendarYear": "2017",
        "period": "Q1",
        "revenue": 575000000,
        "costOfRevenue": 168300000,
        "grossProfit": 406700000,
        "grossProfitRatio": 0.7073043478,
        "researchAndDevelopmentExpenses": 136100000,
        "generalAndAdministrativeExpenses": 83100000,
        "sellingAndMarketingExpenses": 10000,
        "sellingGeneralAndAdministrativeExpenses": 83110000,
        "otherExpenses": 1290000,
        "operatingExpenses": 220500000,
        "costAndExpenses": 388800000,
        "interestIncome": 11466000,
        "interestExpense": 13868000,
        "depreciationAndAmortization": 15300000,
        "ebitda": 210768000,
        "ebitdaratio": 0.3665530435,
        "operatingIncome": 186205000,
        "operatingIncomeRatio": 0.3238347826,
        "totalOtherIncomeExpensesNet": -4605000,
        "incomeBeforeTax": 181600000,
        "incomeBeforeTaxRatio": 0.315826087,
        "incomeTaxExpense": 18600000,
        "netIncome": 163000000,
        "netIncomeRatio": 0.2834782609,
        "eps": 0.64,
        "epsdiluted": 0.61,
        "weightedAverageShsOut": 252901000,
        "weightedAverageShsOutDil": 266206000,
        "link": "https://www.sec.gov/Archives/edgar/data/743988/000074398816000073/0000743988-16-000073-index.htm",
        "finalLink": "https://www.sec.gov/Archives/edgar/data/743988/000074398816000063/xlnx42201610k.htm"
    },
    {
        "date": "2016-04-02",
        "symbol": "XLNX",
        "reportedCurrency": "USD",
        "cik": "0000743988",
        "fillingDate": "2016-05-17",
        "acceptedDate": "2016-05-17 16:45:51",
        "calendarYear": "2016",
        "period": "Q4",
        "revenue": 571100000,
        "costOfRevenue": 175800000,
        "grossProfit": 395300000,
        "grossProfitRatio": 0.6921729995,
        "researchAndDevelopmentExpenses": 135600000,
        "generalAndAdministrativeExpenses": 80300000,
        "sellingAndMarketingExpenses": -22000,
        "sellingGeneralAndAdministrativeExpenses": 80278000,
        "otherExpenses": 1322000,
        "operatingExpenses": 217200000,
        "costAndExpenses": 393000000,
        "interestIncome": 11441000,
        "interestExpense": 13865000,
        "depreciationAndAmortization": 16500000,
        "ebitda": 200165000,
        "ebitdaratio": 0.3504902819,
        "operatingIncome": 178100000,
        "operatingIncomeRatio": 0.3118543162,
        "totalOtherIncomeExpensesNet": -8300000,
        "incomeBeforeTax": 169800000,
        "incomeBeforeTaxRatio": 0.2973209596,
        "incomeTaxExpense": 24800000,
        "netIncome": 145000000,
        "netIncomeRatio": 0.2538959902,
        "eps": 0.57,
        "epsdiluted": 0.54,
        "weightedAverageShsOut": 255467000,
        "weightedAverageShsOutDil": 268462000,
        "link": "https://www.sec.gov/Archives/edgar/data/743988/000074398816000063/0000743988-16-000063-index.htm",
        "finalLink": "https://www.sec.gov/Archives/edgar/data/743988/000074398816000063/xlnx42201610k.htm"
    },
    {
        "date": "2016-01-02",
        "symbol": "XLNX",
        "reportedCurrency": "USD",
        "cik": "0000743988",
        "fillingDate": "2016-01-29",
        "acceptedDate": "2016-01-29 17:05:53",
        "calendarYear": "2016",
        "period": "Q3",
        "revenue": 566200000,
        "costOfRevenue": 178500000,
        "grossProfit": 387700000,
        "grossProfitRatio": 0.6847403744,
        "researchAndDevelopmentExpenses": 141400000,
        "generalAndAdministrativeExpenses": 84500000,
        "sellingAndMarketingExpenses": -30000,
        "sellingGeneralAndAdministrativeExpenses": 84470000,
        "otherExpenses": 1730000,
        "operatingExpenses": 227600000,
        "costAndExpenses": 406100000,
        "interestIncome": 12640000,
        "interestExpense": 13866000,
        "depreciationAndAmortization": 17500000,
        "ebitda": 186366000,
        "ebitdaratio": 0.329152243,
        "operatingIncome": 160104000,
        "operatingIncomeRatio": 0.2827693395,
        "totalOtherIncomeExpensesNet": -5004000,
        "incomeBeforeTax": 155100000,
        "incomeBeforeTaxRatio": 0.273931473,
        "incomeTaxExpense": 24200000,
        "netIncome": 130800000,
        "netIncomeRatio": 0.2310137761,
        "eps": 0.51,
        "epsdiluted": 0.49,
        "weightedAverageShsOut": 256450000,
        "weightedAverageShsOutDil": 269611000,
        "link": "https://www.sec.gov/Archives/edgar/data/743988/000074398816000050/0000743988-16-000050-index.htm",
        "finalLink": "https://www.sec.gov/Archives/edgar/data/743988/000074398816000050/xlnx12201610q.htm"
    },
    {
        "date": "2015-09-26",
        "symbol": "XLNX",
        "reportedCurrency": "USD",
        "cik": "0000743988",
        "fillingDate": "2015-10-28",
        "acceptedDate": "2015-10-28 08:33:39",
        "calendarYear": "2016",
        "period": "Q2",
        "revenue": 527600000,
        "costOfRevenue": 157600000,
        "grossProfit": 370000000,
        "grossProfitRatio": 0.7012888552,
        "researchAndDevelopmentExpenses": 130200000,
        "generalAndAdministrativeExpenses": 84800000,
        "sellingAndMarketingExpenses": -39000,
        "sellingGeneralAndAdministrativeExpenses": 84761000,
        "otherExpenses": 1839000,
        "operatingExpenses": 216800000,
        "costAndExpenses": 374400000,
        "interestIncome": 8124000,
        "interestExpense": 13862000,
        "depreciationAndAmortization": 16700000,
        "ebitda": 174562000,
        "ebitdaratio": 0.3308605004,
        "operatingIncome": 153182000,
        "operatingIncomeRatio": 0.2903373768,
        "totalOtherIncomeExpensesNet": -9182000,
        "incomeBeforeTax": 144000000,
        "incomeBeforeTaxRatio": 0.2729340409,
        "incomeTaxExpense": 16700000,
        "netIncome": 127300000,
        "netIncomeRatio": 0.2412812737,
        "eps": 0.49,
        "epsdiluted": 0.48,
        "weightedAverageShsOut": 257640000,
        "weightedAverageShsOutDil": 266046000,
        "link": "https://www.sec.gov/Archives/edgar/data/743988/000074398815000043/0000743988-15-000043-index.htm",
        "finalLink": "https://www.sec.gov/Archives/edgar/data/743988/000074398815000043/xlnx926201510q.htm"
    },
    {
        "date": "2015-06-27",
        "symbol": "XLNX",
        "reportedCurrency": "USD",
        "cik": "0000743988",
        "fillingDate": "2015-07-31",
        "acceptedDate": "2015-07-31 17:27:49",
        "calendarYear": "2016",
        "period": "Q1",
        "revenue": 549000000,
        "costOfRevenue": 160000000,
        "grossProfit": 389000000,
        "grossProfitRatio": 0.70856102,
        "researchAndDevelopmentExpenses": 126600000,
        "generalAndAdministrativeExpenses": 82100000,
        "sellingAndMarketingExpenses": 43000,
        "sellingGeneralAndAdministrativeExpenses": 82143000,
        "otherExpenses": 1757000,
        "operatingExpenses": 210500000,
        "costAndExpenses": 370500000,
        "interestIncome": 7975000,
        "interestExpense": 13862000,
        "depreciationAndAmortization": 17700000,
        "ebitda": 199562000,
        "ebitdaratio": 0.3635009107,
        "operatingIncome": 178494000,
        "operatingIncomeRatio": 0.3251256831,
        "totalOtherIncomeExpensesNet": -10494000,
        "incomeBeforeTax": 168000000,
        "incomeBeforeTaxRatio": 0.306010929,
        "incomeTaxExpense": 20300000,
        "netIncome": 147700000,
        "netIncomeRatio": 0.2690346084,
        "eps": 0.57,
        "epsdiluted": 0.55,
        "weightedAverageShsOut": 258021000,
        "weightedAverageShsOutDil": 270730000,
        "link": "https://www.sec.gov/Archives/edgar/data/743988/000074398815000034/0000743988-15-000034-index.htm",
        "finalLink": "https://www.sec.gov/Archives/edgar/data/743988/000074398815000022/xlnx0328201510k.htm"
    },
    {
        "date": "2015-03-28",
        "symbol": "XLNX",
        "reportedCurrency": "USD",
        "cik": "0000743988",
        "fillingDate": "2015-05-13",
        "acceptedDate": "2015-05-13 17:19:43",
        "calendarYear": "2015",
        "period": "Q4",
        "revenue": 566900000,
        "costOfRevenue": 170400000,
        "grossProfit": 396500000,
        "grossProfitRatio": 0.6994178868,
        "researchAndDevelopmentExpenses": 131900000,
        "generalAndAdministrativeExpenses": 79200000,
        "sellingAndMarketingExpenses": -2000,
        "sellingGeneralAndAdministrativeExpenses": 79198000,
        "otherExpenses": 26902000,
        "operatingExpenses": 238000000,
        "costAndExpenses": 408400000,
        "interestIncome": 7608000,
        "interestExpense": 13864000,
        "depreciationAndAmortization": 18400000,
        "ebitda": 191764000,
        "ebitdaratio": 0.3382677721,
        "operatingIncome": 158520000,
        "operatingIncomeRatio": 0.2796260363,
        "totalOtherIncomeExpensesNet": 980000,
        "incomeBeforeTax": 159500000,
        "incomeBeforeTaxRatio": 0.2813547363,
        "incomeTaxExpense": 24900000,
        "netIncome": 134600000,
        "netIncomeRatio": 0.2374316458,
        "eps": 0.52,
        "epsdiluted": 0.5,
        "weightedAverageShsOut": 260857000,
        "weightedAverageShsOutDil": 269514000,
        "link": "https://www.sec.gov/Archives/edgar/data/743988/000074398815000022/0000743988-15-000022-index.htm",
        "finalLink": "https://www.sec.gov/Archives/edgar/data/743988/000074398815000022/xlnx0328201510k.htm"
    },
    {
        "date": "2014-12-27",
        "symbol": "XLNX",
        "reportedCurrency": "USD",
        "cik": "0000743988",
        "fillingDate": "2015-01-30",
        "acceptedDate": "2015-01-30 16:47:21",
        "calendarYear": "2015",
        "period": "Q3",
        "revenue": 593500000,
        "costOfRevenue": 179600000,
        "grossProfit": 413900000,
        "grossProfitRatio": 0.6973883741,
        "researchAndDevelopmentExpenses": 133500000,
        "generalAndAdministrativeExpenses": 88100000,
        "sellingAndMarketingExpenses": -24000,
        "sellingGeneralAndAdministrativeExpenses": 88076000,
        "otherExpenses": 2324000,
        "operatingExpenses": 223900000,
        "costAndExpenses": 403500000,
        "interestIncome": 11375000,
        "interestExpense": 13859000,
        "depreciationAndAmortization": 18900000,
        "ebitda": 218759000,
        "ebitdaratio": 0.3685914069,
        "operatingIncome": 190009000,
        "operatingIncomeRatio": 0.3201499579,
        "totalOtherIncomeExpensesNet": -4009000,
        "incomeBeforeTax": 186000000,
        "incomeBeforeTaxRatio": 0.3133951137,
        "incomeTaxExpense": 17500000,
        "netIncome": 168500000,
        "netIncomeRatio": 0.2839090143,
        "eps": 0.64,
        "epsdiluted": 0.62,
        "weightedAverageShsOut": 262881000,
        "weightedAverageShsOutDil": 273795000,
        "link": "https://www.sec.gov/Archives/edgar/data/743988/000074398815000012/0000743988-15-000012-index.htm",
        "finalLink": "https://www.sec.gov/Archives/edgar/data/743988/000074398815000012/xlnx1227201410q.htm"
    },
    {
        "date": "2014-09-27",
        "symbol": "XLNX",
        "reportedCurrency": "USD",
        "cik": "0000743988",
        "fillingDate": "2014-10-27",
        "acceptedDate": "2014-10-27 17:17:54",
        "calendarYear": "2015",
        "period": "Q2",
        "revenue": 604300000,
        "costOfRevenue": 169600000,
        "grossProfit": 434700000,
        "grossProfitRatio": 0.7193446963,
        "researchAndDevelopmentExpenses": 138300000,
        "generalAndAdministrativeExpenses": 93900000,
        "sellingAndMarketingExpenses": -17000,
        "sellingGeneralAndAdministrativeExpenses": 93883000,
        "otherExpenses": 2417000,
        "operatingExpenses": 234600000,
        "costAndExpenses": 404200000,
        "interestIncome": 8392000,
        "interestExpense": 13845000,
        "depreciationAndAmortization": 18900000,
        "ebitda": 227045000,
        "ebitdaratio": 0.3757157041,
        "operatingIncome": 200049000,
        "operatingIncomeRatio": 0.3310425285,
        "totalOtherIncomeExpensesNet": -5749000,
        "incomeBeforeTax": 194300000,
        "incomeBeforeTaxRatio": 0.3215290419,
        "incomeTaxExpense": 22800000,
        "netIncome": 171500000,
        "netIncomeRatio": 0.2837994374,
        "eps": 0.64,
        "epsdiluted": 0.62,
        "weightedAverageShsOut": 265942000,
        "weightedAverageShsOutDil": 275800000,
        "link": "https://www.sec.gov/Archives/edgar/data/743988/000074398814000050/0000743988-14-000050-index.htm",
        "finalLink": "https://www.sec.gov/Archives/edgar/data/743988/000074398814000050/xlnx0927201410q.htm"
    },
    {
        "date": "2014-06-28",
        "symbol": "XLNX",
        "reportedCurrency": "USD",
        "cik": "0000743988",
        "fillingDate": "2014-07-28",
        "acceptedDate": "2014-07-28 17:05:02",
        "calendarYear": "2015",
        "period": "Q1",
        "revenue": 612600000,
        "costOfRevenue": 189200000,
        "grossProfit": 423400000,
        "grossProfitRatio": 0.6911524649,
        "researchAndDevelopmentExpenses": 122000000,
        "generalAndAdministrativeExpenses": 92500000,
        "sellingAndMarketingExpenses": 13000,
        "sellingGeneralAndAdministrativeExpenses": 92513000,
        "otherExpenses": 2387000,
        "operatingExpenses": 216900000,
        "costAndExpenses": 406100000,
        "interestIncome": 8501000,
        "interestExpense": 13865000,
        "depreciationAndAmortization": 18700000,
        "ebitda": 232865000,
        "ebitdaratio": 0.3801256938,
        "operatingIncome": 206500000,
        "operatingIncomeRatio": 0.3370878224,
        "totalOtherIncomeExpensesNet": -6200000,
        "incomeBeforeTax": 200300000,
        "incomeBeforeTaxRatio": 0.3269670258,
        "incomeTaxExpense": 26700000,
        "netIncome": 173600000,
        "netIncomeRatio": 0.2833823049,
        "eps": 0.65,
        "epsdiluted": 0.62,
        "weightedAverageShsOut": 267648000,
        "weightedAverageShsOutDil": 281579000,
        "link": "https://www.sec.gov/Archives/edgar/data/743988/000074398814000042/0000743988-14-000042-index.htm",
        "finalLink": "https://www.sec.gov/Archives/edgar/data/743988/000074398814000026/xlnx0329201410k.htm"
    },
    {
        "date": "2014-03-29",
        "symbol": "XLNX",
        "reportedCurrency": "USD",
        "cik": "0000743988",
        "fillingDate": "2014-05-16",
        "acceptedDate": "2014-05-16 17:27:16",
        "calendarYear": "2014",
        "period": "Q4",
        "revenue": 617800000,
        "costOfRevenue": 199900000,
        "grossProfit": 417900000,
        "grossProfitRatio": 0.6764325024,
        "researchAndDevelopmentExpenses": 127800000,
        "generalAndAdministrativeExpenses": 98100000,
        "sellingAndMarketingExpenses": -13000,
        "sellingGeneralAndAdministrativeExpenses": 98087000,
        "otherExpenses": 12413000,
        "operatingExpenses": 238300000,
        "costAndExpenses": 438200000,
        "interestIncome": 7568000,
        "interestExpense": 13080000,
        "depreciationAndAmortization": 18900000,
        "ebitda": 207780000,
        "ebitdaratio": 0.3363224344,
        "operatingIncome": 189517000,
        "operatingIncomeRatio": 0.3067610877,
        "totalOtherIncomeExpensesNet": -13617000,
        "incomeBeforeTax": 175900000,
        "incomeBeforeTaxRatio": 0.2847199741,
        "incomeTaxExpense": 19800000,
        "netIncome": 156000000,
        "netIncomeRatio": 0.2525089026,
        "eps": 0.58,
        "epsdiluted": 0.53,
        "weightedAverageShsOut": 268134000,
        "weightedAverageShsOutDil": 294536000,
        "link": "https://www.sec.gov/Archives/edgar/data/743988/000074398814000026/0000743988-14-000026-index.htm",
        "finalLink": "https://www.sec.gov/Archives/edgar/data/743988/000074398814000026/xlnx0329201410k.htm"
    },
    {
        "date": "2013-12-28",
        "symbol": "XLNX",
        "reportedCurrency": "USD",
        "cik": "0000743988",
        "fillingDate": "2014-01-30",
        "acceptedDate": "2014-01-29 18:30:17",
        "calendarYear": "2014",
        "period": "Q3",
        "revenue": 586800000,
        "costOfRevenue": 180800000,
        "grossProfit": 406000000,
        "grossProfitRatio": 0.6918882072,
        "researchAndDevelopmentExpenses": 128100000,
        "generalAndAdministrativeExpenses": 91800000,
        "sellingAndMarketingExpenses": -6000,
        "sellingGeneralAndAdministrativeExpenses": 91794000,
        "otherExpenses": -16594000,
        "operatingExpenses": 203300000,
        "costAndExpenses": 384100000,
        "interestIncome": 9545000,
        "interestExpense": 14050000,
        "depreciationAndAmortization": 18600000,
        "ebitda": 230650000,
        "ebitdaratio": 0.3930640763,
        "operatingIncome": 202739000,
        "operatingIncomeRatio": 0.3454993183,
        "totalOtherIncomeExpensesNet": -4839000,
        "incomeBeforeTax": 197900000,
        "incomeBeforeTaxRatio": 0.3372528971,
        "incomeTaxExpense": 22100000,
        "netIncome": 175900000,
        "netIncomeRatio": 0.2997614179,
        "eps": 0.66,
        "epsdiluted": 0.61,
        "weightedAverageShsOut": 267780000,
        "weightedAverageShsOutDil": 288195000,
        "link": "https://www.sec.gov/Archives/edgar/data/743988/000074398814000007/0000743988-14-000007-index.htm",
        "finalLink": "https://www.sec.gov/Archives/edgar/data/743988/000074398814000007/xlnx1228201310q.htm"
    },
    {
        "date": "2013-09-28",
        "symbol": "XLNX",
        "reportedCurrency": "USD",
        "cik": "0000743988",
        "fillingDate": "2013-10-28",
        "acceptedDate": "2013-10-28 16:45:25",
        "calendarYear": "2014",
        "period": "Q2",
        "revenue": 598900000,
        "costOfRevenue": 182800000,
        "grossProfit": 416100000,
        "grossProfitRatio": 0.6947737519,
        "researchAndDevelopmentExpenses": 125000000,
        "generalAndAdministrativeExpenses": 96300000,
        "sellingAndMarketingExpenses": 39000,
        "sellingGeneralAndAdministrativeExpenses": 96339000,
        "otherExpenses": 31061000,
        "operatingExpenses": 252400000,
        "costAndExpenses": 435200000,
        "interestIncome": 5363000,
        "interestExpense": 13047000,
        "depreciationAndAmortization": 18900000,
        "ebitda": 184747000,
        "ebitdaratio": 0.3084772082,
        "operatingIncome": 163762000,
        "operatingIncomeRatio": 0.2734379696,
        "totalOtherIncomeExpensesNet": -10962000,
        "incomeBeforeTax": 152800000,
        "incomeBeforeTaxRatio": 0.2551344131,
        "incomeTaxExpense": 11300000,
        "netIncome": 141500000,
        "netIncomeRatio": 0.2362664886,
        "eps": 0.53,
        "epsdiluted": 0.49,
        "weightedAverageShsOut": 268478000,
        "weightedAverageShsOutDil": 290685000,
        "link": "https://www.sec.gov/Archives/edgar/data/743988/000074398813000043/0000743988-13-000043-index.htm",
        "finalLink": "https://www.sec.gov/Archives/edgar/data/743988/000074398813000043/xlnx928201310q.htm"
    },
    {
        "date": "2013-06-29",
        "symbol": "XLNX",
        "reportedCurrency": "USD",
        "cik": "0000743988",
        "fillingDate": "2013-07-31",
        "acceptedDate": "2013-07-31 16:28:01",
        "calendarYear": "2014",
        "period": "Q1",
        "revenue": 579000000,
        "costOfRevenue": 179700000,
        "grossProfit": 399300000,
        "grossProfitRatio": 0.6896373057,
        "researchAndDevelopmentExpenses": 111500000,
        "generalAndAdministrativeExpenses": 92400000,
        "sellingAndMarketingExpenses": -13000,
        "sellingGeneralAndAdministrativeExpenses": 92387000,
        "otherExpenses": 2413000,
        "operatingExpenses": 206300000,
        "costAndExpenses": 386000000,
        "interestIncome": 5603000,
        "interestExpense": 13859000,
        "depreciationAndAmortization": 18900000,
        "ebitda": 215759000,
        "ebitdaratio": 0.3726407599,
        "operatingIncome": 192909000,
        "operatingIncomeRatio": 0.3331761658,
        "totalOtherIncomeExpensesNet": -9909000,
        "incomeBeforeTax": 183000000,
        "incomeBeforeTaxRatio": 0.3160621762,
        "incomeTaxExpense": 26000000,
        "netIncome": 157000000,
        "netIncomeRatio": 0.2711571675,
        "eps": 0.59,
        "epsdiluted": 0.56,
        "weightedAverageShsOut": 264153000,
        "weightedAverageShsOutDil": 280291000,
        "link": "https://www.sec.gov/Archives/edgar/data/743988/000074398813000034/0000743988-13-000034-index.htm",
        "finalLink": "https://www.sec.gov/Archives/edgar/data/743988/000074398813000018/xlnx0330201310k.htm"
    },
    {
        "date": "2013-03-30",
        "symbol": "XLNX",
        "reportedCurrency": "USD",
        "cik": "0000743988",
        "fillingDate": "2013-05-23",
        "acceptedDate": "2013-05-23 17:09:33",
        "calendarYear": "2013",
        "period": "Q4",
        "revenue": 532200000,
        "costOfRevenue": 180600000,
        "grossProfit": 351600000,
        "grossProfitRatio": 0.6606538895,
        "researchAndDevelopmentExpenses": 111100000,
        "generalAndAdministrativeExpenses": 90700000,
        "sellingAndMarketingExpenses": 32000,
        "sellingGeneralAndAdministrativeExpenses": 90732000,
        "otherExpenses": 2468000,
        "operatingExpenses": 204300000,
        "costAndExpenses": 384900000,
        "interestIncome": 6391000,
        "interestExpense": 13526000,
        "depreciationAndAmortization": 18200000,
        "ebitda": 170026000,
        "ebitdaratio": 0.31947764,
        "operatingIncome": 147227000,
        "operatingIncomeRatio": 0.2766384818,
        "totalOtherIncomeExpensesNet": -8927000,
        "incomeBeforeTax": 138300000,
        "incomeBeforeTaxRatio": 0.2598647125,
        "incomeTaxExpense": 7700000,
        "netIncome": 130600000,
        "netIncomeRatio": 0.2453964675,
        "eps": 0.5,
        "epsdiluted": 0.47,
        "weightedAverageShsOut": 263035000,
        "weightedAverageShsOutDil": 277090000,
        "link": "https://www.sec.gov/Archives/edgar/data/743988/000074398813000018/0000743988-13-000018-index.htm",
        "finalLink": "https://www.sec.gov/Archives/edgar/data/743988/000074398813000018/xlnx0330201310k.htm"
    },
    {
        "date": "2012-12-29",
        "symbol": "XLNX",
        "reportedCurrency": "USD",
        "cik": "0000743988",
        "fillingDate": "2013-02-01",
        "acceptedDate": "2013-02-01 16:37:49",
        "calendarYear": "2013",
        "period": "Q3",
        "revenue": 509800000,
        "costOfRevenue": 170500000,
        "grossProfit": 339300000,
        "grossProfitRatio": 0.6655551197,
        "researchAndDevelopmentExpenses": 129100000,
        "generalAndAdministrativeExpenses": 86800000,
        "sellingAndMarketingExpenses": 23000,
        "sellingGeneralAndAdministrativeExpenses": 86823000,
        "otherExpenses": 2477000,
        "operatingExpenses": 218400000,
        "costAndExpenses": 388900000,
        "interestIncome": 7120000,
        "interestExpense": 13517000,
        "depreciationAndAmortization": 18000000,
        "ebitda": 147117000,
        "ebitdaratio": 0.2885778737,
        "operatingIncome": 120842000,
        "operatingIncomeRatio": 0.2370380541,
        "totalOtherIncomeExpensesNet": -5142000,
        "incomeBeforeTax": 115700000,
        "incomeBeforeTaxRatio": 0.2269517458,
        "incomeTaxExpense": 12000000,
        "netIncome": 103600000,
        "netIncomeRatio": 0.2032169478,
        "eps": 0.4,
        "epsdiluted": 0.38,
        "weightedAverageShsOut": 260690000,
        "weightedAverageShsOutDil": 271174000,
        "link": "https://www.sec.gov/Archives/edgar/data/743988/000074398813000005/0000743988-13-000005-index.htm",
        "finalLink": "https://www.sec.gov/Archives/edgar/data/743988/000074398813000005/xlnx1229201210q.htm"
    },
    {
        "date": "2012-09-29",
        "symbol": "XLNX",
        "reportedCurrency": "USD",
        "cik": "0000743988",
        "fillingDate": "2012-11-02",
        "acceptedDate": "2012-11-02 16:47:58",
        "calendarYear": "2013",
        "period": "Q2",
        "revenue": 543900000,
        "costOfRevenue": 187700000,
        "grossProfit": 356200000,
        "grossProfitRatio": 0.6548997978,
        "researchAndDevelopmentExpenses": 113900000,
        "generalAndAdministrativeExpenses": 91900000,
        "sellingAndMarketingExpenses": 28000,
        "sellingGeneralAndAdministrativeExpenses": 91928000,
        "otherExpenses": 2272000,
        "operatingExpenses": 208100000,
        "costAndExpenses": 395800000,
        "interestIncome": 6271000,
        "interestExpense": 13717000,
        "depreciationAndAmortization": 18400000,
        "ebitda": 170117000,
        "ebitdaratio": 0.3127725685,
        "operatingIncome": 148086000,
        "operatingIncomeRatio": 0.2722669608,
        "totalOtherIncomeExpensesNet": -9986000,
        "incomeBeforeTax": 138100000,
        "incomeBeforeTaxRatio": 0.2539069682,
        "incomeTaxExpense": 14600000,
        "netIncome": 123400000,
        "netIncomeRatio": 0.2268799412,
        "eps": 0.47,
        "epsdiluted": 0.46,
        "weightedAverageShsOut": 260605000,
        "weightedAverageShsOutDil": 270265000,
        "link": "https://www.sec.gov/Archives/edgar/data/743988/000074398812000011/0000743988-12-000011-index.htm",
        "finalLink": "https://www.sec.gov/Archives/edgar/data/743988/000074398812000011/xlnx929201210q.htm"
    },
    {
        "date": "2012-06-30",
        "symbol": "XLNX",
        "reportedCurrency": "USD",
        "cik": "0000743988",
        "fillingDate": "2012-08-03",
        "acceptedDate": "2012-08-03 17:00:26",
        "calendarYear": "2013",
        "period": "Q1",
        "revenue": 582784000,
        "costOfRevenue": 198411000,
        "grossProfit": 384373000,
        "grossProfitRatio": 0.659546247,
        "researchAndDevelopmentExpenses": 121447000,
        "generalAndAdministrativeExpenses": 96201000,
        "sellingAndMarketingExpenses": 0,
        "sellingGeneralAndAdministrativeExpenses": 96201000,
        "otherExpenses": 2148000,
        "operatingExpenses": 219796000,
        "costAndExpenses": 418207000,
        "interestIncome": 5792000,
        "interestExpense": 13695000,
        "depreciationAndAmortization": 18870000,
        "ebitda": 187470000,
        "ebitdaratio": 0.3216800736,
        "operatingIncome": 164577000,
        "operatingIncomeRatio": 0.2823979382,
        "totalOtherIncomeExpensesNet": -9672000,
        "incomeBeforeTax": 154905000,
        "incomeBeforeTaxRatio": 0.2658017379,
        "incomeTaxExpense": 25074000,
        "netIncome": 129831000,
        "netIncomeRatio": 0.2227772211,
        "eps": 0.49,
        "epsdiluted": 0.47,
        "weightedAverageShsOut": 263055000,
        "weightedAverageShsOutDil": 273820000,
        "link": "https://www.sec.gov/Archives/edgar/data/743988/000144530512002460/0001445305-12-002460-index.htm",
        "finalLink": "https://www.sec.gov/Archives/edgar/data/743988/000119312512249215/d312914d10k.htm"
    },
    {
        "date": "2012-03-31",
        "symbol": "XLNX",
        "reportedCurrency": "USD",
        "cik": "0000743988",
        "fillingDate": "2012-05-25",
        "acceptedDate": "2012-05-25 16:06:10",
        "calendarYear": "2012",
        "period": "Q4",
        "revenue": 558973000,
        "costOfRevenue": 187577000,
        "grossProfit": 371396000,
        "grossProfitRatio": 0.664425652,
        "researchAndDevelopmentExpenses": 115240000,
        "generalAndAdministrativeExpenses": 91261000,
        "sellingAndMarketingExpenses": 0,
        "sellingGeneralAndAdministrativeExpenses": 91261000,
        "otherExpenses": 1981000,
        "operatingExpenses": 208482000,
        "costAndExpenses": 396059000,
        "interestIncome": 6269000,
        "interestExpense": 13674000,
        "depreciationAndAmortization": 19029000,
        "ebitda": 173091000,
        "ebitdaratio": 0.3096589638,
        "operatingIncome": 147514000,
        "operatingIncomeRatio": 0.2639018343,
        "totalOtherIncomeExpensesNet": -7126000,
        "incomeBeforeTax": 140388000,
        "incomeBeforeTaxRatio": 0.2511534546,
        "incomeTaxExpense": 17983000,
        "netIncome": 122405000,
        "netIncomeRatio": 0.2189819544,
        "eps": 0.47,
        "epsdiluted": 0.45,
        "weightedAverageShsOut": 263055000,
        "weightedAverageShsOutDil": 273820000,
        "link": "https://www.sec.gov/Archives/edgar/data/743988/000119312512249215/0001193125-12-249215-index.htm",
        "finalLink": "https://www.sec.gov/Archives/edgar/data/743988/000119312512249215/d312914d10k.htm"
    },
    {
        "date": "2011-12-31",
        "symbol": "XLNX",
        "reportedCurrency": "USD",
        "cik": "0000743988",
        "fillingDate": "2012-02-07",
        "acceptedDate": "2012-02-07 16:06:06",
        "calendarYear": "2012",
        "period": "Q3",
        "revenue": 511091000,
        "costOfRevenue": 174805000,
        "grossProfit": 336286000,
        "grossProfitRatio": 0.6579767595,
        "researchAndDevelopmentExpenses": 108245000,
        "generalAndAdministrativeExpenses": 88934000,
        "sellingAndMarketingExpenses": 0,
        "sellingGeneralAndAdministrativeExpenses": 88934000,
        "otherExpenses": 1982000,
        "operatingExpenses": 199161000,
        "costAndExpenses": 373966000,
        "interestIncome": 5886000,
        "interestExpense": 13654000,
        "depreciationAndAmortization": 18189000,
        "ebitda": 161781000,
        "ebitdaratio": 0.3165404987,
        "operatingIncome": 137125000,
        "operatingIncomeRatio": 0.2682986004,
        "totalOtherIncomeExpensesNet": -7187000,
        "incomeBeforeTax": 129938000,
        "incomeBeforeTaxRatio": 0.2542365254,
        "incomeTaxExpense": 2924000,
        "netIncome": 127014000,
        "netIncomeRatio": 0.2485154307,
        "eps": 0.49,
        "epsdiluted": 0.47,
        "weightedAverageShsOut": 261257000,
        "weightedAverageShsOutDil": 267884000,
        "link": "https://www.sec.gov/Archives/edgar/data/743988/000119312512043685/0001193125-12-043685-index.htm",
        "finalLink": "https://www.sec.gov/Archives/edgar/data/743988/000119312512043685/d272322d10q.htm"
    },
    {
        "date": "2011-10-01",
        "symbol": "XLNX",
        "reportedCurrency": "USD",
        "cik": "0000743988",
        "fillingDate": "2011-11-08",
        "acceptedDate": "2011-11-08 17:00:00",
        "calendarYear": "2012",
        "period": "Q2",
        "revenue": 555200000,
        "costOfRevenue": 200600000,
        "grossProfit": 354600000,
        "grossProfitRatio": 0.6386887608,
        "researchAndDevelopmentExpenses": 105800000,
        "generalAndAdministrativeExpenses": 88700000,
        "sellingAndMarketingExpenses": -19000,
        "sellingGeneralAndAdministrativeExpenses": 88681000,
        "otherExpenses": 5319000,
        "operatingExpenses": 199800000,
        "costAndExpenses": 400400000,
        "interestIncome": 6200000,
        "interestExpense": 13634000,
        "depreciationAndAmortization": 17700000,
        "ebitda": 177634000,
        "ebitdaratio": 0.3199459654,
        "operatingIncome": 154839000,
        "operatingIncomeRatio": 0.2788886888,
        "totalOtherIncomeExpensesNet": -8639000,
        "incomeBeforeTax": 146200000,
        "incomeBeforeTaxRatio": 0.2633285303,
        "incomeTaxExpense": 20000000,
        "netIncome": 126300000,
        "netIncomeRatio": 0.2274855908,
        "eps": 0.48,
        "epsdiluted": 0.47,
        "weightedAverageShsOut": 264006000,
        "weightedAverageShsOutDil": 267927000,
        "link": "https://www.sec.gov/Archives/edgar/data/743988/000095012311096537/0000950123-11-096537-index.htm",
        "finalLink": "https://www.sec.gov/Archives/edgar/data/743988/000095012311096537/c22639e10vq.htm"
    },
    {
        "date": "2011-07-02",
        "symbol": "XLNX",
        "reportedCurrency": "USD",
        "cik": "0000743988",
        "fillingDate": "2011-08-09",
        "acceptedDate": "2011-08-09 15:29:13",
        "calendarYear": "2012",
        "period": "Q1",
        "revenue": 615500000,
        "costOfRevenue": 223100000,
        "grossProfit": 392400000,
        "grossProfitRatio": 0.637530463,
        "researchAndDevelopmentExpenses": 106000000,
        "generalAndAdministrativeExpenses": 96400000,
        "sellingAndMarketingExpenses": -4000,
        "sellingGeneralAndAdministrativeExpenses": 96396000,
        "otherExpenses": 1704000,
        "operatingExpenses": 204100000,
        "costAndExpenses": 427200000,
        "interestIncome": 5342000,
        "interestExpense": 13614000,
        "depreciationAndAmortization": 17400000,
        "ebitda": 211514000,
        "ebitdaratio": 0.3436458164,
        "operatingIncome": 188295000,
        "operatingIncomeRatio": 0.3059220146,
        "totalOtherIncomeExpensesNet": -7795000,
        "incomeBeforeTax": 180500000,
        "incomeBeforeTaxRatio": 0.2932575142,
        "incomeTaxExpense": 26100000,
        "netIncome": 154400000,
        "netIncomeRatio": 0.2508529651,
        "eps": 0.58,
        "epsdiluted": 0.56,
        "weightedAverageShsOut": 265313000,
        "weightedAverageShsOutDil": 276077000,
        "link": "https://www.sec.gov/Archives/edgar/data/743988/000119312511216385/0001193125-11-216385-index.htm",
        "finalLink": "https://www.sec.gov/Archives/edgar/data/743988/000095012311055454/c14223e10vk.htm"
    },
    {
        "date": "2011-04-02",
        "symbol": "XLNX",
        "reportedCurrency": "USD",
        "cik": "0000743988",
        "fillingDate": "2011-05-31",
        "acceptedDate": "2011-05-31 17:18:40",
        "calendarYear": "2011",
        "period": "Q4",
        "revenue": 587900000,
        "costOfRevenue": 203700000,
        "grossProfit": 384200000,
        "grossProfitRatio": 0.6535125021,
        "researchAndDevelopmentExpenses": 103000000,
        "generalAndAdministrativeExpenses": 92900000,
        "sellingAndMarketingExpenses": -37000,
        "sellingGeneralAndAdministrativeExpenses": 92863000,
        "otherExpenses": 12937000,
        "operatingExpenses": 208800000,
        "costAndExpenses": 412500000,
        "interestIncome": 4815000,
        "interestExpense": 13594000,
        "depreciationAndAmortization": 15900000,
        "ebitda": 198394000,
        "ebitdaratio": 0.3374621534,
        "operatingIncome": 181215000,
        "operatingIncomeRatio": 0.3082411975,
        "totalOtherIncomeExpensesNet": -12415000,
        "incomeBeforeTax": 168800000,
        "incomeBeforeTaxRatio": 0.2871236605,
        "incomeTaxExpense": 8800000,
        "netIncome": 160100000,
        "netIncomeRatio": 0.2723252254,
        "eps": 0.6,
        "epsdiluted": 0.58,
        "weightedAverageShsOut": 265313000,
        "weightedAverageShsOutDil": 276077000,
        "link": "https://www.sec.gov/Archives/edgar/data/743988/000095012311055454/0000950123-11-055454-index.htm",
        "finalLink": "https://www.sec.gov/Archives/edgar/data/743988/000095012311055454/c14223e10vk.htm"
    },
    {
        "date": "2011-01-01",
        "symbol": "XLNX",
        "reportedCurrency": "USD",
        "cik": "0000743988",
        "fillingDate": "2011-02-08",
        "acceptedDate": "2011-02-07 21:45:41",
        "calendarYear": "2011",
        "period": "Q3",
        "revenue": 567200000,
        "costOfRevenue": 194400000,
        "grossProfit": 372800000,
        "grossProfitRatio": 0.6572637518,
        "researchAndDevelopmentExpenses": 98500000,
        "generalAndAdministrativeExpenses": 86500000,
        "sellingAndMarketingExpenses": 31000,
        "sellingGeneralAndAdministrativeExpenses": 86531000,
        "otherExpenses": 4269000,
        "operatingExpenses": 189300000,
        "costAndExpenses": 383700000,
        "interestIncome": 4550000,
        "interestExpense": 13341000,
        "depreciationAndAmortization": 14400000,
        "ebitda": 207941000,
        "ebitdaratio": 0.3666096615,
        "operatingIncome": 183511000,
        "operatingIncomeRatio": 0.3235384344,
        "totalOtherIncomeExpensesNet": -3311000,
        "incomeBeforeTax": 180200000,
        "incomeBeforeTaxRatio": 0.3177009873,
        "incomeTaxExpense": 27900000,
        "netIncome": 152300000,
        "netIncomeRatio": 0.2685119887,
        "eps": 0.59,
        "epsdiluted": 0.58,
        "weightedAverageShsOut": 259418000,
        "weightedAverageShsOutDil": 263612000,
        "link": "https://www.sec.gov/Archives/edgar/data/743988/000095012311009942/0000950123-11-009942-index.htm",
        "finalLink": "https://www.sec.gov/Archives/edgar/data/743988/000095012311009942/c11180e10vq.htm"
    },
    {
        "date": "2010-10-02",
        "symbol": "XLNX",
        "reportedCurrency": "USD",
        "cik": "0000743988",
        "fillingDate": "2010-11-08",
        "acceptedDate": "2010-11-08 16:28:48",
        "calendarYear": "2011",
        "period": "Q2",
        "revenue": 619700000,
        "costOfRevenue": 213300000,
        "grossProfit": 406400000,
        "grossProfitRatio": 0.6558011941,
        "researchAndDevelopmentExpenses": 96600000,
        "generalAndAdministrativeExpenses": 87200000,
        "sellingAndMarketingExpenses": -26000,
        "sellingGeneralAndAdministrativeExpenses": 87174000,
        "otherExpenses": -74000,
        "operatingExpenses": 183700000,
        "costAndExpenses": 397000000,
        "interestIncome": 4542000,
        "interestExpense": 10006000,
        "depreciationAndAmortization": 14700000,
        "ebitda": 243906000,
        "ebitdaratio": 0.3935872196,
        "operatingIncome": 222654000,
        "operatingIncomeRatio": 0.3592932064,
        "totalOtherIncomeExpensesNet": -3454000,
        "incomeBeforeTax": 219200000,
        "incomeBeforeTaxRatio": 0.3537195417,
        "incomeTaxExpense": 48300000,
        "netIncome": 170900000,
        "netIncomeRatio": 0.2757786025,
        "eps": 0.66,
        "epsdiluted": 0.65,
        "weightedAverageShsOut": 260151000,
        "weightedAverageShsOutDil": 263286000,
        "link": "https://www.sec.gov/Archives/edgar/data/743988/000095012310102488/0000950123-10-102488-index.htm",
        "finalLink": "https://www.sec.gov/Archives/edgar/data/743988/000095012310102488/c06552e10vq.htm"
    },
    {
        "date": "2010-07-03",
        "symbol": "XLNX",
        "reportedCurrency": "USD",
        "cik": "0000743988",
        "fillingDate": "2010-08-09",
        "acceptedDate": "2010-08-09 17:24:08",
        "calendarYear": "2011",
        "period": "Q1",
        "revenue": 594700000,
        "costOfRevenue": 208200000,
        "grossProfit": 386500000,
        "grossProfitRatio": 0.6499075164,
        "researchAndDevelopmentExpenses": 94500000,
        "generalAndAdministrativeExpenses": 84100000,
        "sellingAndMarketingExpenses": -42000,
        "sellingGeneralAndAdministrativeExpenses": 84058000,
        "otherExpenses": -58000,
        "operatingExpenses": 178500000,
        "costAndExpenses": 386700000,
        "interestIncome": 4519000,
        "interestExpense": 7773000,
        "depreciationAndAmortization": 13900000,
        "ebitda": 224573000,
        "ebitdaratio": 0.3776240121,
        "operatingIncome": 208019000,
        "operatingIncomeRatio": 0.3497881285,
        "totalOtherIncomeExpensesNet": -5119000,
        "incomeBeforeTax": 202900000,
        "incomeBeforeTaxRatio": 0.3411804271,
        "incomeTaxExpense": 44300000,
        "netIncome": 158600000,
        "netIncomeRatio": 0.2666890869,
        "eps": 0.58,
        "epsdiluted": 0.58,
        "weightedAverageShsOut": 272097000,
        "weightedAverageShsOutDil": 275541000,
        "link": "https://www.sec.gov/Archives/edgar/data/743988/000095012310075187/0000950123-10-075187-index.htm",
        "finalLink": "https://www.sec.gov/Archives/edgar/data/743988/000095012310054852/c01815e10vk.htm"
    },
    {
        "date": "2010-04-03",
        "symbol": "XLNX",
        "reportedCurrency": "USD",
        "cik": "0000743988",
        "fillingDate": "2010-06-01",
        "acceptedDate": "2010-06-01 17:29:21",
        "calendarYear": "2010",
        "period": "Q4",
        "revenue": 529000000,
        "costOfRevenue": 185500000,
        "grossProfit": 343500000,
        "grossProfitRatio": 0.6493383743,
        "researchAndDevelopmentExpenses": 94200000,
        "generalAndAdministrativeExpenses": 90300000,
        "sellingAndMarketingExpenses": 46000,
        "sellingGeneralAndAdministrativeExpenses": 90346000,
        "otherExpenses": 3654000,
        "operatingExpenses": 188200000,
        "costAndExpenses": 373700000,
        "interestIncome": -3917000,
        "interestExpense": 6457000,
        "depreciationAndAmortization": 15500000,
        "ebitda": 183957000,
        "ebitdaratio": 0.3477448015,
        "operatingIncome": 156103000,
        "operatingIncomeRatio": 0.2950907372,
        "totalOtherIncomeExpensesNet": 5897000,
        "incomeBeforeTax": 162000000,
        "incomeBeforeTaxRatio": 0.3062381853,
        "incomeTaxExpense": 13500000,
        "netIncome": 148500000,
        "netIncomeRatio": 0.2807183365,
        "eps": 0.55,
        "epsdiluted": 0.54,
        "weightedAverageShsOut": 272097000,
        "weightedAverageShsOutDil": 275541000,
        "link": "https://www.sec.gov/Archives/edgar/data/743988/000095012310054852/0000950123-10-054852-index.htm",
        "finalLink": "https://www.sec.gov/Archives/edgar/data/743988/000095012310054852/c01815e10vk.htm"
    },
    {
        "date": "2010-01-02",
        "symbol": "XLNX",
        "reportedCurrency": "USD",
        "cik": "0000743988",
        "fillingDate": "2010-02-09",
        "acceptedDate": "2010-02-09 16:30:51",
        "calendarYear": "2010",
        "period": "Q3",
        "revenue": 513300000,
        "costOfRevenue": 184300000,
        "grossProfit": 329000000,
        "grossProfitRatio": 0.6409507111,
        "researchAndDevelopmentExpenses": 101900000,
        "generalAndAdministrativeExpenses": 85000000,
        "sellingAndMarketingExpenses": 37000,
        "sellingGeneralAndAdministrativeExpenses": 85037000,
        "otherExpenses": 8563000,
        "operatingExpenses": 195500000,
        "costAndExpenses": 379800000,
        "interestIncome": 4453000,
        "interestExpense": 6440000,
        "depreciationAndAmortization": 16000000,
        "ebitda": 155440000,
        "ebitdaratio": 0.3028248588,
        "operatingIncome": 136594000,
        "operatingIncomeRatio": 0.2661094876,
        "totalOtherIncomeExpensesNet": -3594000,
        "incomeBeforeTax": 133000000,
        "incomeBeforeTaxRatio": 0.2591077343,
        "incomeTaxExpense": 26100000,
        "netIncome": 106900000,
        "netIncomeRatio": 0.2082602766,
        "eps": 0.39,
        "epsdiluted": 0.38,
        "weightedAverageShsOut": 276832000,
        "weightedAverageShsOutDil": 278566000,
        "link": "https://www.sec.gov/Archives/edgar/data/743988/000120677410000261/0001206774-10-000261-index.htm",
        "finalLink": "https://www.sec.gov/Archives/edgar/data/743988/000120677410000261/xilinx_10q.htm"
    },
    {
        "date": "2009-09-26",
        "symbol": "XLNX",
        "reportedCurrency": "USD",
        "cik": "0000743988",
        "fillingDate": "2009-11-03",
        "acceptedDate": "2009-11-03 17:00:40",
        "calendarYear": "2010",
        "period": "Q2",
        "revenue": 415000000,
        "costOfRevenue": 158200000,
        "grossProfit": 256800000,
        "grossProfitRatio": 0.6187951807,
        "researchAndDevelopmentExpenses": 90100000,
        "generalAndAdministrativeExpenses": 78600000,
        "sellingAndMarketingExpenses": 21000,
        "sellingGeneralAndAdministrativeExpenses": 78621000,
        "otherExpenses": 5979000,
        "operatingExpenses": 174700000,
        "costAndExpenses": 332900000,
        "interestIncome": 4581000,
        "interestExpense": 6363000,
        "depreciationAndAmortization": 15400000,
        "ebitda": 102063000,
        "ebitdaratio": 0.2459349398,
        "operatingIncome": 82092000,
        "operatingIncomeRatio": 0.1978120482,
        "totalOtherIncomeExpensesNet": -1792000,
        "incomeBeforeTax": 80300000,
        "incomeBeforeTaxRatio": 0.1934939759,
        "incomeTaxExpense": 16300000,
        "netIncome": 64000000,
        "netIncomeRatio": 0.1542168675,
        "eps": 0.23,
        "epsdiluted": 0.23,
        "weightedAverageShsOut": 276353000,
        "weightedAverageShsOutDil": 276988000,
        "link": "https://www.sec.gov/Archives/edgar/data/743988/000120677409002023/0001206774-09-002023-index.htm",
        "finalLink": "https://www.sec.gov/Archives/edgar/data/743988/000120677409002023/xilinx_10q.htm"
    },
    {
        "date": "2009-06-27",
        "symbol": "XLNX",
        "reportedCurrency": "USD",
        "cik": "0000743988",
        "fillingDate": "2009-08-04",
        "acceptedDate": "2009-08-04 16:29:26",
        "calendarYear": "2010",
        "period": "Q1",
        "revenue": 376200000,
        "costOfRevenue": 143800000,
        "grossProfit": 232400000,
        "grossProfitRatio": 0.6177565125,
        "researchAndDevelopmentExpenses": 83200000,
        "generalAndAdministrativeExpenses": 73600000,
        "sellingAndMarketingExpenses": -44000,
        "sellingGeneralAndAdministrativeExpenses": 73556000,
        "otherExpenses": 18344000,
        "operatingExpenses": 175100000,
        "costAndExpenses": 318900000,
        "interestIncome": 13967000,
        "interestExpense": 6729000,
        "depreciationAndAmortization": 18300000,
        "ebitda": 71429000,
        "ebitdaratio": 0.1898697501,
        "operatingIncome": 57360000,
        "operatingIncomeRatio": 0.1524720893,
        "totalOtherIncomeExpensesNet": -10860000,
        "incomeBeforeTax": 46500000,
        "incomeBeforeTaxRatio": 0.1236044657,
        "incomeTaxExpense": 8400000,
        "netIncome": 38000000,
        "netIncomeRatio": 0.101010101,
        "eps": 0.14,
        "epsdiluted": 0.14,
        "weightedAverageShsOut": 275523000,
        "weightedAverageShsOutDil": 276258000,
        "link": "https://www.sec.gov/Archives/edgar/data/743988/000120677409001503/0001206774-09-001503-index.htm",
        "finalLink": "https://www.sec.gov/Archives/edgar/data/743988/000120677409001145/xilinx_10k.htm"
    },
    {
        "date": "2009-03-28",
        "symbol": "XLNX",
        "reportedCurrency": "USD",
        "cik": "0000743988",
        "fillingDate": "2009-06-01",
        "acceptedDate": "2009-06-01 17:23:52",
        "calendarYear": "2009",
        "period": "Q4",
        "revenue": 395000000,
        "costOfRevenue": 149900000,
        "grossProfit": 245100000,
        "grossProfitRatio": 0.6205063291,
        "researchAndDevelopmentExpenses": 88200000,
        "generalAndAdministrativeExpenses": 77700000,
        "sellingAndMarketingExpenses": -48000,
        "sellingGeneralAndAdministrativeExpenses": 77652000,
        "otherExpenses": -14752000,
        "operatingExpenses": 151100000,
        "costAndExpenses": 301000000,
        "interestIncome": 0,
        "interestExpense": 0,
        "depreciationAndAmortization": 16700000,
        "ebitda": 108300000,
        "ebitdaratio": 0.2741772152,
        "operatingIncome": 78259000,
        "operatingIncomeRatio": 0.1981240506,
        "totalOtherIncomeExpensesNet": 13441000,
        "incomeBeforeTax": 91700000,
        "incomeBeforeTaxRatio": 0.2321518987,
        "incomeTaxExpense": 13600000,
        "netIncome": 78000000,
        "netIncomeRatio": 0.1974683544,
        "eps": 0.28,
        "epsdiluted": 0.28,
        "weightedAverageShsOut": 275523000,
        "weightedAverageShsOutDil": 276258000,
        "link": "https://www.sec.gov/Archives/edgar/data/743988/000120677409001145/0001206774-09-001145-index.htm",
        "finalLink": "https://www.sec.gov/Archives/edgar/data/743988/000120677409001145/xilinx_10k.htm"
    },
    {
        "date": "2008-12-27",
        "symbol": "XLNX",
        "reportedCurrency": "USD",
        "cik": "0000743988",
        "fillingDate": "2009-02-03",
        "acceptedDate": "2009-02-03 15:55:44",
        "calendarYear": "2009",
        "period": "Q3",
        "revenue": 458400000,
        "costOfRevenue": 165300000,
        "grossProfit": 293100000,
        "grossProfitRatio": 0.6393979058,
        "researchAndDevelopmentExpenses": 87000000,
        "generalAndAdministrativeExpenses": 85000000,
        "sellingAndMarketingExpenses": 32000,
        "sellingGeneralAndAdministrativeExpenses": 85032000,
        "otherExpenses": -37232000,
        "operatingExpenses": 134800000,
        "costAndExpenses": 300100000,
        "interestIncome": 0,
        "interestExpense": 0,
        "depreciationAndAmortization": 17500000,
        "ebitda": 174000000,
        "ebitdaratio": 0.3795811518,
        "operatingIncome": 119582000,
        "operatingIncomeRatio": 0.2608682373,
        "totalOtherIncomeExpensesNet": 37018000,
        "incomeBeforeTax": 156600000,
        "incomeBeforeTaxRatio": 0.3416230366,
        "incomeTaxExpense": 37100000,
        "netIncome": 119400000,
        "netIncomeRatio": 0.2604712042,
        "eps": 0.44,
        "epsdiluted": 0.44,
        "weightedAverageShsOut": 273997000,
        "weightedAverageShsOutDil": 274223000,
        "link": "https://www.sec.gov/Archives/edgar/data/743988/000120677409000152/0001206774-09-000152-index.htm",
        "finalLink": "https://www.sec.gov/Archives/edgar/data/743988/000120677409000152/xilinx_10q.htm"
    },
    {
        "date": "2008-09-27",
        "symbol": "XLNX",
        "reportedCurrency": "USD",
        "cik": "0000743988",
        "fillingDate": "2008-11-04",
        "acceptedDate": "2008-11-04 16:55:58",
        "calendarYear": "2009",
        "period": "Q2",
        "revenue": 483500000,
        "costOfRevenue": 177400000,
        "grossProfit": 306100000,
        "grossProfitRatio": 0.6330920372,
        "researchAndDevelopmentExpenses": 89500000,
        "generalAndAdministrativeExpenses": 88100000,
        "sellingAndMarketingExpenses": -20000,
        "sellingGeneralAndAdministrativeExpenses": 88080000,
        "otherExpenses": 32920000,
        "operatingExpenses": 210500000,
        "costAndExpenses": 387900000,
        "interestIncome": 0,
        "interestExpense": 0,
        "depreciationAndAmortization": 17500000,
        "ebitda": 120400000,
        "ebitdaratio": 0.2490175801,
        "operatingIncome": 124626000,
        "operatingIncomeRatio": 0.2577580145,
        "totalOtherIncomeExpensesNet": -21726000,
        "incomeBeforeTax": 102900000,
        "incomeBeforeTaxRatio": 0.2128231644,
        "incomeTaxExpense": 21800000,
        "netIncome": 81100000,
        "netIncomeRatio": 0.1677352637,
        "eps": 0.29,
        "epsdiluted": 0.29,
        "weightedAverageShsOut": 276169000,
        "weightedAverageShsOutDil": 277714000,
        "link": "https://www.sec.gov/Archives/edgar/data/743988/000120677408001777/0001206774-08-001777-index.htm",
        "finalLink": "https://www.sec.gov/Archives/edgar/data/743988/000120677408001777/xilinx_10q.htm"
    },
    {
        "date": "2008-06-28",
        "symbol": "XLNX",
        "reportedCurrency": "USD",
        "cik": "0000743988",
        "fillingDate": "2008-08-05",
        "acceptedDate": "2008-08-05 13:30:19",
        "calendarYear": "2009",
        "period": "Q1",
        "revenue": 488200000,
        "costOfRevenue": 176500000,
        "grossProfit": 311700000,
        "grossProfitRatio": 0.638467841,
        "researchAndDevelopmentExpenses": 90700000,
        "generalAndAdministrativeExpenses": 93000000,
        "sellingAndMarketingExpenses": 4000,
        "sellingGeneralAndAdministrativeExpenses": 93004000,
        "otherExpenses": 25596000,
        "operatingExpenses": 209300000,
        "costAndExpenses": 385800000,
        "interestIncome": 0,
        "interestExpense": 0,
        "depreciationAndAmortization": 19600000,
        "ebitda": 126500000,
        "ebitdaratio": 0.2591151168,
        "operatingIncome": 107041000,
        "operatingIncomeRatio": 0.2192564523,
        "totalOtherIncomeExpensesNet": -141000,
        "incomeBeforeTax": 106900000,
        "incomeBeforeTaxRatio": 0.2189676362,
        "incomeTaxExpense": 23700000,
        "netIncome": 83200000,
        "netIncomeRatio": 0.1704219582,
        "eps": 0.3,
        "epsdiluted": 0.3,
        "weightedAverageShsOut": 278165000,
        "weightedAverageShsOutDil": 280881000,
        "link": "https://www.sec.gov/Archives/edgar/data/743988/000120677408001381/0001206774-08-001381-index.htm",
        "finalLink": "https://www.sec.gov/Archives/edgar/data/743988/000120677408001077/xilinx_10k.htm"
    },
    {
        "date": "2008-03-29",
        "symbol": "XLNX",
        "reportedCurrency": "USD",
        "cik": "0000743988",
        "fillingDate": "2008-05-28",
        "acceptedDate": "2008-05-28 16:18:48",
        "calendarYear": "2008",
        "period": "Q4",
        "revenue": 475800000,
        "costOfRevenue": 174000000,
        "grossProfit": 301800000,
        "grossProfitRatio": 0.6343001261,
        "researchAndDevelopmentExpenses": 90900000,
        "generalAndAdministrativeExpenses": 92500000,
        "sellingAndMarketingExpenses": -31000,
        "sellingGeneralAndAdministrativeExpenses": 92469000,
        "otherExpenses": 4231000,
        "operatingExpenses": 187600000,
        "costAndExpenses": 361600000,
        "interestIncome": 0,
        "interestExpense": 0,
        "depreciationAndAmortization": 17900000,
        "ebitda": 137400000,
        "ebitdaratio": 0.288776797,
        "operatingIncome": 117003000,
        "operatingIncomeRatio": 0.2459079445,
        "totalOtherIncomeExpensesNet": 2497000,
        "incomeBeforeTax": 119500000,
        "incomeBeforeTaxRatio": 0.2511559479,
        "incomeTaxExpense": 23000000,
        "netIncome": 96500000,
        "netIncomeRatio": 0.2028163094,
        "eps": 0.35,
        "epsdiluted": 0.34,
        "weightedAverageShsOut": 278165000,
        "weightedAverageShsOutDil": 280881000,
        "link": "https://www.sec.gov/Archives/edgar/data/743988/000120677408001077/0001206774-08-001077-index.htm",
        "finalLink": "https://www.sec.gov/Archives/edgar/data/743988/000120677408001077/xilinx_10k.htm"
    },
    {
        "date": "2007-12-29",
        "symbol": "XLNX",
        "reportedCurrency": "USD",
        "cik": "0000743988",
        "fillingDate": "2008-02-05",
        "acceptedDate": "2008-02-05 13:54:39",
        "calendarYear": "2008",
        "period": "Q3",
        "revenue": 474800000,
        "costOfRevenue": 174400000,
        "grossProfit": 300400000,
        "grossProfitRatio": 0.6326874473,
        "researchAndDevelopmentExpenses": 91000000,
        "generalAndAdministrativeExpenses": 92500000,
        "sellingAndMarketingExpenses": -47000,
        "sellingGeneralAndAdministrativeExpenses": 92453000,
        "otherExpenses": 1647000,
        "operatingExpenses": 185100000,
        "costAndExpenses": 359500000,
        "interestIncome": 0,
        "interestExpense": 0,
        "depreciationAndAmortization": 17800000,
        "ebitda": 147500000,
        "ebitdaratio": 0.3106571188,
        "operatingIncome": 115346000,
        "operatingIncomeRatio": 0.242935973,
        "totalOtherIncomeExpensesNet": 14354000,
        "incomeBeforeTax": 129700000,
        "incomeBeforeTaxRatio": 0.2731676495,
        "incomeTaxExpense": 26100000,
        "netIncome": 103600000,
        "netIncomeRatio": 0.2181971356,
        "eps": 0.36,
        "epsdiluted": 0.35,
        "weightedAverageShsOut": 289703000,
        "weightedAverageShsOutDil": 293036000,
        "link": "https://www.sec.gov/Archives/edgar/data/743988/000120677408000260/0001206774-08-000260-index.htm",
        "finalLink": "https://www.sec.gov/Archives/edgar/data/743988/000120677408000260/xilinx_10q.htm"
    },
    {
        "date": "2007-09-29",
        "symbol": "XLNX",
        "reportedCurrency": "USD",
        "cik": "0000743988",
        "fillingDate": "2007-11-08",
        "acceptedDate": "2007-11-08 16:10:37",
        "calendarYear": "2008",
        "period": "Q2",
        "revenue": 444900000,
        "costOfRevenue": 170100000,
        "grossProfit": 274800000,
        "grossProfitRatio": 0.6176668914,
        "researchAndDevelopmentExpenses": 88300000,
        "generalAndAdministrativeExpenses": 90200000,
        "sellingAndMarketingExpenses": 4000,
        "sellingGeneralAndAdministrativeExpenses": 90204000,
        "otherExpenses": 1896000,
        "operatingExpenses": 180400000,
        "costAndExpenses": 350500000,
        "interestIncome": 0,
        "interestExpense": 0,
        "depreciationAndAmortization": 19000000,
        "ebitda": 132900000,
        "ebitdaratio": 0.2987188132,
        "operatingIncome": 94377000,
        "operatingIncomeRatio": 0.2121308159,
        "totalOtherIncomeExpensesNet": 19523000,
        "incomeBeforeTax": 113900000,
        "incomeBeforeTaxRatio": 0.2560125871,
        "incomeTaxExpense": 24200000,
        "netIncome": 89700000,
        "netIncomeRatio": 0.2016183412,
        "eps": 0.3,
        "epsdiluted": 0.3,
        "weightedAverageShsOut": 298008000,
        "weightedAverageShsOutDil": 302226000,
        "link": "https://www.sec.gov/Archives/edgar/data/743988/000120677407002579/0001206774-07-002579-index.htm",
        "finalLink": "https://www.sec.gov/Archives/edgar/data/743988/000120677407002579/xilinx_10q.htm"
    },
    {
        "date": "2007-06-30",
        "symbol": "XLNX",
        "reportedCurrency": "USD",
        "cik": "0000743988",
        "fillingDate": "2007-08-07",
        "acceptedDate": "2007-08-07 17:12:17",
        "calendarYear": "2008",
        "period": "Q1",
        "revenue": 445912000,
        "costOfRevenue": 168478000,
        "grossProfit": 277434000,
        "grossProfitRatio": 0.6221720878,
        "researchAndDevelopmentExpenses": 87870000,
        "generalAndAdministrativeExpenses": 90199000,
        "sellingAndMarketingExpenses": 0,
        "sellingGeneralAndAdministrativeExpenses": 90199000,
        "otherExpenses": 1897000,
        "operatingExpenses": 179966000,
        "costAndExpenses": 348444000,
        "interestIncome": 0,
        "interestExpense": 0,
        "depreciationAndAmortization": 17051000,
        "ebitda": 128052000,
        "ebitdaratio": 0.2871687687,
        "operatingIncome": 97468000,
        "operatingIncomeRatio": 0.2185812447,
        "totalOtherIncomeExpensesNet": 13533000,
        "incomeBeforeTax": 111001000,
        "incomeBeforeTaxRatio": 0.2489302822,
        "incomeTaxExpense": 26723000,
        "netIncome": 84278000,
        "netIncomeRatio": 0.1890014173,
        "eps": 0.28,
        "epsdiluted": 0.28,
        "weightedAverageShsOut": 297720000,
        "weightedAverageShsOutDil": 303198000,
        "link": "https://www.sec.gov/Archives/edgar/data/743988/000120677407001932/0001206774-07-001932-index.htm",
        "finalLink": "https://www.sec.gov/Archives/edgar/data/743988/000120677407001475/xilinx_10k.htm"
    },
    {
        "date": "2007-03-31",
        "symbol": "XLNX",
        "reportedCurrency": "USD",
        "cik": "0000743988",
        "fillingDate": "2007-05-30",
        "acceptedDate": "2007-05-30 17:16:30",
        "calendarYear": "2007",
        "period": "Q4",
        "revenue": 443472000,
        "costOfRevenue": 168041000,
        "grossProfit": 275431000,
        "grossProfitRatio": 0.6210786701,
        "researchAndDevelopmentExpenses": 98476000,
        "generalAndAdministrativeExpenses": 95657000,
        "sellingAndMarketingExpenses": 0,
        "sellingGeneralAndAdministrativeExpenses": 95657000,
        "otherExpenses": 1940000,
        "operatingExpenses": 196073000,
        "costAndExpenses": 364114000,
        "interestIncome": 0,
        "interestExpense": 0,
        "depreciationAndAmortization": 22431000,
        "ebitda": 123705000,
        "ebitdaratio": 0.2789465851,
        "operatingIncome": 79358000,
        "operatingIncomeRatio": 0.1789470361,
        "totalOtherIncomeExpensesNet": 21916000,
        "incomeBeforeTax": 101274000,
        "incomeBeforeTaxRatio": 0.2283661652,
        "incomeTaxExpense": 13648000,
        "netIncome": 87626000,
        "netIncomeRatio": 0.1975908287,
        "eps": 0.29,
        "epsdiluted": 0.29,
        "weightedAverageShsOut": 297720000,
        "weightedAverageShsOutDil": 303198000,
        "link": "https://www.sec.gov/Archives/edgar/data/743988/000120677407001475/0001206774-07-001475-index.htm",
        "finalLink": "https://www.sec.gov/Archives/edgar/data/743988/000120677407001475/xilinx_10k.htm"
    },
    {
        "date": "2006-12-30",
        "symbol": "XLNX",
        "reportedCurrency": "USD",
        "cik": "0000743988",
        "fillingDate": "2007-02-02",
        "acceptedDate": "2007-02-02 16:48:34",
        "calendarYear": "2007",
        "period": "Q3",
        "revenue": 450700000,
        "costOfRevenue": 178000000,
        "grossProfit": 272700000,
        "grossProfitRatio": 0.6050587974,
        "researchAndDevelopmentExpenses": 96100000,
        "generalAndAdministrativeExpenses": 90000000,
        "sellingAndMarketingExpenses": -27000,
        "sellingGeneralAndAdministrativeExpenses": 89973000,
        "otherExpenses": 5927000,
        "operatingExpenses": 192000000,
        "costAndExpenses": 370000000,
        "interestIncome": 0,
        "interestExpense": 0,
        "depreciationAndAmortization": 17000000,
        "ebitda": 120100000,
        "ebitdaratio": 0.2664743732,
        "operatingIncome": 82190000,
        "operatingIncomeRatio": 0.1823607721,
        "totalOtherIncomeExpensesNet": 20910000,
        "incomeBeforeTax": 103100000,
        "incomeBeforeTaxRatio": 0.2287552696,
        "incomeTaxExpense": 15600000,
        "netIncome": 87500000,
        "netIncomeRatio": 0.1941424451,
        "eps": 0.26,
        "epsdiluted": 0.26,
        "weightedAverageShsOut": 334062000,
        "weightedAverageShsOutDil": 339669000,
        "link": "https://www.sec.gov/Archives/edgar/data/743988/000110465907006923/0001104659-07-006923-index.htm",
        "finalLink": "https://www.sec.gov/Archives/edgar/data/743988/000110465907006923/a07-3303_110q.htm"
    },
    {
        "date": "2006-09-30",
        "symbol": "XLNX",
        "reportedCurrency": "USD",
        "cik": "0000743988",
        "fillingDate": "2006-11-03",
        "acceptedDate": "2006-11-03 17:00:50",
        "calendarYear": "2007",
        "period": "Q2",
        "revenue": 467180000,
        "costOfRevenue": 180580000,
        "grossProfit": 286600000,
        "grossProfitRatio": 0.6134680423,
        "researchAndDevelopmentExpenses": 95951000,
        "generalAndAdministrativeExpenses": 95462000,
        "sellingAndMarketingExpenses": 0,
        "sellingGeneralAndAdministrativeExpenses": 95462000,
        "otherExpenses": 2031000,
        "operatingExpenses": 193444000,
        "costAndExpenses": 374024000,
        "interestIncome": 0,
        "interestExpense": 0,
        "depreciationAndAmortization": 17292000,
        "ebitda": 136580000,
        "ebitdaratio": 0.2923498437,
        "operatingIncome": 93156000,
        "operatingIncomeRatio": 0.1994006593,
        "totalOtherIncomeExpensesNet": 26132000,
        "incomeBeforeTax": 119288000,
        "incomeBeforeTaxRatio": 0.255336273,
        "incomeTaxExpense": 26242000,
        "netIncome": 93046000,
        "netIncomeRatio": 0.199165204,
        "eps": 0.27,
        "epsdiluted": 0.27,
        "weightedAverageShsOut": 339431000,
        "weightedAverageShsOutDil": 343192000,
        "link": "https://www.sec.gov/Archives/edgar/data/743988/000110465906071263/0001104659-06-071263-index.htm",
        "finalLink": "https://www.sec.gov/Archives/edgar/data/743988/000110465906071263/a06-23245_110q.htm"
    },
    {
        "date": "2006-07-01",
        "symbol": "XLNX",
        "reportedCurrency": "USD",
        "cik": "0000743988",
        "fillingDate": "2006-08-15",
        "acceptedDate": "2006-08-15 17:09:40",
        "calendarYear": "2007",
        "period": "Q1",
        "revenue": 481400000,
        "costOfRevenue": 192100000,
        "grossProfit": 289300000,
        "grossProfitRatio": 0.6009555463,
        "researchAndDevelopmentExpenses": 97600000,
        "generalAndAdministrativeExpenses": 96600000,
        "sellingAndMarketingExpenses": 27000,
        "sellingGeneralAndAdministrativeExpenses": 96627000,
        "otherExpenses": 2373000,
        "operatingExpenses": 196600000,
        "costAndExpenses": 388700000,
        "interestIncome": 0,
        "interestExpense": 0,
        "depreciationAndAmortization": 17200000,
        "ebitda": 124700000,
        "ebitdaratio": 0.2590361446,
        "operatingIncome": 93063000,
        "operatingIncomeRatio": 0.1933174076,
        "totalOtherIncomeExpensesNet": 14437000,
        "incomeBeforeTax": 107500000,
        "incomeBeforeTaxRatio": 0.2233070212,
        "incomeTaxExpense": 25000000,
        "netIncome": 82500000,
        "netIncomeRatio": 0.1713751558,
        "eps": 0.24,
        "epsdiluted": 0.24,
        "weightedAverageShsOut": 341853000,
        "weightedAverageShsOutDil": 348988000,
        "link": "https://www.sec.gov/Archives/edgar/data/743988/000110465906055238/0001104659-06-055238-index.htm",
        "finalLink": "https://www.sec.gov/Archives/edgar/data/743988/000104746906007867/a2170820z10-k.htm"
    },
    {
        "date": "2006-04-01",
        "symbol": "XLNX",
        "reportedCurrency": "USD",
        "cik": "0000743988",
        "fillingDate": "2006-05-31",
        "acceptedDate": "2006-05-31 17:09:35",
        "calendarYear": "2006",
        "period": "Q4",
        "revenue": 472300000,
        "costOfRevenue": 178200000,
        "grossProfit": 294100000,
        "grossProfitRatio": 0.6226974381,
        "researchAndDevelopmentExpenses": 86400000,
        "generalAndAdministrativeExpenses": 81900000,
        "sellingAndMarketingExpenses": -12000,
        "sellingGeneralAndAdministrativeExpenses": 81888000,
        "otherExpenses": 7812000,
        "operatingExpenses": 176100000,
        "costAndExpenses": 354300000,
        "interestIncome": 0,
        "interestExpense": 0,
        "depreciationAndAmortization": 18500000,
        "ebitda": 146200000,
        "ebitdaratio": 0.3095490155,
        "operatingIncome": 119431000,
        "operatingIncomeRatio": 0.2528710565,
        "totalOtherIncomeExpensesNet": 8369000,
        "incomeBeforeTax": 127800000,
        "incomeBeforeTaxRatio": 0.2705907262,
        "incomeTaxExpense": 17000000,
        "netIncome": 110700000,
        "netIncomeRatio": 0.2343849248,
        "eps": 0.32,
        "epsdiluted": 0.32,
        "weightedAverageShsOut": 341853000,
        "weightedAverageShsOutDil": 348988000,
        "link": "https://www.sec.gov/Archives/edgar/data/743988/000104746906007867/0001047469-06-007867-index.htm",
        "finalLink": "https://www.sec.gov/Archives/edgar/data/743988/000104746906007867/a2170820z10-k.htm"
    },
    {
        "date": "2005-12-31",
        "symbol": "XLNX",
        "reportedCurrency": "USD",
        "cik": "0000743988",
        "fillingDate": "2006-02-03",
        "acceptedDate": "2006-02-03 16:50:30",
        "calendarYear": "2006",
        "period": "Q3",
        "revenue": 449605000,
        "costOfRevenue": 166476000,
        "grossProfit": 283129000,
        "grossProfitRatio": 0.6297283171,
        "researchAndDevelopmentExpenses": 81073000,
        "generalAndAdministrativeExpenses": 80683000,
        "sellingAndMarketingExpenses": 0,
        "sellingGeneralAndAdministrativeExpenses": 80683000,
        "otherExpenses": 1536000,
        "operatingExpenses": 163292000,
        "costAndExpenses": 329768000,
        "interestIncome": 0,
        "interestExpense": 0,
        "depreciationAndAmortization": 16676000,
        "ebitda": 147456000,
        "ebitdaratio": 0.3279678829,
        "operatingIncome": 119837000,
        "operatingIncomeRatio": 0.2665384059,
        "totalOtherIncomeExpensesNet": 10943000,
        "incomeBeforeTax": 130780000,
        "incomeBeforeTaxRatio": 0.2908775481,
        "incomeTaxExpense": 49811000,
        "netIncome": 80969000,
        "netIncomeRatio": 0.1800891894,
        "eps": 0.23,
        "epsdiluted": 0.23,
        "weightedAverageShsOut": 348203000,
        "weightedAverageShsOutDil": 353237000,
        "link": "https://www.sec.gov/Archives/edgar/data/743988/000110465906005934/0001104659-06-005934-index.htm",
        "finalLink": "https://www.sec.gov/Archives/edgar/data/743988/000110465906005934/a06-4164_110q.htm"
    },
    {
        "date": "2005-10-01",
        "symbol": "XLNX",
        "reportedCurrency": "USD",
        "cik": "0000743988",
        "fillingDate": "2005-11-04",
        "acceptedDate": "2005-11-04 15:51:30",
        "calendarYear": "2006",
        "period": "Q2",
        "revenue": 398900000,
        "costOfRevenue": 154000000,
        "grossProfit": 244900000,
        "grossProfitRatio": 0.6139383304,
        "researchAndDevelopmentExpenses": 80000000,
        "generalAndAdministrativeExpenses": 77700000,
        "sellingAndMarketingExpenses": 44000,
        "sellingGeneralAndAdministrativeExpenses": 77744000,
        "otherExpenses": 4856000,
        "operatingExpenses": 162600000,
        "costAndExpenses": 316600000,
        "interestIncome": 0,
        "interestExpense": 0,
        "depreciationAndAmortization": 17100000,
        "ebitda": 115400000,
        "ebitdaratio": 0.2892955628,
        "operatingIncome": 82344000,
        "operatingIncomeRatio": 0.2064276761,
        "totalOtherIncomeExpensesNet": 15956000,
        "incomeBeforeTax": 98300000,
        "incomeBeforeTaxRatio": 0.2464276761,
        "incomeTaxExpense": 12700000,
        "netIncome": 85600000,
        "netIncomeRatio": 0.2145901228,
        "eps": 0.25,
        "epsdiluted": 0.24,
        "weightedAverageShsOut": 349254000,
        "weightedAverageShsOutDil": 356360000,
        "link": "https://www.sec.gov/Archives/edgar/data/743988/000110465905052696/0001104659-05-052696-index.htm",
        "finalLink": "https://www.sec.gov/Archives/edgar/data/743988/000110465905052696/a05-18525_110q.htm"
    },
    {
        "date": "2005-07-02",
        "symbol": "XLNX",
        "reportedCurrency": "USD",
        "cik": "0000743988",
        "fillingDate": "2005-08-08",
        "acceptedDate": "2005-08-08 17:14:03",
        "calendarYear": "2006",
        "period": "Q1",
        "revenue": 405400000,
        "costOfRevenue": 158500000,
        "grossProfit": 246900000,
        "grossProfitRatio": 0.6090281204,
        "researchAndDevelopmentExpenses": 78700000,
        "generalAndAdministrativeExpenses": 76000000,
        "sellingAndMarketingExpenses": -13000,
        "sellingGeneralAndAdministrativeExpenses": 75987000,
        "otherExpenses": 1713000,
        "operatingExpenses": 156400000,
        "costAndExpenses": 314900000,
        "interestIncome": 0,
        "interestExpense": 0,
        "depreciationAndAmortization": 17200000,
        "ebitda": 117000000,
        "ebitdaratio": 0.2886038481,
        "operatingIncome": 90450000,
        "operatingIncomeRatio": 0.2231129748,
        "totalOtherIncomeExpensesNet": 9350000,
        "incomeBeforeTax": 99800000,
        "incomeBeforeTaxRatio": 0.2461766157,
        "incomeTaxExpense": 23000000,
        "netIncome": 76800000,
        "netIncomeRatio": 0.1894425259,
        "eps": 0.22,
        "epsdiluted": 0.21,
        "weightedAverageShsOut": 350705000,
        "weightedAverageShsOutDil": 358038000,
        "link": "https://www.sec.gov/Archives/edgar/data/743988/000110465905037309/0001104659-05-037309-index.htm",
        "finalLink": "https://www.sec.gov/Archives/edgar/data/743988/000104746905016238/a2158954z10-k.htm"
    },
    {
        "date": "2005-04-02",
        "symbol": "XLNX",
        "reportedCurrency": "USD",
        "cik": "0000743988",
        "fillingDate": "2005-06-01",
        "acceptedDate": "2005-06-01 16:57:56",
        "calendarYear": "2005",
        "period": "Q4",
        "revenue": 391000000,
        "costOfRevenue": 152000000,
        "grossProfit": 239000000,
        "grossProfitRatio": 0.6112531969,
        "researchAndDevelopmentExpenses": 80000000,
        "generalAndAdministrativeExpenses": 74100000,
        "sellingAndMarketingExpenses": -37000,
        "sellingGeneralAndAdministrativeExpenses": 74063000,
        "otherExpenses": 1737000,
        "operatingExpenses": 155800000,
        "costAndExpenses": 307800000,
        "interestIncome": 0,
        "interestExpense": 0,
        "depreciationAndAmortization": 16100000,
        "ebitda": 108900000,
        "ebitdaratio": 0.278516624,
        "operatingIncome": 83129000,
        "operatingIncomeRatio": 0.2126061381,
        "totalOtherIncomeExpensesNet": 9671000,
        "incomeBeforeTax": 92800000,
        "incomeBeforeTaxRatio": 0.2373401535,
        "incomeTaxExpense": 25600000,
        "netIncome": 67200000,
        "netIncomeRatio": 0.1718670077,
        "eps": 0.19,
        "epsdiluted": 0.19,
        "weightedAverageShsOut": 350705000,
        "weightedAverageShsOutDil": 358038000,
        "link": "https://www.sec.gov/Archives/edgar/data/743988/000104746905016238/0001047469-05-016238-index.htm",
        "finalLink": "https://www.sec.gov/Archives/edgar/data/743988/000104746905016238/a2158954z10-k.htm"
    },
    {
        "date": "2005-01-01",
        "symbol": "XLNX",
        "reportedCurrency": "USD",
        "cik": "0000743988",
        "fillingDate": "2005-02-09",
        "acceptedDate": "2005-02-09 14:30:02",
        "calendarYear": "2005",
        "period": "Q3",
        "revenue": 355400000,
        "costOfRevenue": 135100000,
        "grossProfit": 220300000,
        "grossProfitRatio": 0.6198649409,
        "researchAndDevelopmentExpenses": 77400000,
        "generalAndAdministrativeExpenses": 71900000,
        "sellingAndMarketingExpenses": -44000,
        "sellingGeneralAndAdministrativeExpenses": 71856000,
        "otherExpenses": 4844000,
        "operatingExpenses": 154100000,
        "costAndExpenses": 289200000,
        "interestIncome": 0,
        "interestExpense": 0,
        "depreciationAndAmortization": 15800000,
        "ebitda": 90900000,
        "ebitdaratio": 0.2557681486,
        "operatingIncome": 69329000,
        "operatingIncomeRatio": 0.195073157,
        "totalOtherIncomeExpensesNet": 5671000,
        "incomeBeforeTax": 75000000,
        "incomeBeforeTaxRatio": 0.2110298255,
        "incomeTaxExpense": 11000000,
        "netIncome": 64100000,
        "netIncomeRatio": 0.1803601576,
        "eps": 0.18,
        "epsdiluted": 0.18,
        "weightedAverageShsOut": 348441000,
        "weightedAverageShsOutDil": 358211000,
        "link": "https://www.sec.gov/Archives/edgar/data/743988/000110465905004898/0001104659-05-004898-index.htm",
        "finalLink": "https://www.sec.gov/Archives/edgar/data/743988/000110465905004898/a05-2775_110q.htm"
    },
    {
        "date": "2004-10-02",
        "symbol": "XLNX",
        "reportedCurrency": "USD",
        "cik": "0000743988",
        "fillingDate": "2004-11-05",
        "acceptedDate": "2004-11-05 16:57:47",
        "calendarYear": "2005",
        "period": "Q2",
        "revenue": 403300000,
        "costOfRevenue": 145000000,
        "grossProfit": 258300000,
        "grossProfitRatio": 0.6404661542,
        "researchAndDevelopmentExpenses": 78100000,
        "generalAndAdministrativeExpenses": 77100000,
        "sellingAndMarketingExpenses": -14000,
        "sellingGeneralAndAdministrativeExpenses": 77086000,
        "otherExpenses": 1814000,
        "operatingExpenses": 157000000,
        "costAndExpenses": 302000000,
        "interestIncome": 0,
        "interestExpense": 0,
        "depreciationAndAmortization": 15900000,
        "ebitda": 124500000,
        "ebitdaratio": 0.3087031986,
        "operatingIncome": 101275000,
        "operatingIncomeRatio": 0.2511157947,
        "totalOtherIncomeExpensesNet": 7325000,
        "incomeBeforeTax": 108600000,
        "incomeBeforeTaxRatio": 0.2692784528,
        "incomeTaxExpense": 22400000,
        "netIncome": 86200000,
        "netIncomeRatio": 0.2137366725,
        "eps": 0.25,
        "epsdiluted": 0.24,
        "weightedAverageShsOut": 347859000,
        "weightedAverageShsOutDil": 357832000,
        "link": "https://www.sec.gov/Archives/edgar/data/743988/000110465904033955/0001104659-04-033955-index.htm",
        "finalLink": "https://www.sec.gov/Archives/edgar/data/743988/000110465904033955/a04-12786_110q.htm"
    },
    {
        "date": "2004-07-03",
        "symbol": "XLNX",
        "reportedCurrency": "USD",
        "cik": "0000743988",
        "fillingDate": "2004-08-06",
        "acceptedDate": "2004-08-06 17:00:49",
        "calendarYear": "2005",
        "period": "Q1",
        "revenue": 423600000,
        "costOfRevenue": 144200000,
        "grossProfit": 279400000,
        "grossProfitRatio": 0.6595845137,
        "researchAndDevelopmentExpenses": 71900000,
        "generalAndAdministrativeExpenses": 80600000,
        "sellingAndMarketingExpenses": -10000,
        "sellingGeneralAndAdministrativeExpenses": 80590000,
        "otherExpenses": 8610000,
        "operatingExpenses": 161100000,
        "costAndExpenses": 305300000,
        "interestIncome": 0,
        "interestExpense": 0,
        "depreciationAndAmortization": 15200000,
        "ebitda": 139400000,
        "ebitdaratio": 0.3290840415,
        "operatingIncome": 118307000,
        "operatingIncomeRatio": 0.279289424,
        "totalOtherIncomeExpensesNet": 5793000,
        "incomeBeforeTax": 124100000,
        "incomeBeforeTaxRatio": 0.2929650614,
        "incomeTaxExpense": 28900000,
        "netIncome": 95300000,
        "netIncomeRatio": 0.2249763928,
        "eps": 0.27,
        "epsdiluted": 0.27,
        "weightedAverageShsOut": 347173000,
        "weightedAverageShsOutDil": 359419000,
        "link": "https://www.sec.gov/Archives/edgar/data/743988/000110465904023041/0001104659-04-023041-index.htm",
        "finalLink": "https://www.sec.gov/Archives/edgar/data/743988/000104746904019430/a2137694z10-k.htm"
    },
    {
        "date": "2004-04-03",
        "symbol": "XLNX",
        "reportedCurrency": "USD",
        "cik": "0000743988",
        "fillingDate": "2004-06-04",
        "acceptedDate": "2004-06-04 17:12:43",
        "calendarYear": "2004",
        "period": "Q4",
        "revenue": 403400000,
        "costOfRevenue": 142300000,
        "grossProfit": 261100000,
        "grossProfitRatio": 0.6472483887,
        "researchAndDevelopmentExpenses": 62600000,
        "generalAndAdministrativeExpenses": 74800000,
        "sellingAndMarketingExpenses": 25000,
        "sellingGeneralAndAdministrativeExpenses": 74825000,
        "otherExpenses": 7875000,
        "operatingExpenses": 145300000,
        "costAndExpenses": 287600000,
        "interestIncome": 0,
        "interestExpense": 0,
        "depreciationAndAmortization": 14400000,
        "ebitda": 135500000,
        "ebitdaratio": 0.3358948934,
        "operatingIncome": 115748000,
        "operatingIncomeRatio": 0.2869310858,
        "totalOtherIncomeExpensesNet": 5352000,
        "incomeBeforeTax": 121100000,
        "incomeBeforeTaxRatio": 0.3001983143,
        "incomeTaxExpense": -9800000,
        "netIncome": 130900000,
        "netIncomeRatio": 0.3244918195,
        "eps": 0.38,
        "epsdiluted": 0.36,
        "weightedAverageShsOut": 347173000,
        "weightedAverageShsOutDil": 359419000,
        "link": "https://www.sec.gov/Archives/edgar/data/743988/000104746904019430/0001047469-04-019430-index.htm",
        "finalLink": "https://www.sec.gov/Archives/edgar/data/743988/000104746904019430/a2137694z10-k.htm"
    },
    {
        "date": "2004-01-03",
        "symbol": "XLNX",
        "reportedCurrency": "USD",
        "cik": "0000743988",
        "fillingDate": "2004-01-30",
        "acceptedDate": "2004-01-30 17:08:02",
        "calendarYear": "2004",
        "period": "Q3",
        "revenue": 365600000,
        "costOfRevenue": 139700000,
        "grossProfit": 225900000,
        "grossProfitRatio": 0.6178884026,
        "researchAndDevelopmentExpenses": 66200000,
        "generalAndAdministrativeExpenses": 69000000,
        "sellingAndMarketingExpenses": -7000,
        "sellingGeneralAndAdministrativeExpenses": 68993000,
        "otherExpenses": 5007000,
        "operatingExpenses": 140200000,
        "costAndExpenses": 279900000,
        "interestIncome": 0,
        "interestExpense": 0,
        "depreciationAndAmortization": 16700000,
        "ebitda": 109300000,
        "ebitdaratio": 0.2989606127,
        "operatingIncome": 85693000,
        "operatingIncomeRatio": 0.2343900438,
        "totalOtherIncomeExpensesNet": 6907000,
        "incomeBeforeTax": 92600000,
        "incomeBeforeTaxRatio": 0.2532822757,
        "incomeTaxExpense": 23200000,
        "netIncome": 69400000,
        "netIncomeRatio": 0.1898249453,
        "eps": 0.2,
        "epsdiluted": 0.19,
        "weightedAverageShsOut": 342861000,
        "weightedAverageShsOutDil": 356226000,
        "link": "https://www.sec.gov/Archives/edgar/data/743988/000110465904002249/0001104659-04-002249-index.htm",
        "finalLink": "https://www.sec.gov/Archives/edgar/data/743988/000110465904002249/a04-1747_110q.htm"
    },
    {
        "date": "2003-09-27",
        "symbol": "XLNX",
        "reportedCurrency": "USD",
        "cik": "0000743988",
        "fillingDate": "2003-11-07",
        "acceptedDate": "2003-11-07 15:33:40",
        "calendarYear": "2004",
        "period": "Q2",
        "revenue": 315500000,
        "costOfRevenue": 122900000,
        "grossProfit": 192600000,
        "grossProfitRatio": 0.610459588,
        "researchAndDevelopmentExpenses": 59300000,
        "generalAndAdministrativeExpenses": 60800000,
        "sellingAndMarketingExpenses": 33000,
        "sellingGeneralAndAdministrativeExpenses": 60833000,
        "otherExpenses": 3567000,
        "operatingExpenses": 123700000,
        "costAndExpenses": 246600000,
        "interestIncome": 0,
        "interestExpense": 0,
        "depreciationAndAmortization": 18300000,
        "ebitda": 93500000,
        "ebitdaratio": 0.2963549921,
        "operatingIncome": 68996000,
        "operatingIncomeRatio": 0.2186877971,
        "totalOtherIncomeExpensesNet": 6204000,
        "incomeBeforeTax": 75200000,
        "incomeBeforeTaxRatio": 0.2383518225,
        "incomeTaxExpense": 18800000,
        "netIncome": 56400000,
        "netIncomeRatio": 0.1787638669,
        "eps": 0.17,
        "epsdiluted": 0.16,
        "weightedAverageShsOut": 341295000,
        "weightedAverageShsOutDil": 353366000,
        "link": "https://www.sec.gov/Archives/edgar/data/743988/000110465903025131/0001104659-03-025131-index.htm",
        "finalLink": "https://www.sec.gov/Archives/edgar/data/743988/000110465903025131/a03-4937_110q.htm"
    },
    {
        "date": "2003-06-28",
        "symbol": "XLNX",
        "reportedCurrency": "USD",
        "cik": "0000743988",
        "fillingDate": "2003-08-12",
        "acceptedDate": "2003-08-12 17:07:30",
        "calendarYear": "2004",
        "period": "Q1",
        "revenue": 313300000,
        "costOfRevenue": 125100000,
        "grossProfit": 188200000,
        "grossProfitRatio": 0.6007022024,
        "researchAndDevelopmentExpenses": 59500000,
        "generalAndAdministrativeExpenses": 62000000,
        "sellingAndMarketingExpenses": 13000,
        "sellingGeneralAndAdministrativeExpenses": 62013000,
        "otherExpenses": 9987000,
        "operatingExpenses": 131500000,
        "costAndExpenses": 256600000,
        "interestIncome": 0,
        "interestExpense": 0,
        "depreciationAndAmortization": 18600000,
        "ebitda": 80200000,
        "ebitdaratio": 0.2559846792,
        "operatingIncome": 56698000,
        "operatingIncomeRatio": 0.180970316,
        "totalOtherIncomeExpensesNet": 5002000,
        "incomeBeforeTax": 61700000,
        "incomeBeforeTaxRatio": 0.1969358442,
        "incomeTaxExpense": 15400000,
        "netIncome": 46200000,
        "netIncomeRatio": 0.147462496,
        "eps": 0.14,
        "epsdiluted": 0.13,
        "weightedAverageShsOut": 339761000,
        "weightedAverageShsOutDil": 351780000,
        "link": "https://www.sec.gov/Archives/edgar/data/743988/000110465903017779/0001104659-03-017779-index.htm",
        "finalLink": "https://www.sec.gov/Archives/edgar/data/743988/000101287003003078/d10k.htm"
    },
    {
        "date": "2003-03-29",
        "symbol": "XLNX",
        "reportedCurrency": "USD",
        "cik": "0000743988",
        "fillingDate": "2003-06-12",
        "acceptedDate": "2003-06-12 16:55:46",
        "calendarYear": "2003",
        "period": "Q4",
        "revenue": 305500000,
        "costOfRevenue": 122400000,
        "grossProfit": 183100000,
        "grossProfitRatio": 0.5993453355,
        "researchAndDevelopmentExpenses": 57000000,
        "generalAndAdministrativeExpenses": 61600000,
        "sellingAndMarketingExpenses": 46000,
        "sellingGeneralAndAdministrativeExpenses": 61646000,
        "otherExpenses": 5654000,
        "operatingExpenses": 124300000,
        "costAndExpenses": 246700000,
        "interestIncome": 0,
        "interestExpense": 0,
        "depreciationAndAmortization": 17900000,
        "ebitda": 84700000,
        "ebitdaratio": 0.2772504092,
        "operatingIncome": 60974000,
        "operatingIncomeRatio": 0.1995875614,
        "totalOtherIncomeExpensesNet": 5826000,
        "incomeBeforeTax": 66800000,
        "incomeBeforeTaxRatio": 0.2186579378,
        "incomeTaxExpense": 17400000,
        "netIncome": 49400000,
        "netIncomeRatio": 0.1617021277,
        "eps": 0.15,
        "epsdiluted": 0.14,
        "weightedAverageShsOut": 339761000,
        "weightedAverageShsOutDil": 351780000,
        "link": "https://www.sec.gov/Archives/edgar/data/743988/000101287003003078/0001012870-03-003078-index.htm",
        "finalLink": "https://www.sec.gov/Archives/edgar/data/743988/000101287003003078/d10k.htm"
    },
    {
        "date": "2002-12-28",
        "symbol": "XLNX",
        "reportedCurrency": "USD",
        "cik": "0000743988",
        "fillingDate": "2003-02-10",
        "acceptedDate": "2003-02-10 16:21:20",
        "calendarYear": "2003",
        "period": "Q3",
        "revenue": 282700000,
        "costOfRevenue": 117100000,
        "grossProfit": 165600000,
        "grossProfitRatio": 0.5857799788,
        "researchAndDevelopmentExpenses": 53100000,
        "generalAndAdministrativeExpenses": 56200000,
        "sellingAndMarketingExpenses": 22000,
        "sellingGeneralAndAdministrativeExpenses": 56222000,
        "otherExpenses": 66578000,
        "operatingExpenses": 175900000,
        "costAndExpenses": 293000000,
        "interestIncome": 0,
        "interestExpense": 0,
        "depreciationAndAmortization": 17700000,
        "ebitda": 13100000,
        "ebitdaratio": 0.0463388751,
        "operatingIncome": -1981000,
        "operatingIncomeRatio": -0.0070074284,
        "totalOtherIncomeExpensesNet": -2619000,
        "incomeBeforeTax": -4600000,
        "incomeBeforeTaxRatio": -0.0162716661,
        "incomeTaxExpense": -1200000,
        "netIncome": -3400000,
        "netIncomeRatio": -0.0120268836,
        "eps": -0.0101,
        "epsdiluted": -0.0101,
        "weightedAverageShsOut": 337242000,
        "weightedAverageShsOutDil": 337242000,
        "link": "https://www.sec.gov/Archives/edgar/data/743988/000101287003000473/0001012870-03-000473-index.htm",
        "finalLink": "https://www.sec.gov/Archives/edgar/data/743988/000101287003000473/d10q.htm"
    },
    {
        "date": "2002-09-28",
        "symbol": "XLNX",
        "reportedCurrency": "USD",
        "cik": "0000743988",
        "fillingDate": "2002-11-12",
        "acceptedDate": "2002-11-12 14:48:51",
        "calendarYear": "2003",
        "period": "Q2",
        "revenue": 277900000,
        "costOfRevenue": 113700000,
        "grossProfit": 164200000,
        "grossProfitRatio": 0.5908600216,
        "researchAndDevelopmentExpenses": 55300000,
        "generalAndAdministrativeExpenses": 58600000,
        "sellingAndMarketingExpenses": -18000,
        "sellingGeneralAndAdministrativeExpenses": 58582000,
        "otherExpenses": 3718000,
        "operatingExpenses": 117600000,
        "costAndExpenses": 231300000,
        "interestIncome": 0,
        "interestExpense": 0,
        "depreciationAndAmortization": 18200000,
        "ebitda": 70500000,
        "ebitdaratio": 0.2536883771,
        "operatingIncome": 56554000,
        "operatingIncomeRatio": 0.2035048579,
        "totalOtherIncomeExpensesNet": -4254000,
        "incomeBeforeTax": 52300000,
        "incomeBeforeTaxRatio": 0.1881971932,
        "incomeTaxExpense": 13600000,
        "netIncome": 38700000,
        "netIncomeRatio": 0.1392587262,
        "eps": 0.11,
        "epsdiluted": 0.11,
        "weightedAverageShsOut": 337481000,
        "weightedAverageShsOutDil": 346902000,
        "link": "https://www.sec.gov/Archives/edgar/data/743988/000101287002004315/0001012870-02-004315-index.htm",
        "finalLink": "https://www.sec.gov/Archives/edgar/data/743988/000101287002004315/d10q.htm"
    },
    {
        "date": "2002-06-29",
        "symbol": "XLNX",
        "reportedCurrency": "USD",
        "cik": "0000743988",
        "fillingDate": "2002-08-13",
        "acceptedDate": "2002-08-13 16:15:00",
        "calendarYear": "2003",
        "period": "Q1",
        "revenue": 289900000,
        "costOfRevenue": 120300000,
        "grossProfit": 169600000,
        "grossProfitRatio": 0.5850293205,
        "researchAndDevelopmentExpenses": 56800000,
        "generalAndAdministrativeExpenses": 58900000,
        "sellingAndMarketingExpenses": -3000,
        "sellingGeneralAndAdministrativeExpenses": 58897000,
        "otherExpenses": 3703000,
        "operatingExpenses": 119400000,
        "costAndExpenses": 239700000,
        "interestIncome": 0,
        "interestExpense": 0,
        "depreciationAndAmortization": 18700000,
        "ebitda": 74100000,
        "ebitdaratio": 0.2556053812,
        "operatingIncome": 50122000,
        "operatingIncomeRatio": 0.1728941014,
        "totalOtherIncomeExpensesNet": 5278000,
        "incomeBeforeTax": 55400000,
        "incomeBeforeTaxRatio": 0.1911003794,
        "incomeTaxExpense": 14400000,
        "netIncome": 41000000,
        "netIncomeRatio": 0.1414280786,
        "eps": 0.12,
        "epsdiluted": 0.12,
        "weightedAverageShsOut": 336518000,
        "weightedAverageShsOutDil": 351858000,
        "link": "https://www.sec.gov/Archives/edgar/data/743988/000102140802010672/0001021408-02-010672-index.htm",
        "finalLink": "https://www.sec.gov/Archives/edgar/data/743988/000101287002002739/d10k.htm"
    },
    {
        "date": "2002-03-30",
        "symbol": "XLNX",
        "reportedCurrency": "USD",
        "cik": "0000743988",
        "fillingDate": "2002-06-17",
        "acceptedDate": "2002-06-17 17:06:27",
        "calendarYear": "2002",
        "period": "Q4",
        "revenue": 273500000,
        "costOfRevenue": 115300000,
        "grossProfit": 158200000,
        "grossProfitRatio": 0.5784277879,
        "researchAndDevelopmentExpenses": 52200000,
        "generalAndAdministrativeExpenses": 55700000,
        "sellingAndMarketingExpenses": -21000,
        "sellingGeneralAndAdministrativeExpenses": 55679000,
        "otherExpenses": 13621000,
        "operatingExpenses": 121500000,
        "costAndExpenses": 236800000,
        "interestIncome": 0,
        "interestExpense": 0,
        "depreciationAndAmortization": 24900000,
        "ebitda": 70000000,
        "ebitdaratio": 0.2559414991,
        "operatingIncome": 39544000,
        "operatingIncomeRatio": 0.1445850091,
        "totalOtherIncomeExpensesNet": 5456000,
        "incomeBeforeTax": 45000000,
        "incomeBeforeTaxRatio": 0.1645338208,
        "incomeTaxExpense": 10800000,
        "netIncome": 34300000,
        "netIncomeRatio": 0.1254113346,
        "eps": 0.1,
        "epsdiluted": 0.0975,
        "weightedAverageShsOut": 336518000,
        "weightedAverageShsOutDil": 351858000,
        "link": "https://www.sec.gov/Archives/edgar/data/743988/000101287002002739/0001012870-02-002739-index.htm",
        "finalLink": "https://www.sec.gov/Archives/edgar/data/743988/000101287002002739/d10k.htm"
    },
    {
        "date": "2001-12-29",
        "symbol": "XLNX",
        "reportedCurrency": "USD",
        "cik": "0000743988",
        "fillingDate": "2002-02-12",
        "acceptedDate": "2002-02-12 00:00:00",
        "calendarYear": "2002",
        "period": "Q3",
        "revenue": 228100000,
        "costOfRevenue": 101900000,
        "grossProfit": 126200000,
        "grossProfitRatio": 0.5532661114,
        "researchAndDevelopmentExpenses": 49100000,
        "generalAndAdministrativeExpenses": 52400000,
        "sellingAndMarketingExpenses": -25000,
        "sellingGeneralAndAdministrativeExpenses": 52375000,
        "otherExpenses": 10725000,
        "operatingExpenses": 112200000,
        "costAndExpenses": 214100000,
        "interestIncome": 0,
        "interestExpense": 0,
        "depreciationAndAmortization": 25600000,
        "ebitda": 44100000,
        "ebitdaratio": 0.193336256,
        "operatingIncome": 13986000,
        "operatingIncomeRatio": 0.0613152126,
        "totalOtherIncomeExpensesNet": 4514000,
        "incomeBeforeTax": 18500000,
        "incomeBeforeTaxRatio": 0.0811047786,
        "incomeTaxExpense": 8800000,
        "netIncome": 9700000,
        "netIncomeRatio": 0.0425252082,
        "eps": 0.029,
        "epsdiluted": 0.0277,
        "weightedAverageShsOut": 334363000,
        "weightedAverageShsOutDil": 350691000,
        "link": "https://www.sec.gov/Archives/edgar/data/743988/000101287002000490/0001012870-02-000490-index.htm",
        "finalLink": "https://www.sec.gov/Archives/edgar/data/743988/000101287002000490/d10q.htm"
    },
    {
        "date": "2001-09-29",
        "symbol": "XLNX",
        "reportedCurrency": "USD",
        "cik": "0000743988",
        "fillingDate": "2001-11-13",
        "acceptedDate": "2001-11-13 00:00:00",
        "calendarYear": "2002",
        "period": "Q2",
        "revenue": 224600000,
        "costOfRevenue": 199800000,
        "grossProfit": 24800000,
        "grossProfitRatio": 0.1104185218,
        "researchAndDevelopmentExpenses": 48500000,
        "generalAndAdministrativeExpenses": 55300000,
        "sellingAndMarketingExpenses": 8000,
        "sellingGeneralAndAdministrativeExpenses": 55308000,
        "otherExpenses": 208492000,
        "operatingExpenses": 312300000,
        "costAndExpenses": 512100000,
        "interestIncome": 0,
        "interestExpense": 0,
        "depreciationAndAmortization": 27100000,
        "ebitda": -255000000,
        "ebitdaratio": -1.1353517364,
        "operatingIncome": -114975000,
        "operatingIncomeRatio": -0.5119100623,
        "totalOtherIncomeExpensesNet": -167125000,
        "incomeBeforeTax": -282100000,
        "incomeBeforeTaxRatio": -1.2560106857,
        "incomeTaxExpense": -106100000,
        "netIncome": -176000000,
        "netIncomeRatio": -0.7836153161,
        "eps": -0.53,
        "epsdiluted": -0.53,
        "weightedAverageShsOut": 333650000,
        "weightedAverageShsOutDil": 333650000,
        "link": "https://www.sec.gov/Archives/edgar/data/743988/000102140801509865/0001021408-01-509865-index.html",
        "finalLink": "https://www.sec.gov/Archives/edgar/data/743988/000102140801509865/d10q.htm"
    },
    {
        "date": "2001-06-30",
        "symbol": "XLNX",
        "reportedCurrency": "USD",
        "cik": "0000743988",
        "fillingDate": "2001-08-10",
        "acceptedDate": "2001-08-10 00:00:00",
        "calendarYear": "2002",
        "period": "Q1",
        "revenue": 289326000,
        "costOfRevenue": 140948000,
        "grossProfit": 148378000,
        "grossProfitRatio": 0.5128401872,
        "researchAndDevelopmentExpenses": 54936000,
        "generalAndAdministrativeExpenses": 65397000,
        "sellingAndMarketingExpenses": 0,
        "sellingGeneralAndAdministrativeExpenses": 65397000,
        "otherExpenses": 10750000,
        "operatingExpenses": 131083000,
        "costAndExpenses": 272031000,
        "interestIncome": 0,
        "interestExpense": 0,
        "depreciationAndAmortization": 33230000,
        "ebitda": 58899000,
        "ebitdaratio": 0.203573132,
        "operatingIncome": 17295000,
        "operatingIncomeRatio": 0.0597768607,
        "totalOtherIncomeExpensesNet": 8374000,
        "incomeBeforeTax": 25669000,
        "incomeBeforeTaxRatio": 0.0887199906,
        "incomeTaxExpense": 7187000,
        "netIncome": 18482000,
        "netIncomeRatio": 0.0638794992,
        "eps": 0.0556,
        "epsdiluted": 0.0524,
        "weightedAverageShsOut": 332637000,
        "weightedAverageShsOutDil": 352704000,
        "link": "https://www.sec.gov/Archives/edgar/data/743988/000102140801504892/0001021408-01-504892-index.html",
        "finalLink": "https://www.sec.gov/Archives/edgar/data/743988/000102140801504892/d10q.txt"
    },
    {
        "date": "2001-03-31",
        "symbol": "XLNX",
        "reportedCurrency": "USD",
        "cik": "0000743988",
        "fillingDate": "2001-06-12",
        "acceptedDate": "2001-06-11 20:00:00",
        "calendarYear": "2001",
        "period": "Q4",
        "revenue": 407020000,
        "costOfRevenue": 194949000,
        "grossProfit": 212071000,
        "grossProfitRatio": 0.5210333645,
        "researchAndDevelopmentExpenses": 59421000,
        "generalAndAdministrativeExpenses": 69098000,
        "sellingAndMarketingExpenses": 0,
        "sellingGeneralAndAdministrativeExpenses": 69098000,
        "otherExpenses": 11081000,
        "operatingExpenses": 139600000,
        "costAndExpenses": 334549000,
        "interestIncome": 0,
        "interestExpense": 0,
        "depreciationAndAmortization": 33993000,
        "ebitda": -245205000,
        "ebitdaratio": -0.6024396836,
        "operatingIncome": 72471000,
        "operatingIncomeRatio": 0.1780526755,
        "totalOtherIncomeExpensesNet": -351669000,
        "incomeBeforeTax": -279198000,
        "incomeBeforeTaxRatio": -0.6859564641,
        "incomeTaxExpense": -117081000,
        "netIncome": -162117000,
        "netIncomeRatio": -0.3983022947,
        "eps": -0.49,
        "epsdiluted": -0.46,
        "weightedAverageShsOut": 332637000,
        "weightedAverageShsOutDil": 352704000,
        "link": "https://www.sec.gov/Archives/edgar/data/743988/000101287001501165/0001012870-01-501165-index.htm",
        "finalLink": "https://www.sec.gov/Archives/edgar/data/743988/000101287001501165/d10k.txt"
    },
    {
        "date": "2000-12-30",
        "symbol": "XLNX",
        "reportedCurrency": "USD",
        "cik": "0000743988",
        "fillingDate": "2001-02-05",
        "acceptedDate": "2001-02-05 00:00:00",
        "calendarYear": "2001",
        "period": "Q3",
        "revenue": 450100000,
        "costOfRevenue": 179200000,
        "grossProfit": 270900000,
        "grossProfitRatio": 0.6018662519,
        "researchAndDevelopmentExpenses": 59100000,
        "generalAndAdministrativeExpenses": 71100000,
        "sellingAndMarketingExpenses": -18000,
        "sellingGeneralAndAdministrativeExpenses": 71082000,
        "otherExpenses": 97618000,
        "operatingExpenses": 227800000,
        "costAndExpenses": 407000000,
        "interestIncome": 0,
        "interestExpense": 0,
        "depreciationAndAmortization": 28600000,
        "ebitda": 80200000,
        "ebitdaratio": 0.1781826261,
        "operatingIncome": 43140000,
        "operatingIncomeRatio": 0.0958453677,
        "totalOtherIncomeExpensesNet": 8460000,
        "incomeBeforeTax": 51600000,
        "incomeBeforeTaxRatio": 0.1146411908,
        "incomeTaxExpense": 62100000,
        "netIncome": -10500000,
        "netIncomeRatio": -0.0233281493,
        "eps": -0.0319,
        "epsdiluted": -0.0319,
        "weightedAverageShsOut": 329643000,
        "weightedAverageShsOutDil": 329643000,
        "link": "https://www.sec.gov/Archives/edgar/data/743988/000092962401000161/0000929624-01-000161-index.html",
        "finalLink": "https://www.sec.gov/Archives/edgar/data/743988/000092962401000161/0000929624-01-000161-0001.txt"
    },
    {
        "date": "2000-09-30",
        "symbol": "XLNX",
        "reportedCurrency": "USD",
        "cik": "0000743988",
        "fillingDate": "2000-11-13",
        "acceptedDate": "2000-11-13 00:00:00",
        "calendarYear": "2001",
        "period": "Q2",
        "revenue": 437360000,
        "costOfRevenue": 168325000,
        "grossProfit": 269035000,
        "grossProfitRatio": 0.6151339857,
        "researchAndDevelopmentExpenses": 51433000,
        "generalAndAdministrativeExpenses": 70514000,
        "sellingAndMarketingExpenses": 0,
        "sellingGeneralAndAdministrativeExpenses": 70514000,
        "otherExpenses": 0,
        "operatingExpenses": 121947000,
        "costAndExpenses": 290272000,
        "interestIncome": 0,
        "interestExpense": 0,
        "depreciationAndAmortization": 17217000,
        "ebitda": 175628000,
        "ebitdaratio": 0.401563929,
        "operatingIncome": 147088000,
        "operatingIncomeRatio": 0.3363087617,
        "totalOtherIncomeExpensesNet": 11323000,
        "incomeBeforeTax": 158411000,
        "incomeBeforeTaxRatio": 0.3621981891,
        "incomeTaxExpense": 44355000,
        "netIncome": 114056000,
        "netIncomeRatio": 0.2607828791,
        "eps": 0.35,
        "epsdiluted": 0.32,
        "weightedAverageShsOut": 329650000,
        "weightedAverageShsOutDil": 356046000,
        "link": "https://www.sec.gov/Archives/edgar/data/743988/000074398800000012/0000743988-00-000012-index.html",
        "finalLink": "https://www.sec.gov/Archives/edgar/data/743988/000074398800000012/0000743988-00-000012-0001.txt"
    },
    {
        "date": "2000-07-01",
        "symbol": "XLNX",
        "reportedCurrency": "USD",
        "cik": "0000743988",
        "fillingDate": "2000-08-11",
        "acceptedDate": "2000-08-11 00:00:00",
        "calendarYear": "2001",
        "period": "Q1",
        "revenue": 364900000,
        "costOfRevenue": 136900000,
        "grossProfit": 228000000,
        "grossProfitRatio": 0.6248287202,
        "researchAndDevelopmentExpenses": 43200000,
        "generalAndAdministrativeExpenses": 63400000,
        "sellingAndMarketingExpenses": -1000,
        "sellingGeneralAndAdministrativeExpenses": 63399000,
        "otherExpenses": 1000,
        "operatingExpenses": 106600000,
        "costAndExpenses": 243500000,
        "interestIncome": 0,
        "interestExpense": 0,
        "depreciationAndAmortization": 13700000,
        "ebitda": 144000000,
        "ebitdaratio": 0.3946286654,
        "operatingIncome": 121354000,
        "operatingIncomeRatio": 0.3325678268,
        "totalOtherIncomeExpensesNet": 8946000,
        "incomeBeforeTax": 130300000,
        "incomeBeforeTaxRatio": 0.3570841326,
        "incomeTaxExpense": 36500000,
        "netIncome": 93800000,
        "netIncomeRatio": 0.2570567279,
        "eps": 0.29,
        "epsdiluted": 0.27,
        "weightedAverageShsOut": 326030000,
        "weightedAverageShsOutDil": 353448000,
        "link": "https://www.sec.gov/Archives/edgar/data/743988/000074398800000010/0000743988-00-000010-index.html",
        "finalLink": "https://www.sec.gov/Archives/edgar/data/743988/000074398800000010/0000743988-00-000010-0001.txt"
    },
    {
        "date": "2000-04-01",
        "symbol": "XLNX",
        "reportedCurrency": "USD",
        "cik": "0000743988",
        "fillingDate": "2000-04-01",
        "acceptedDate": "2000-03-31 19:00:00",
        "calendarYear": "2000",
        "period": "Q4",
        "revenue": 306600000,
        "costOfRevenue": 114500000,
        "grossProfit": 192100000,
        "grossProfitRatio": 0.6265492498,
        "researchAndDevelopmentExpenses": 36600000,
        "generalAndAdministrativeExpenses": 55200000,
        "sellingAndMarketingExpenses": 28000,
        "sellingGeneralAndAdministrativeExpenses": 55228000,
        "otherExpenses": 72000,
        "operatingExpenses": 91900000,
        "costAndExpenses": 206400000,
        "interestIncome": 0,
        "interestExpense": 0,
        "depreciationAndAmortization": 9700000,
        "ebitda": 794100000,
        "ebitdaratio": 2.5900195695,
        "operatingIncome": 100202000,
        "operatingIncomeRatio": 0.3268166993,
        "totalOtherIncomeExpensesNet": 682798000,
        "incomeBeforeTax": 783000000,
        "incomeBeforeTaxRatio": 2.553816047,
        "incomeTaxExpense": 308000000,
        "netIncome": 476400000,
        "netIncomeRatio": 1.553816047,
        "eps": 1.46,
        "epsdiluted": 1.35,
        "weightedAverageShsOut": 326030000,
        "weightedAverageShsOutDil": 353448000,
        "link": "",
        "finalLink": ""
    },
    {
        "date": "2000-01-01",
        "symbol": "XLNX",
        "reportedCurrency": "USD",
        "cik": "0000743988",
        "fillingDate": "2000-01-01",
        "acceptedDate": "1999-12-31 19:00:00",
        "calendarYear": "2000",
        "period": "Q3",
        "revenue": 264300000,
        "costOfRevenue": 99600000,
        "grossProfit": 164700000,
        "grossProfitRatio": 0.6231555051,
        "researchAndDevelopmentExpenses": 31600000,
        "generalAndAdministrativeExpenses": 48000000,
        "sellingAndMarketingExpenses": -50000,
        "sellingGeneralAndAdministrativeExpenses": 47950000,
        "otherExpenses": -50000,
        "operatingExpenses": 79500000,
        "costAndExpenses": 179100000,
        "interestIncome": 0,
        "interestExpense": 0,
        "depreciationAndAmortization": 12700000,
        "ebitda": 108000000,
        "ebitdaratio": 0.4086265607,
        "operatingIncome": 85143000,
        "operatingIncomeRatio": 0.3221452894,
        "totalOtherIncomeExpensesNet": 7257000,
        "incomeBeforeTax": 92400000,
        "incomeBeforeTaxRatio": 0.3496027242,
        "incomeTaxExpense": 26800000,
        "netIncome": 68500000,
        "netIncomeRatio": 0.2591751797,
        "eps": 0.21,
        "epsdiluted": 0.2,
        "weightedAverageShsOut": 319891000,
        "weightedAverageShsOutDil": 346162000,
        "link": "",
        "finalLink": ""
    },
    {
        "date": "1999-10-02",
        "symbol": "XLNX",
        "reportedCurrency": "USD",
        "cik": "0000743988",
        "fillingDate": "1999-10-02",
        "acceptedDate": "1999-10-01 20:00:00",
        "calendarYear": "2000",
        "period": "Q2",
        "revenue": 238800000,
        "costOfRevenue": 90200000,
        "grossProfit": 148600000,
        "grossProfitRatio": 0.622278057,
        "researchAndDevelopmentExpenses": 29300000,
        "generalAndAdministrativeExpenses": 43900000,
        "sellingAndMarketingExpenses": 2000,
        "sellingGeneralAndAdministrativeExpenses": 43902000,
        "otherExpenses": 4598000,
        "operatingExpenses": 77800000,
        "costAndExpenses": 168000000,
        "interestIncome": 0,
        "interestExpense": 0,
        "depreciationAndAmortization": 10100000,
        "ebitda": 88500000,
        "ebitdaratio": 0.3706030151,
        "operatingIncome": 70750000,
        "operatingIncomeRatio": 0.2962730318,
        "totalOtherIncomeExpensesNet": 6350000,
        "incomeBeforeTax": 77100000,
        "incomeBeforeTaxRatio": 0.3228643216,
        "incomeTaxExpense": 22400000,
        "netIncome": 56000000,
        "netIncomeRatio": 0.2345058626,
        "eps": 0.18,
        "epsdiluted": 0.16,
        "weightedAverageShsOut": 317534000,
        "weightedAverageShsOutDil": 343006000,
        "link": "",
        "finalLink": ""
    },
    {
        "date": "1999-07-03",
        "symbol": "XLNX",
        "reportedCurrency": "USD",
        "cik": "0000743988",
        "fillingDate": "1999-07-03",
        "acceptedDate": "1999-07-02 20:00:00",
        "calendarYear": "2000",
        "period": "Q1",
        "revenue": 211400000,
        "costOfRevenue": 79800000,
        "grossProfit": 131600000,
        "grossProfitRatio": 0.6225165563,
        "researchAndDevelopmentExpenses": 26000000,
        "generalAndAdministrativeExpenses": 39500000,
        "sellingAndMarketingExpenses": 39000,
        "sellingGeneralAndAdministrativeExpenses": 39539000,
        "otherExpenses": -38999.99999999255,
        "operatingExpenses": 65500000,
        "costAndExpenses": 145300000,
        "interestIncome": 0,
        "interestExpense": 0,
        "depreciationAndAmortization": 8400000,
        "ebitda": 80800000,
        "ebitdaratio": 0.3822138127,
        "operatingIncome": 66097000,
        "operatingIncomeRatio": 0.3126631977,
        "totalOtherIncomeExpensesNet": 5703000,
        "incomeBeforeTax": 71800000,
        "incomeBeforeTaxRatio": 0.339640492,
        "incomeTaxExpense": 20800000,
        "netIncome": 51600000,
        "netIncomeRatio": 0.2440870388,
        "eps": 0.16,
        "epsdiluted": 0.15,
        "weightedAverageShsOut": 313866000,
        "weightedAverageShsOutDil": 336826000,
        "link": "",
        "finalLink": ""
    },
    {
        "date": "1999-04-03",
        "symbol": "XLNX",
        "reportedCurrency": "USD",
        "cik": "0000743988",
        "fillingDate": "1999-04-03",
        "acceptedDate": "1999-04-02 19:00:00",
        "calendarYear": "1999",
        "period": "Q4",
        "revenue": 184300000,
        "costOfRevenue": 69100000,
        "grossProfit": 115200000,
        "grossProfitRatio": 0.6250678242,
        "researchAndDevelopmentExpenses": 24500000,
        "generalAndAdministrativeExpenses": 36500000,
        "sellingAndMarketingExpenses": 11000,
        "sellingGeneralAndAdministrativeExpenses": 36511000,
        "otherExpenses": 3589000,
        "operatingExpenses": 64600000,
        "costAndExpenses": 133700000,
        "interestIncome": 0,
        "interestExpense": 0,
        "depreciationAndAmortization": 7500000,
        "ebitda": 62600000,
        "ebitdaratio": 0.339663592,
        "operatingIncome": 52308000,
        "operatingIncomeRatio": 0.2838198589,
        "totalOtherIncomeExpensesNet": 2292000,
        "incomeBeforeTax": 54600000,
        "incomeBeforeTaxRatio": 0.2962561042,
        "incomeTaxExpense": 15800000,
        "netIncome": 39300000,
        "netIncomeRatio": 0.2132392838,
        "eps": 0.13,
        "epsdiluted": 0.12,
        "weightedAverageShsOut": 313866000,
        "weightedAverageShsOutDil": 336826000,
        "link": "",
        "finalLink": ""
    },
    {
        "date": "1999-01-02",
        "symbol": "XLNX",
        "reportedCurrency": "USD",
        "cik": "0000743988",
        "fillingDate": "1999-01-02",
        "acceptedDate": "1999-01-01 19:00:00",
        "calendarYear": "1999",
        "period": "Q3",
        "revenue": 171600000,
        "costOfRevenue": 67100000,
        "grossProfit": 104500000,
        "grossProfitRatio": 0.608974359,
        "researchAndDevelopmentExpenses": 23000000,
        "generalAndAdministrativeExpenses": 33900000,
        "sellingAndMarketingExpenses": -42000,
        "sellingGeneralAndAdministrativeExpenses": 33858000,
        "otherExpenses": 42000,
        "operatingExpenses": 56900000,
        "costAndExpenses": 124000000,
        "interestIncome": 0,
        "interestExpense": 0,
        "depreciationAndAmortization": 9400000,
        "ebitda": 58100000,
        "ebitdaratio": 0.3385780886,
        "operatingIncome": 44501000,
        "operatingIncomeRatio": 0.2593298368,
        "totalOtherIncomeExpensesNet": 4999000,
        "incomeBeforeTax": 49500000,
        "incomeBeforeTaxRatio": 0.2884615385,
        "incomeTaxExpense": 12600000,
        "netIncome": 36100000,
        "netIncomeRatio": 0.2103729604,
        "eps": 0.13,
        "epsdiluted": 0.12,
        "weightedAverageShsOut": 287640000,
        "weightedAverageShsOutDil": 302326000,
        "link": "",
        "finalLink": ""
    },
    {
        "date": "1998-10-03",
        "symbol": "XLNX",
        "reportedCurrency": "USD",
        "cik": "0000743988",
        "fillingDate": "1998-11-12",
        "acceptedDate": "1998-11-12 00:00:00",
        "calendarYear": "1999",
        "period": "Q2",
        "revenue": 156500000,
        "costOfRevenue": 58800000,
        "grossProfit": 97700000,
        "grossProfitRatio": 0.6242811502,
        "researchAndDevelopmentExpenses": 22600000,
        "generalAndAdministrativeExpenses": 32400000,
        "sellingAndMarketingExpenses": 47000,
        "sellingGeneralAndAdministrativeExpenses": 32447000,
        "otherExpenses": -47000,
        "operatingExpenses": 55000000,
        "costAndExpenses": 113800000,
        "interestIncome": 0,
        "interestExpense": 0,
        "depreciationAndAmortization": 7000000,
        "ebitda": 48500000,
        "ebitdaratio": 0.3099041534,
        "operatingIncome": 42622000,
        "operatingIncomeRatio": 0.2723450479,
        "totalOtherIncomeExpensesNet": 1178000,
        "incomeBeforeTax": 43800000,
        "incomeBeforeTaxRatio": 0.2798722045,
        "incomeTaxExpense": 13600000,
        "netIncome": 27900000,
        "netIncomeRatio": 0.1782747604,
        "eps": 0.097,
        "epsdiluted": 0.0931,
        "weightedAverageShsOut": 287648000,
        "weightedAverageShsOutDil": 299524000,
        "link": "https://www.sec.gov/Archives/edgar/data/743988/000074398898000012/0000743988-98-000012-index.html",
        "finalLink": "https://www.sec.gov/Archives/edgar/data/743988/0000743988-98-000012.txt"
    },
    {
        "date": "1998-06-27",
        "symbol": "XLNX",
        "reportedCurrency": "USD",
        "cik": "0000743988",
        "fillingDate": "1998-08-07",
        "acceptedDate": "1998-08-07 00:00:00",
        "calendarYear": "1999",
        "period": "Q1",
        "revenue": 149500000,
        "costOfRevenue": 56200000,
        "grossProfit": 93300000,
        "grossProfitRatio": 0.6240802676,
        "researchAndDevelopmentExpenses": 20800000,
        "generalAndAdministrativeExpenses": 31400000,
        "sellingAndMarketingExpenses": 34000,
        "sellingGeneralAndAdministrativeExpenses": 31434000,
        "otherExpenses": 66000,
        "operatingExpenses": 52300000,
        "costAndExpenses": 108500000,
        "interestIncome": 0,
        "interestExpense": 0,
        "depreciationAndAmortization": 8200000,
        "ebitda": 20500000,
        "ebitdaratio": 0.1371237458,
        "operatingIncome": 42543000,
        "operatingIncomeRatio": 0.2845685619,
        "totalOtherIncomeExpensesNet": -1043000,
        "incomeBeforeTax": 41500000,
        "incomeBeforeTaxRatio": 0.2775919732,
        "incomeTaxExpense": 12900000,
        "netIncome": -600000,
        "netIncomeRatio": -0.0040133779,
        "eps": -0.0021,
        "epsdiluted": -0.002,
        "weightedAverageShsOut": 291372000,
        "weightedAverageShsOutDil": 307352000,
        "link": "https://www.sec.gov/Archives/edgar/data/743988/000074398898000007/0000743988-98-000007-index.html",
        "finalLink": "https://www.sec.gov/Archives/edgar/data/743988/0000743988-98-000007.txt"
    },
    {
        "date": "1998-03-31",
        "symbol": "XLNX",
        "reportedCurrency": "USD",
        "cik": "0000743988",
        "fillingDate": "1998-06-19",
        "acceptedDate": "1998-06-18 20:00:00",
        "calendarYear": "1998",
        "period": "Q4",
        "revenue": 153825000,
        "costOfRevenue": 58068000,
        "grossProfit": 95757000,
        "grossProfitRatio": 0.6225060946,
        "researchAndDevelopmentExpenses": 21032000,
        "generalAndAdministrativeExpenses": 32227000,
        "sellingAndMarketingExpenses": 0,
        "sellingGeneralAndAdministrativeExpenses": 32227000,
        "otherExpenses": 0,
        "operatingExpenses": 53259000,
        "costAndExpenses": 111327000,
        "interestIncome": 0,
        "interestExpense": 0,
        "depreciationAndAmortization": 7887000,
        "ebitda": 52178000,
        "ebitdaratio": 0.3392036405,
        "operatingIncome": 42498000,
        "operatingIncomeRatio": 0.2762749878,
        "totalOtherIncomeExpensesNet": 1793000,
        "incomeBeforeTax": 44291000,
        "incomeBeforeTaxRatio": 0.2879310905,
        "incomeTaxExpense": 13698000,
        "netIncome": 30593000,
        "netIncomeRatio": 0.1988818463,
        "eps": 0.1,
        "epsdiluted": 0.0995,
        "weightedAverageShsOut": 291372000,
        "weightedAverageShsOutDil": 307352000,
        "link": "https://www.sec.gov/Archives/edgar/data/743988/0000743988-98-000004-index.html",
        "finalLink": "https://www.sec.gov/Archives/edgar/data/743988/"
    },
    {
        "date": "1997-12-27",
        "symbol": "XLNX",
        "reportedCurrency": "USD",
        "cik": "0000743988",
        "fillingDate": "1997-12-27",
        "acceptedDate": "1997-12-26 19:00:00",
        "calendarYear": "1998",
        "period": "Q3",
        "revenue": 148700000,
        "costOfRevenue": 55700000,
        "grossProfit": 93000000,
        "grossProfitRatio": 0.6254203093,
        "researchAndDevelopmentExpenses": 19500000,
        "generalAndAdministrativeExpenses": 32500000,
        "sellingAndMarketingExpenses": -40000,
        "sellingGeneralAndAdministrativeExpenses": 32460000,
        "otherExpenses": 40000,
        "operatingExpenses": 52000000,
        "costAndExpenses": 107700000,
        "interestIncome": 0,
        "interestExpense": 0,
        "depreciationAndAmortization": 9000000,
        "ebitda": 53600000,
        "ebitdaratio": 0.3604572966,
        "operatingIncome": 41071000,
        "operatingIncomeRatio": 0.2762004035,
        "totalOtherIncomeExpensesNet": 929000,
        "incomeBeforeTax": 42000000,
        "incomeBeforeTaxRatio": 0.2824478816,
        "incomeTaxExpense": 13000000,
        "netIncome": 31600000,
        "netIncomeRatio": 0.2125084062,
        "eps": 0.11,
        "epsdiluted": 0.0997,
        "weightedAverageShsOut": 296784000,
        "weightedAverageShsOutDil": 316992000,
        "link": "",
        "finalLink": ""
    },
    {
        "date": "1997-09-27",
        "symbol": "XLNX",
        "reportedCurrency": "USD",
        "cik": "0000743988",
        "fillingDate": "1997-11-07",
        "acceptedDate": "1997-11-07 00:00:00",
        "calendarYear": "1998",
        "period": "Q2",
        "revenue": 150300000,
        "costOfRevenue": 56000000,
        "grossProfit": 94300000,
        "grossProfitRatio": 0.627411843,
        "researchAndDevelopmentExpenses": 20000000,
        "generalAndAdministrativeExpenses": 31200000,
        "sellingAndMarketingExpenses": 26000,
        "sellingGeneralAndAdministrativeExpenses": 31226000,
        "otherExpenses": -26000,
        "operatingExpenses": 51200000,
        "costAndExpenses": 107200000,
        "interestIncome": 0,
        "interestExpense": 0,
        "depreciationAndAmortization": 8100000,
        "ebitda": 53000000,
        "ebitdaratio": 0.3526280772,
        "operatingIncome": 43048000,
        "operatingIncomeRatio": 0.286413839,
        "totalOtherIncomeExpensesNet": 1852000,
        "incomeBeforeTax": 44900000,
        "incomeBeforeTaxRatio": 0.2987358616,
        "incomeTaxExpense": 13900000,
        "netIncome": 31000000,
        "netIncomeRatio": 0.2062541583,
        "eps": 0.0952,
        "epsdiluted": 0.0952,
        "weightedAverageShsOut": 325664000,
        "weightedAverageShsOutDil": 325664000,
        "link": "https://www.sec.gov/Archives/edgar/data/743988/000074398897000011/0000743988-97-000011-index.html",
        "finalLink": "https://www.sec.gov/Archives/edgar/data/743988/0000743988-97-000011.txt"
    },
    {
        "date": "1997-06-28",
        "symbol": "XLNX",
        "reportedCurrency": "USD",
        "cik": "0000743988",
        "fillingDate": "1997-08-11",
        "acceptedDate": "1997-08-11 00:00:00",
        "calendarYear": "1998",
        "period": "Q1",
        "revenue": 160800000,
        "costOfRevenue": 60900000,
        "grossProfit": 99900000,
        "grossProfitRatio": 0.6212686567,
        "researchAndDevelopmentExpenses": 19900000,
        "generalAndAdministrativeExpenses": 32700000,
        "sellingAndMarketingExpenses": -34000,
        "sellingGeneralAndAdministrativeExpenses": 32666000,
        "otherExpenses": 34000,
        "operatingExpenses": 52600000,
        "costAndExpenses": 113500000,
        "interestIncome": 0,
        "interestExpense": 0,
        "depreciationAndAmortization": 7700000,
        "ebitda": 57200000,
        "ebitdaratio": 0.355721393,
        "operatingIncome": 47251000,
        "operatingIncomeRatio": 0.2938495025,
        "totalOtherIncomeExpensesNet": 2249000,
        "incomeBeforeTax": 49500000,
        "incomeBeforeTaxRatio": 0.3078358209,
        "incomeTaxExpense": 16100000,
        "netIncome": 33400000,
        "netIncomeRatio": 0.2077114428,
        "eps": 0.1,
        "epsdiluted": 0.1,
        "weightedAverageShsOut": 325304000,
        "weightedAverageShsOutDil": 325304000,
        "link": "https://www.sec.gov/Archives/edgar/data/743988/000074398897000008/0000743988-97-000008-index.html",
        "finalLink": "https://www.sec.gov/Archives/edgar/data/743988/0000743988-97-000008.txt"
    },
    {
        "date": "1997-03-31",
        "symbol": "XLNX",
        "reportedCurrency": "USD",
        "cik": "0000743988",
        "fillingDate": "1997-03-31",
        "acceptedDate": "1997-03-30 19:00:00",
        "calendarYear": "1997",
        "period": "Q4",
        "revenue": 151777000,
        "costOfRevenue": 58198000,
        "grossProfit": 93579000,
        "grossProfitRatio": 0.6165558681,
        "researchAndDevelopmentExpenses": 18792000,
        "generalAndAdministrativeExpenses": 31583000,
        "sellingAndMarketingExpenses": 0,
        "sellingGeneralAndAdministrativeExpenses": 31583000,
        "otherExpenses": 0,
        "operatingExpenses": 50375000,
        "costAndExpenses": 108573000,
        "interestIncome": 0,
        "interestExpense": 0,
        "depreciationAndAmortization": 7802000,
        "ebitda": 52902000,
        "ebitdaratio": 0.3485508344,
        "operatingIncome": 43204000,
        "operatingIncomeRatio": 0.2846544602,
        "totalOtherIncomeExpensesNet": 1896000,
        "incomeBeforeTax": 45100000,
        "incomeBeforeTaxRatio": 0.2971464715,
        "incomeTaxExpense": 14657000,
        "netIncome": 30443000,
        "netIncomeRatio": 0.2005771625,
        "eps": 0.0936,
        "epsdiluted": 0.0936,
        "weightedAverageShsOut": 325304000,
        "weightedAverageShsOutDil": 325304000,
        "link": "",
        "finalLink": ""
    },
    {
        "date": "1996-12-28",
        "symbol": "XLNX",
        "reportedCurrency": "USD",
        "cik": "0000743988",
        "fillingDate": "1996-12-28",
        "acceptedDate": "1996-12-27 19:00:00",
        "calendarYear": "1997",
        "period": "Q3",
        "revenue": 135600000,
        "costOfRevenue": 52200000,
        "grossProfit": 83400000,
        "grossProfitRatio": 0.6150442478,
        "researchAndDevelopmentExpenses": 17700000,
        "generalAndAdministrativeExpenses": 28800000,
        "sellingAndMarketingExpenses": 30000,
        "sellingGeneralAndAdministrativeExpenses": 28830000,
        "otherExpenses": -30000,
        "operatingExpenses": 46500000,
        "costAndExpenses": 98700000,
        "interestIncome": 0,
        "interestExpense": 0,
        "depreciationAndAmortization": 7400000,
        "ebitda": 46200000,
        "ebitdaratio": 0.3407079646,
        "operatingIncome": 36903000,
        "operatingIncomeRatio": 0.2721460177,
        "totalOtherIncomeExpensesNet": 1897000,
        "incomeBeforeTax": 38800000,
        "incomeBeforeTaxRatio": 0.2861356932,
        "incomeTaxExpense": 12600000,
        "netIncome": 26200000,
        "netIncomeRatio": 0.1932153392,
        "eps": 0.0821,
        "epsdiluted": 0.0821,
        "weightedAverageShsOut": 319164000,
        "weightedAverageShsOutDil": 319164000,
        "link": "",
        "finalLink": ""
    },
    {
        "date": "1996-09-28",
        "symbol": "XLNX",
        "reportedCurrency": "USD",
        "cik": "0000743988",
        "fillingDate": "1996-11-12",
        "acceptedDate": "1996-11-12 00:00:00",
        "calendarYear": "1997",
        "period": "Q2",
        "revenue": 130600000,
        "costOfRevenue": 50700000,
        "grossProfit": 79900000,
        "grossProfitRatio": 0.6117917305,
        "researchAndDevelopmentExpenses": 16700000,
        "generalAndAdministrativeExpenses": 28700000,
        "sellingAndMarketingExpenses": 9000,
        "sellingGeneralAndAdministrativeExpenses": 28709000,
        "otherExpenses": 4991000,
        "operatingExpenses": 50400000,
        "costAndExpenses": 101100000,
        "interestIncome": 0,
        "interestExpense": 0,
        "depreciationAndAmortization": 6300000,
        "ebitda": 37700000,
        "ebitdaratio": 0.2886676876,
        "operatingIncome": 29464000,
        "operatingIncomeRatio": 0.2256049005,
        "totalOtherIncomeExpensesNet": 1936000,
        "incomeBeforeTax": 31400000,
        "incomeBeforeTaxRatio": 0.2404287902,
        "incomeTaxExpense": 10200000,
        "netIncome": 21200000,
        "netIncomeRatio": 0.1623277182,
        "eps": 0.0668,
        "epsdiluted": 0.0668,
        "weightedAverageShsOut": 317512000,
        "weightedAverageShsOutDil": 317512000,
        "link": "https://www.sec.gov/Archives/edgar/data/743988/000074398896000009/0000743988-96-000009-index.html",
        "finalLink": "https://www.sec.gov/Archives/edgar/data/743988/0000743988-96-000009.txt"
    },
    {
        "date": "1996-06-29",
        "symbol": "XLNX",
        "reportedCurrency": "USD",
        "cik": "0000743988",
        "fillingDate": "1996-08-12",
        "acceptedDate": "1996-08-12 00:00:00",
        "calendarYear": "1997",
        "period": "Q1",
        "revenue": 150200000,
        "costOfRevenue": 53300000,
        "grossProfit": 96900000,
        "grossProfitRatio": 0.6451398136,
        "researchAndDevelopmentExpenses": 17800000,
        "generalAndAdministrativeExpenses": 29500000,
        "sellingAndMarketingExpenses": 48000,
        "sellingGeneralAndAdministrativeExpenses": 29548000,
        "otherExpenses": 52000,
        "operatingExpenses": 47400000,
        "costAndExpenses": 100700000,
        "interestIncome": 0,
        "interestExpense": 0,
        "depreciationAndAmortization": 6500000,
        "ebitda": 56900000,
        "ebitdaratio": 0.378828229,
        "operatingIncome": 49490000,
        "operatingIncomeRatio": 0.329494008,
        "totalOtherIncomeExpensesNet": 910000,
        "incomeBeforeTax": 50400000,
        "incomeBeforeTaxRatio": 0.3355525965,
        "incomeTaxExpense": 17900000,
        "netIncome": 32500000,
        "netIncomeRatio": 0.2163781625,
        "eps": 0.1,
        "epsdiluted": 0.1,
        "weightedAverageShsOut": 315776000,
        "weightedAverageShsOutDil": 315776000,
        "link": "https://www.sec.gov/Archives/edgar/data/743988/000074398896000007/0000743988-96-000007-index.html",
        "finalLink": "https://www.sec.gov/Archives/edgar/data/743988/0000743988-96-000007.txt"
    },
    {
        "date": "1996-03-31",
        "symbol": "XLNX",
        "reportedCurrency": "USD",
        "cik": "0000743988",
        "fillingDate": "1996-03-31",
        "acceptedDate": "1996-03-30 19:00:00",
        "calendarYear": "1996",
        "period": "Q4",
        "revenue": 149702000,
        "costOfRevenue": 67392000,
        "grossProfit": 82310000,
        "grossProfitRatio": 0.5498256536,
        "researchAndDevelopmentExpenses": 16900000,
        "generalAndAdministrativeExpenses": 0,
        "sellingAndMarketingExpenses": 0,
        "sellingGeneralAndAdministrativeExpenses": 28788000,
        "otherExpenses": 3366000,
        "operatingExpenses": 49054000,
        "costAndExpenses": 116446000,
        "interestIncome": 0,
        "interestExpense": 0,
        "depreciationAndAmortization": 6464000,
        "ebitda": 59766000,
        "ebitdaratio": 0.3992331432,
        "operatingIncome": 33256000,
        "operatingIncomeRatio": 0.2221480007,
        "totalOtherIncomeExpensesNet": 20046000,
        "incomeBeforeTax": 53302000,
        "incomeBeforeTaxRatio": 0.3560540273,
        "incomeTaxExpense": 19448000,
        "netIncome": 33854000,
        "netIncomeRatio": 0.2261426033,
        "eps": 0.11,
        "epsdiluted": 0.11,
        "weightedAverageShsOut": 315776000,
        "weightedAverageShsOutDil": 315776000,
        "link": "",
        "finalLink": ""
    },
    {
        "date": "1995-12-31",
        "symbol": "XLNX",
        "reportedCurrency": "USD",
        "cik": "0000743988",
        "fillingDate": "1995-12-31",
        "acceptedDate": "1995-12-30 19:00:00",
        "calendarYear": "1996",
        "period": "Q3",
        "revenue": 144100000,
        "costOfRevenue": 46000000,
        "grossProfit": 98100000,
        "grossProfitRatio": 0.680777238,
        "researchAndDevelopmentExpenses": 16200000,
        "generalAndAdministrativeExpenses": 0,
        "sellingAndMarketingExpenses": 0,
        "sellingGeneralAndAdministrativeExpenses": 26900000,
        "otherExpenses": 5700000,
        "operatingExpenses": 48800000,
        "costAndExpenses": 94800000,
        "interestIncome": 0,
        "interestExpense": 0,
        "depreciationAndAmortization": 6700000,
        "ebitda": 57400000,
        "ebitdaratio": 0.3983344899,
        "operatingIncome": 49300000,
        "operatingIncomeRatio": 0.3421235253,
        "totalOtherIncomeExpensesNet": 1400000,
        "incomeBeforeTax": 50700000,
        "incomeBeforeTaxRatio": 0.3518390007,
        "incomeTaxExpense": 18500000,
        "netIncome": 32200000,
        "netIncomeRatio": 0.2234559334,
        "eps": 0.11,
        "epsdiluted": 0.11,
        "weightedAverageShsOut": 292727273,
        "weightedAverageShsOutDil": 292727273,
        "link": "",
        "finalLink": ""
    },
    {
        "date": "1995-09-30",
        "symbol": "XLNX",
        "reportedCurrency": "USD",
        "cik": "0000743988",
        "fillingDate": "1995-09-30",
        "acceptedDate": "1995-09-29 20:00:00",
        "calendarYear": "1996",
        "period": "Q2",
        "revenue": 141200000,
        "costOfRevenue": 46600000,
        "grossProfit": 94600000,
        "grossProfitRatio": 0.6699716714,
        "researchAndDevelopmentExpenses": 16700000,
        "generalAndAdministrativeExpenses": 0,
        "sellingAndMarketingExpenses": 0,
        "sellingGeneralAndAdministrativeExpenses": 27300000,
        "otherExpenses": 5000000,
        "operatingExpenses": 49000000,
        "costAndExpenses": 95600000,
        "interestIncome": 0,
        "interestExpense": 0,
        "depreciationAndAmortization": 5000000,
        "ebitda": 51900000,
        "ebitdaratio": 0.3675637394,
        "operatingIncome": 45600000,
        "operatingIncomeRatio": 0.3229461756,
        "totalOtherIncomeExpensesNet": 1300000,
        "incomeBeforeTax": 46900000,
        "incomeBeforeTaxRatio": 0.3321529745,
        "incomeTaxExpense": 17100000,
        "netIncome": 29800000,
        "netIncomeRatio": 0.2110481586,
        "eps": 0.1,
        "epsdiluted": 0.1,
        "weightedAverageShsOut": 298000000,
        "weightedAverageShsOutDil": 298000000,
        "link": "",
        "finalLink": ""
    },
    {
        "date": "1995-06-30",
        "symbol": "XLNX",
        "reportedCurrency": "USD",
        "cik": "0000743988",
        "fillingDate": "1995-06-30",
        "acceptedDate": "1995-06-29 20:00:00",
        "calendarYear": "1996",
        "period": "Q1",
        "revenue": 125800000,
        "costOfRevenue": 44200000,
        "grossProfit": 81600000,
        "grossProfitRatio": 0.6486486486,
        "researchAndDevelopmentExpenses": 14900000,
        "generalAndAdministrativeExpenses": 0,
        "sellingAndMarketingExpenses": 0,
        "sellingGeneralAndAdministrativeExpenses": 25000000,
        "otherExpenses": 4300000,
        "operatingExpenses": 44200000,
        "costAndExpenses": 88400000,
        "interestIncome": 0,
        "interestExpense": 0,
        "depreciationAndAmortization": 4300000,
        "ebitda": 24100000,
        "ebitdaratio": 0.1915739269,
        "operatingIncome": 37400000,
        "operatingIncomeRatio": 0.2972972973,
        "totalOtherIncomeExpensesNet": -17600000,
        "incomeBeforeTax": 19800000,
        "incomeBeforeTaxRatio": 0.1573926868,
        "incomeTaxExpense": 14300000,
        "netIncome": 5500000,
        "netIncomeRatio": 0.0437201908,
        "eps": 0.02,
        "epsdiluted": 0.02,
        "weightedAverageShsOut": 275000000,
        "weightedAverageShsOutDil": 275000000,
        "link": "",
        "finalLink": ""
    },
    {
        "date": "1995-03-31",
        "symbol": "XLNX",
        "reportedCurrency": "USD",
        "cik": "0000743988",
        "fillingDate": "1995-03-31",
        "acceptedDate": "1995-03-30 19:00:00",
        "calendarYear": "1995",
        "period": "Q4",
        "revenue": 109200000,
        "costOfRevenue": 39800000,
        "grossProfit": 69400000,
        "grossProfitRatio": 0.6355311355,
        "researchAndDevelopmentExpenses": 0,
        "generalAndAdministrativeExpenses": 0,
        "sellingAndMarketingExpenses": 0,
        "sellingGeneralAndAdministrativeExpenses": 35400000,
        "otherExpenses": 3200000,
        "operatingExpenses": 38600000,
        "costAndExpenses": 78400000,
        "interestIncome": 0,
        "interestExpense": 0,
        "depreciationAndAmortization": 3200000,
        "ebitda": 35100000,
        "ebitdaratio": 0.3214285714,
        "operatingIncome": 30800000,
        "operatingIncomeRatio": 0.2820512821,
        "totalOtherIncomeExpensesNet": 1100000,
        "incomeBeforeTax": 31900000,
        "incomeBeforeTaxRatio": 0.2921245421,
        "incomeTaxExpense": 12000000,
        "netIncome": 19900000,
        "netIncomeRatio": 0.1822344322,
        "eps": 0.0724,
        "epsdiluted": 0.0724,
        "weightedAverageShsOut": 275000000,
        "weightedAverageShsOutDil": 275000000,
        "link": "",
        "finalLink": ""
    },
    {
        "date": "1994-12-31",
        "symbol": "XLNX",
        "reportedCurrency": "USD",
        "cik": "0000743988",
        "fillingDate": "1994-12-31",
        "acceptedDate": "1994-12-30 19:00:00",
        "calendarYear": "1995",
        "period": "Q3",
        "revenue": 91300000,
        "costOfRevenue": 32700000,
        "grossProfit": 58600000,
        "grossProfitRatio": 0.6418400876,
        "researchAndDevelopmentExpenses": 0,
        "generalAndAdministrativeExpenses": 0,
        "sellingAndMarketingExpenses": 0,
        "sellingGeneralAndAdministrativeExpenses": 31200000,
        "otherExpenses": 3000000,
        "operatingExpenses": 34200000,
        "costAndExpenses": 66900000,
        "interestIncome": 0,
        "interestExpense": 0,
        "depreciationAndAmortization": 2800000,
        "ebitda": 27700000,
        "ebitdaratio": 0.3033953998,
        "operatingIncome": 24400000,
        "operatingIncomeRatio": 0.2672508215,
        "totalOtherIncomeExpensesNet": 500000,
        "incomeBeforeTax": 24900000,
        "incomeBeforeTaxRatio": 0.2727272727,
        "incomeTaxExpense": 9300000,
        "netIncome": 15600000,
        "netIncomeRatio": 0.1708652793,
        "eps": 0.06,
        "epsdiluted": 0.06,
        "weightedAverageShsOut": 260000000,
        "weightedAverageShsOutDil": 260000000,
        "link": "",
        "finalLink": ""
    },
    {
        "date": "1994-09-30",
        "symbol": "XLNX",
        "reportedCurrency": "USD",
        "cik": "0000743988",
        "fillingDate": "1994-09-30",
        "acceptedDate": "1994-09-29 20:00:00",
        "calendarYear": "1995",
        "period": "Q2",
        "revenue": 79500000,
        "costOfRevenue": 27600000,
        "grossProfit": 51900000,
        "grossProfitRatio": 0.6528301887,
        "researchAndDevelopmentExpenses": 0,
        "generalAndAdministrativeExpenses": 0,
        "sellingAndMarketingExpenses": 0,
        "sellingGeneralAndAdministrativeExpenses": 28300000,
        "otherExpenses": 3100000,
        "operatingExpenses": 31400000,
        "costAndExpenses": 59000000,
        "interestIncome": 0,
        "interestExpense": 0,
        "depreciationAndAmortization": 3100000,
        "ebitda": 22000000,
        "ebitdaratio": 0.2767295597,
        "operatingIncome": 20500000,
        "operatingIncomeRatio": 0.2578616352,
        "totalOtherIncomeExpensesNet": -1600000,
        "incomeBeforeTax": 18900000,
        "incomeBeforeTaxRatio": 0.2377358491,
        "incomeTaxExpense": 7100000,
        "netIncome": 11800000,
        "netIncomeRatio": 0.148427673,
        "eps": 0.04,
        "epsdiluted": 0.04,
        "weightedAverageShsOut": 295000000,
        "weightedAverageShsOutDil": 295000000,
        "link": "",
        "finalLink": ""
    },
    {
        "date": "1994-06-30",
        "symbol": "XLNX",
        "reportedCurrency": "USD",
        "cik": "0000743988",
        "fillingDate": "1994-06-30",
        "acceptedDate": "1994-06-29 20:00:00",
        "calendarYear": "1995",
        "period": "Q1",
        "revenue": 75200000,
        "costOfRevenue": 26100000,
        "grossProfit": 49100000,
        "grossProfitRatio": 0.6529255319,
        "researchAndDevelopmentExpenses": 0,
        "generalAndAdministrativeExpenses": 0,
        "sellingAndMarketingExpenses": 0,
        "sellingGeneralAndAdministrativeExpenses": 27200000,
        "otherExpenses": 3100000,
        "operatingExpenses": 30300000,
        "costAndExpenses": 56400000,
        "interestIncome": 0,
        "interestExpense": 0,
        "depreciationAndAmortization": 3100000,
        "ebitda": 22300000,
        "ebitdaratio": 0.2965425532,
        "operatingIncome": 18800000,
        "operatingIncomeRatio": 0.25,
        "totalOtherIncomeExpensesNet": 400000,
        "incomeBeforeTax": 19200000,
        "incomeBeforeTaxRatio": 0.2553191489,
        "incomeTaxExpense": 7200000,
        "netIncome": 12000000,
        "netIncomeRatio": 0.1595744681,
        "eps": 0.04,
        "epsdiluted": 0.04,
        "weightedAverageShsOut": 300000000,
        "weightedAverageShsOutDil": 300000000,
        "link": "",
        "finalLink": ""
    },
    {
        "date": "1994-03-31",
        "symbol": "XLNX",
        "reportedCurrency": "USD",
        "cik": "0000743988",
        "fillingDate": "1994-03-31",
        "acceptedDate": "1994-03-30 19:00:00",
        "calendarYear": "1994",
        "period": "Q4",
        "revenue": 75400000,
        "costOfRevenue": 25800000,
        "grossProfit": 49600000,
        "grossProfitRatio": 0.6578249337,
        "researchAndDevelopmentExpenses": 0,
        "generalAndAdministrativeExpenses": 0,
        "sellingAndMarketingExpenses": 0,
        "sellingGeneralAndAdministrativeExpenses": 26800000,
        "otherExpenses": 3400000,
        "operatingExpenses": 30200000,
        "costAndExpenses": 56000000,
        "interestIncome": 0,
        "interestExpense": 0,
        "depreciationAndAmortization": 3400000,
        "ebitda": 23400000,
        "ebitdaratio": 0.3103448276,
        "operatingIncome": 19400000,
        "operatingIncomeRatio": 0.2572944297,
        "totalOtherIncomeExpensesNet": 600000,
        "incomeBeforeTax": 20000000,
        "incomeBeforeTaxRatio": 0.2652519894,
        "incomeTaxExpense": 7800000,
        "netIncome": 12200000,
        "netIncomeRatio": 0.1618037135,
        "eps": 0.0407,
        "epsdiluted": 0.0407,
        "weightedAverageShsOut": 300000000,
        "weightedAverageShsOutDil": 300000000,
        "link": "",
        "finalLink": ""
    },
    {
        "date": "1993-12-31",
        "symbol": "XLNX",
        "reportedCurrency": "USD",
        "cik": "0000743988",
        "fillingDate": "1993-12-31",
        "acceptedDate": "1993-12-30 19:00:00",
        "calendarYear": "1994",
        "period": "Q3",
        "revenue": 66500000,
        "costOfRevenue": 23200000,
        "grossProfit": 43300000,
        "grossProfitRatio": 0.6511278195,
        "researchAndDevelopmentExpenses": 0,
        "generalAndAdministrativeExpenses": 0,
        "sellingAndMarketingExpenses": 0,
        "sellingGeneralAndAdministrativeExpenses": 23900000,
        "otherExpenses": 2500000,
        "operatingExpenses": 26400000,
        "costAndExpenses": 49600000,
        "interestIncome": 0,
        "interestExpense": 0,
        "depreciationAndAmortization": 2600000,
        "ebitda": 20100000,
        "ebitdaratio": 0.3022556391,
        "operatingIncome": 16900000,
        "operatingIncomeRatio": 0.2541353383,
        "totalOtherIncomeExpensesNet": 600000,
        "incomeBeforeTax": 17500000,
        "incomeBeforeTaxRatio": 0.2631578947,
        "incomeTaxExpense": 6800000,
        "netIncome": 10700000,
        "netIncomeRatio": 0.1609022556,
        "eps": 0.04,
        "epsdiluted": 0.04,
        "weightedAverageShsOut": 267500000,
        "weightedAverageShsOutDil": 267500000,
        "link": "",
        "finalLink": ""
    },
    {
        "date": "1993-09-30",
        "symbol": "XLNX",
        "reportedCurrency": "USD",
        "cik": "0000743988",
        "fillingDate": "1993-09-30",
        "acceptedDate": "1993-09-29 20:00:00",
        "calendarYear": "1994",
        "period": "Q2",
        "revenue": 60100000,
        "costOfRevenue": 20500000,
        "grossProfit": 39600000,
        "grossProfitRatio": 0.6589018303,
        "researchAndDevelopmentExpenses": 0,
        "generalAndAdministrativeExpenses": 0,
        "sellingAndMarketingExpenses": 0,
        "sellingGeneralAndAdministrativeExpenses": 22000000,
        "otherExpenses": 2400000,
        "operatingExpenses": 24400000,
        "costAndExpenses": 44900000,
        "interestIncome": 0,
        "interestExpense": 0,
        "depreciationAndAmortization": 2500000,
        "ebitda": 18200000,
        "ebitdaratio": 0.302828619,
        "operatingIncome": 15200000,
        "operatingIncomeRatio": 0.2529118136,
        "totalOtherIncomeExpensesNet": 500000,
        "incomeBeforeTax": 15700000,
        "incomeBeforeTaxRatio": 0.2612312812,
        "incomeTaxExpense": 6100000,
        "netIncome": 9600000,
        "netIncomeRatio": 0.159733777,
        "eps": 0.04,
        "epsdiluted": 0.04,
        "weightedAverageShsOut": 240000000,
        "weightedAverageShsOutDil": 240000000,
        "link": "",
        "finalLink": ""
    },
    {
        "date": "1993-06-30",
        "symbol": "XLNX",
        "reportedCurrency": "USD",
        "cik": "0000743988",
        "fillingDate": "1993-06-30",
        "acceptedDate": "1993-06-29 20:00:00",
        "calendarYear": "1994",
        "period": "Q1",
        "revenue": 54400000,
        "costOfRevenue": 18700000,
        "grossProfit": 35700000,
        "grossProfitRatio": 0.65625,
        "researchAndDevelopmentExpenses": 0,
        "generalAndAdministrativeExpenses": 0,
        "sellingAndMarketingExpenses": 0,
        "sellingGeneralAndAdministrativeExpenses": 19600000,
        "otherExpenses": 2300000,
        "operatingExpenses": 21900000,
        "costAndExpenses": 40600000,
        "interestIncome": 0,
        "interestExpense": 0,
        "depreciationAndAmortization": 2300000,
        "ebitda": 16600000,
        "ebitdaratio": 0.3051470588,
        "operatingIncome": 13800000,
        "operatingIncomeRatio": 0.2536764706,
        "totalOtherIncomeExpensesNet": 500000,
        "incomeBeforeTax": 14300000,
        "incomeBeforeTaxRatio": 0.2628676471,
        "incomeTaxExpense": 5400000,
        "netIncome": 8900000,
        "netIncomeRatio": 0.1636029412,
        "eps": 0.03,
        "epsdiluted": 0.03,
        "weightedAverageShsOut": 296666667,
        "weightedAverageShsOutDil": 296666667,
        "link": "",
        "finalLink": ""
    },
    {
        "date": "1993-03-31",
        "symbol": "XLNX",
        "reportedCurrency": "USD",
        "cik": "0000743988",
        "fillingDate": "1993-03-31",
        "acceptedDate": "1993-03-30 19:00:00",
        "calendarYear": "1993",
        "period": "Q4",
        "revenue": 50200000,
        "costOfRevenue": 17200000,
        "grossProfit": 33000000,
        "grossProfitRatio": 0.6573705179,
        "researchAndDevelopmentExpenses": 0,
        "generalAndAdministrativeExpenses": 0,
        "sellingAndMarketingExpenses": 0,
        "sellingGeneralAndAdministrativeExpenses": 18000000,
        "otherExpenses": 2600000,
        "operatingExpenses": 20600000,
        "costAndExpenses": 37800000,
        "interestIncome": 0,
        "interestExpense": 0,
        "depreciationAndAmortization": 2600000,
        "ebitda": 15500000,
        "ebitdaratio": 0.3087649402,
        "operatingIncome": 12400000,
        "operatingIncomeRatio": 0.2470119522,
        "totalOtherIncomeExpensesNet": 500000,
        "incomeBeforeTax": 12900000,
        "incomeBeforeTaxRatio": 0.2569721116,
        "incomeTaxExpense": 4900000,
        "netIncome": 8000000,
        "netIncomeRatio": 0.1593625498,
        "eps": 0.027,
        "epsdiluted": 0.027,
        "weightedAverageShsOut": 296666667,
        "weightedAverageShsOutDil": 296666667,
        "link": "",
        "finalLink": ""
    },
    {
        "date": "1992-12-31",
        "symbol": "XLNX",
        "reportedCurrency": "USD",
        "cik": "0000743988",
        "fillingDate": "1992-12-31",
        "acceptedDate": "1992-12-30 19:00:00",
        "calendarYear": "1993",
        "period": "Q3",
        "revenue": 46200000,
        "costOfRevenue": 16200000,
        "grossProfit": 30000000,
        "grossProfitRatio": 0.6493506494,
        "researchAndDevelopmentExpenses": 0,
        "generalAndAdministrativeExpenses": 0,
        "sellingAndMarketingExpenses": 0,
        "sellingGeneralAndAdministrativeExpenses": 17100000,
        "otherExpenses": 2000000,
        "operatingExpenses": 19100000,
        "costAndExpenses": 35300000,
        "interestIncome": 0,
        "interestExpense": 0,
        "depreciationAndAmortization": 2100000,
        "ebitda": 13400000,
        "ebitdaratio": 0.29004329,
        "operatingIncome": 10900000,
        "operatingIncomeRatio": 0.2359307359,
        "totalOtherIncomeExpensesNet": 400000,
        "incomeBeforeTax": 11300000,
        "incomeBeforeTaxRatio": 0.2445887446,
        "incomeTaxExpense": 4300000,
        "netIncome": 7000000,
        "netIncomeRatio": 0.1515151515,
        "eps": 0.03,
        "epsdiluted": 0.03,
        "weightedAverageShsOut": 233333333,
        "weightedAverageShsOutDil": 233333333,
        "link": "",
        "finalLink": ""
    },
    {
        "date": "1992-09-30",
        "symbol": "XLNX",
        "reportedCurrency": "USD",
        "cik": "0000743988",
        "fillingDate": "1992-09-30",
        "acceptedDate": "1992-09-29 20:00:00",
        "calendarYear": "1993",
        "period": "Q2",
        "revenue": 42500000,
        "costOfRevenue": 14600000,
        "grossProfit": 27900000,
        "grossProfitRatio": 0.6564705882,
        "researchAndDevelopmentExpenses": 0,
        "generalAndAdministrativeExpenses": 0,
        "sellingAndMarketingExpenses": 0,
        "sellingGeneralAndAdministrativeExpenses": 16400000,
        "otherExpenses": 1900000,
        "operatingExpenses": 18300000,
        "costAndExpenses": 32900000,
        "interestIncome": 0,
        "interestExpense": 0,
        "depreciationAndAmortization": 1900000,
        "ebitda": 11900000,
        "ebitdaratio": 0.28,
        "operatingIncome": 9600000,
        "operatingIncomeRatio": 0.2258823529,
        "totalOtherIncomeExpensesNet": 400000,
        "incomeBeforeTax": 10000000,
        "incomeBeforeTaxRatio": 0.2352941176,
        "incomeTaxExpense": 3700000,
        "netIncome": 6300000,
        "netIncomeRatio": 0.1482352941,
        "eps": 0.03,
        "epsdiluted": 0.03,
        "weightedAverageShsOut": 210000000,
        "weightedAverageShsOutDil": 210000000,
        "link": "",
        "finalLink": ""
    },
    {
        "date": "1992-06-30",
        "symbol": "XLNX",
        "reportedCurrency": "USD",
        "cik": "0000743988",
        "fillingDate": "1992-06-30",
        "acceptedDate": "1992-06-29 20:00:00",
        "calendarYear": "1993",
        "period": "Q1",
        "revenue": 39000000,
        "costOfRevenue": 12800000,
        "grossProfit": 26200000,
        "grossProfitRatio": 0.6717948718,
        "researchAndDevelopmentExpenses": 0,
        "generalAndAdministrativeExpenses": 0,
        "sellingAndMarketingExpenses": 0,
        "sellingGeneralAndAdministrativeExpenses": 15600000,
        "otherExpenses": 2000000,
        "operatingExpenses": 17600000,
        "costAndExpenses": 30400000,
        "interestIncome": 0,
        "interestExpense": 0,
        "depreciationAndAmortization": 2000000,
        "ebitda": 11400000,
        "ebitdaratio": 0.2923076923,
        "operatingIncome": 8600000,
        "operatingIncomeRatio": 0.2205128205,
        "totalOtherIncomeExpensesNet": 800000,
        "incomeBeforeTax": 9400000,
        "incomeBeforeTaxRatio": 0.241025641,
        "incomeTaxExpense": 3500000,
        "netIncome": 5900000,
        "netIncomeRatio": 0.1512820513,
        "eps": 0.02,
        "epsdiluted": 0.02,
        "weightedAverageShsOut": 295000000,
        "weightedAverageShsOutDil": 295000000,
        "link": "",
        "finalLink": ""
    },
    {
        "date": "1992-03-31",
        "symbol": "XLNX",
        "reportedCurrency": "USD",
        "cik": "0000743988",
        "fillingDate": "1992-03-31",
        "acceptedDate": "1992-03-30 19:00:00",
        "calendarYear": "1992",
        "period": "Q4",
        "revenue": 35400000,
        "costOfRevenue": 15400000,
        "grossProfit": 20000000,
        "grossProfitRatio": 0.5649717514,
        "researchAndDevelopmentExpenses": 0,
        "generalAndAdministrativeExpenses": 0,
        "sellingAndMarketingExpenses": 0,
        "sellingGeneralAndAdministrativeExpenses": 13600000,
        "otherExpenses": 1700000,
        "operatingExpenses": 15300000,
        "costAndExpenses": 30700000,
        "interestIncome": 0,
        "interestExpense": 0,
        "depreciationAndAmortization": 1700000,
        "ebitda": 7400000,
        "ebitdaratio": 0.209039548,
        "operatingIncome": 4700000,
        "operatingIncomeRatio": 0.1327683616,
        "totalOtherIncomeExpensesNet": 1000000,
        "incomeBeforeTax": 5700000,
        "incomeBeforeTaxRatio": 0.1610169492,
        "incomeTaxExpense": 2100000,
        "netIncome": 3600000,
        "netIncomeRatio": 0.1016949153,
        "eps": 0.0122,
        "epsdiluted": 0.0122,
        "weightedAverageShsOut": 295000000,
        "weightedAverageShsOutDil": 295000000,
        "link": "",
        "finalLink": ""
    },
    {
        "date": "1991-12-31",
        "symbol": "XLNX",
        "reportedCurrency": "USD",
        "cik": "0000743988",
        "fillingDate": "1991-12-31",
        "acceptedDate": "1991-12-30 19:00:00",
        "calendarYear": "1992",
        "period": "Q3",
        "revenue": 32200000,
        "costOfRevenue": 10500000,
        "grossProfit": 21700000,
        "grossProfitRatio": 0.6739130435,
        "researchAndDevelopmentExpenses": 0,
        "generalAndAdministrativeExpenses": 0,
        "sellingAndMarketingExpenses": 0,
        "sellingGeneralAndAdministrativeExpenses": 11900000,
        "otherExpenses": 1600000,
        "operatingExpenses": 13500000,
        "costAndExpenses": 24000000,
        "interestIncome": 0,
        "interestExpense": 0,
        "depreciationAndAmortization": 1600000,
        "ebitda": 10700000,
        "ebitdaratio": 0.3322981366,
        "operatingIncome": 8200000,
        "operatingIncomeRatio": 0.2546583851,
        "totalOtherIncomeExpensesNet": 900000,
        "incomeBeforeTax": 9100000,
        "incomeBeforeTaxRatio": 0.2826086957,
        "incomeTaxExpense": 3400000,
        "netIncome": 5700000,
        "netIncomeRatio": 0.1770186335,
        "eps": 0.02,
        "epsdiluted": 0.02,
        "weightedAverageShsOut": 285000000,
        "weightedAverageShsOutDil": 285000000,
        "link": "",
        "finalLink": ""
    },
    {
        "date": "1991-09-30",
        "symbol": "XLNX",
        "reportedCurrency": "USD",
        "cik": "0000743988",
        "fillingDate": "1991-09-30",
        "acceptedDate": "1991-09-29 20:00:00",
        "calendarYear": "1992",
        "period": "Q2",
        "revenue": 35000000,
        "costOfRevenue": 12100000,
        "grossProfit": 22900000,
        "grossProfitRatio": 0.6542857143,
        "researchAndDevelopmentExpenses": 0,
        "generalAndAdministrativeExpenses": 0,
        "sellingAndMarketingExpenses": 0,
        "sellingGeneralAndAdministrativeExpenses": 12500000,
        "otherExpenses": 1400000,
        "operatingExpenses": 13900000,
        "costAndExpenses": 26000000,
        "interestIncome": 0,
        "interestExpense": 0,
        "depreciationAndAmortization": 1400000,
        "ebitda": 11300000,
        "ebitdaratio": 0.3228571429,
        "operatingIncome": 9000000,
        "operatingIncomeRatio": 0.2571428571,
        "totalOtherIncomeExpensesNet": 900000,
        "incomeBeforeTax": 9900000,
        "incomeBeforeTaxRatio": 0.2828571429,
        "incomeTaxExpense": 3700000,
        "netIncome": 6200000,
        "netIncomeRatio": 0.1771428571,
        "eps": 0.0216,
        "epsdiluted": 0.03,
        "weightedAverageShsOut": 287500000,
        "weightedAverageShsOutDil": 287500000,
        "link": "",
        "finalLink": ""
    },
    {
        "date": "1991-06-30",
        "symbol": "XLNX",
        "reportedCurrency": "USD",
        "cik": "0000743988",
        "fillingDate": "1991-06-30",
        "acceptedDate": "1991-06-29 20:00:00",
        "calendarYear": "1992",
        "period": "Q1",
        "revenue": 33200000,
        "costOfRevenue": 11900000,
        "grossProfit": 21300000,
        "grossProfitRatio": 0.6415662651,
        "researchAndDevelopmentExpenses": 0,
        "generalAndAdministrativeExpenses": 0,
        "sellingAndMarketingExpenses": 0,
        "sellingGeneralAndAdministrativeExpenses": 12100000,
        "otherExpenses": 900000,
        "operatingExpenses": 13000000,
        "costAndExpenses": 24900000,
        "interestIncome": 0,
        "interestExpense": 0,
        "depreciationAndAmortization": 900000,
        "ebitda": 10100000,
        "ebitdaratio": 0.3042168675,
        "operatingIncome": 8300000,
        "operatingIncomeRatio": 0.25,
        "totalOtherIncomeExpensesNet": 900000,
        "incomeBeforeTax": 9200000,
        "incomeBeforeTaxRatio": 0.2771084337,
        "incomeTaxExpense": 3400000,
        "netIncome": 5800000,
        "netIncomeRatio": 0.1746987952,
        "eps": 0.02,
        "epsdiluted": 0.02,
        "weightedAverageShsOut": 290000000,
        "weightedAverageShsOutDil": 290000000,
        "link": "",
        "finalLink": ""
    },
    {
        "date": "1991-03-31",
        "symbol": "XLNX",
        "reportedCurrency": "USD",
        "cik": "0000743988",
        "fillingDate": "1991-03-31",
        "acceptedDate": "1991-03-30 19:00:00",
        "calendarYear": "1991",
        "period": "Q4",
        "revenue": 29700000,
        "costOfRevenue": 10500000,
        "grossProfit": 19200000,
        "grossProfitRatio": 0.6464646465,
        "researchAndDevelopmentExpenses": 0,
        "generalAndAdministrativeExpenses": 0,
        "sellingAndMarketingExpenses": 0,
        "sellingGeneralAndAdministrativeExpenses": 11000000,
        "otherExpenses": 1100000,
        "operatingExpenses": 12100000,
        "costAndExpenses": 22600000,
        "interestIncome": 0,
        "interestExpense": 0,
        "depreciationAndAmortization": 1100000,
        "ebitda": 9200000,
        "ebitdaratio": 0.3097643098,
        "operatingIncome": 7100000,
        "operatingIncomeRatio": 0.2390572391,
        "totalOtherIncomeExpensesNet": 1000000,
        "incomeBeforeTax": 8100000,
        "incomeBeforeTaxRatio": 0.2727272727,
        "incomeTaxExpense": 3100000,
        "netIncome": 5000000,
        "netIncomeRatio": 0.1683501684,
        "eps": 0.0172,
        "epsdiluted": 0.0172,
        "weightedAverageShsOut": 290000000,
        "weightedAverageShsOutDil": 290000000,
        "link": "",
        "finalLink": ""
    },
    {
        "date": "1990-12-31",
        "symbol": "XLNX",
        "reportedCurrency": "USD",
        "cik": "0000743988",
        "fillingDate": "1990-12-31",
        "acceptedDate": "1990-12-30 19:00:00",
        "calendarYear": "1991",
        "period": "Q3",
        "revenue": 26300000,
        "costOfRevenue": 9500000,
        "grossProfit": 16800000,
        "grossProfitRatio": 0.63878327,
        "researchAndDevelopmentExpenses": 0,
        "generalAndAdministrativeExpenses": 0,
        "sellingAndMarketingExpenses": 0,
        "sellingGeneralAndAdministrativeExpenses": 9900000,
        "otherExpenses": 900000,
        "operatingExpenses": 10800000,
        "costAndExpenses": 20300000,
        "interestIncome": 0,
        "interestExpense": 0,
        "depreciationAndAmortization": 900000,
        "ebitda": 7900000,
        "ebitdaratio": 0.3003802281,
        "operatingIncome": 6000000,
        "operatingIncomeRatio": 0.2281368821,
        "totalOtherIncomeExpensesNet": 1000000,
        "incomeBeforeTax": 7000000,
        "incomeBeforeTaxRatio": 0.2661596958,
        "incomeTaxExpense": 2700000,
        "netIncome": 4300000,
        "netIncomeRatio": 0.1634980989,
        "eps": 0.02,
        "epsdiluted": 0.02,
        "weightedAverageShsOut": 215000000,
        "weightedAverageShsOutDil": 215000000,
        "link": "",
        "finalLink": ""
    },
    {
        "date": "1990-09-30",
        "symbol": "XLNX",
        "reportedCurrency": "USD",
        "cik": "0000743988",
        "fillingDate": "1990-09-30",
        "acceptedDate": "1990-09-29 20:00:00",
        "calendarYear": "1991",
        "period": "Q2",
        "revenue": 23100000,
        "costOfRevenue": 8500000,
        "grossProfit": 14600000,
        "grossProfitRatio": 0.632034632,
        "researchAndDevelopmentExpenses": 0,
        "generalAndAdministrativeExpenses": 0,
        "sellingAndMarketingExpenses": 0,
        "sellingGeneralAndAdministrativeExpenses": 8700000,
        "otherExpenses": 600000,
        "operatingExpenses": 9300000,
        "costAndExpenses": 17800000,
        "interestIncome": 0,
        "interestExpense": 0,
        "depreciationAndAmortization": 600000,
        "ebitda": 6600000,
        "ebitdaratio": 0.2857142857,
        "operatingIncome": 5300000,
        "operatingIncomeRatio": 0.2294372294,
        "totalOtherIncomeExpensesNet": 700000,
        "incomeBeforeTax": 6000000,
        "incomeBeforeTaxRatio": 0.2597402597,
        "incomeTaxExpense": 2300000,
        "netIncome": 3700000,
        "netIncomeRatio": 0.1601731602,
        "eps": 0.0137,
        "epsdiluted": 0.0137,
        "weightedAverageShsOut": 270176000,
        "weightedAverageShsOutDil": 270176000,
        "link": "",
        "finalLink": ""
    },
    {
        "date": "1990-06-30",
        "symbol": "XLNX",
        "reportedCurrency": "USD",
        "cik": "0000743988",
        "fillingDate": "1990-06-30",
        "acceptedDate": "1990-06-29 20:00:00",
        "calendarYear": "1991",
        "period": "Q1",
        "revenue": 18500000,
        "costOfRevenue": 6700000,
        "grossProfit": 11800000,
        "grossProfitRatio": 0.6378378378,
        "researchAndDevelopmentExpenses": 0,
        "generalAndAdministrativeExpenses": 0,
        "sellingAndMarketingExpenses": 0,
        "sellingGeneralAndAdministrativeExpenses": 7100000,
        "otherExpenses": 500000,
        "operatingExpenses": 7600000,
        "costAndExpenses": 14300000,
        "interestIncome": 0,
        "interestExpense": 0,
        "depreciationAndAmortization": 500000,
        "ebitda": 5000000,
        "ebitdaratio": 0.2702702703,
        "operatingIncome": 4200000,
        "operatingIncomeRatio": 0.227027027,
        "totalOtherIncomeExpensesNet": 300000,
        "incomeBeforeTax": 4500000,
        "incomeBeforeTaxRatio": 0.2432432432,
        "incomeTaxExpense": 1700000,
        "netIncome": 2800000,
        "netIncomeRatio": 0.1513513514,
        "eps": 0.0104,
        "epsdiluted": 0.0104,
        "weightedAverageShsOut": 269896000,
        "weightedAverageShsOutDil": 269896000,
        "link": "",
        "finalLink": ""
    },
    {
        "date": "1990-03-31",
        "symbol": "XLNX",
        "reportedCurrency": "USD",
        "cik": "0000743988",
        "fillingDate": "1990-03-31",
        "acceptedDate": "1990-03-30 19:00:00",
        "calendarYear": "1990",
        "period": "Q4",
        "revenue": 12500000,
        "costOfRevenue": 0,
        "grossProfit": 12500000,
        "grossProfitRatio": 1,
        "researchAndDevelopmentExpenses": 0,
        "generalAndAdministrativeExpenses": 0,
        "sellingAndMarketingExpenses": 0,
        "sellingGeneralAndAdministrativeExpenses": 0,
        "otherExpenses": -41100000,
        "operatingExpenses": -41100000,
        "costAndExpenses": -41100000,
        "interestIncome": 0,
        "interestExpense": 0,
        "depreciationAndAmortization": 0,
        "ebitda": -28600000,
        "ebitdaratio": -2.288,
        "operatingIncome": -28600000,
        "operatingIncomeRatio": -2.288,
        "totalOtherIncomeExpensesNet": 0,
        "incomeBeforeTax": 0,
        "incomeBeforeTaxRatio": 0,
        "incomeTaxExpense": 0,
        "netIncome": 0,
        "netIncomeRatio": 0,
        "eps": 0,
        "epsdiluted": 0,
        "weightedAverageShsOut": 269896000,
        "weightedAverageShsOutDil": 269896000,
        "link": "",
        "finalLink": ""
    },
    {
        "date": "1989-12-31",
        "symbol": "XLNX",
        "reportedCurrency": "USD",
        "cik": "0000743988",
        "fillingDate": "1989-12-31",
        "acceptedDate": "1989-12-30 19:00:00",
        "calendarYear": "1990",
        "period": "Q3",
        "revenue": 12500000,
        "costOfRevenue": 0,
        "grossProfit": 12500000,
        "grossProfitRatio": 1,
        "researchAndDevelopmentExpenses": 0,
        "generalAndAdministrativeExpenses": 0,
        "sellingAndMarketingExpenses": 0,
        "sellingGeneralAndAdministrativeExpenses": 0,
        "otherExpenses": 0,
        "operatingExpenses": 0,
        "costAndExpenses": 0,
        "interestIncome": 0,
        "interestExpense": 0,
        "depreciationAndAmortization": 0,
        "ebitda": 12500000,
        "ebitdaratio": 1,
        "operatingIncome": 12500000,
        "operatingIncomeRatio": 1,
        "totalOtherIncomeExpensesNet": 0,
        "incomeBeforeTax": 0,
        "incomeBeforeTaxRatio": 0,
        "incomeTaxExpense": 0,
        "netIncome": 0,
        "netIncomeRatio": 0,
        "eps": 0,
        "epsdiluted": 0,
        "weightedAverageShsOut": 269896000,
        "weightedAverageShsOutDil": 269896000,
        "link": "",
        "finalLink": ""
    },
    {
        "date": "1989-09-30",
        "symbol": "XLNX",
        "reportedCurrency": "USD",
        "cik": "0000743988",
        "fillingDate": "1989-09-30",
        "acceptedDate": "1989-09-29 20:00:00",
        "calendarYear": "1990",
        "period": "Q2",
        "revenue": 12500000,
        "costOfRevenue": 0,
        "grossProfit": 12500000,
        "grossProfitRatio": 1,
        "researchAndDevelopmentExpenses": 0,
        "generalAndAdministrativeExpenses": 0,
        "sellingAndMarketingExpenses": 0,
        "sellingGeneralAndAdministrativeExpenses": 0,
        "otherExpenses": 0,
        "operatingExpenses": 0,
        "costAndExpenses": 0,
        "interestIncome": 0,
        "interestExpense": 0,
        "depreciationAndAmortization": 0,
        "ebitda": 12500000,
        "ebitdaratio": 1,
        "operatingIncome": 12500000,
        "operatingIncomeRatio": 1,
        "totalOtherIncomeExpensesNet": 0,
        "incomeBeforeTax": 0,
        "incomeBeforeTaxRatio": 0,
        "incomeTaxExpense": 0,
        "netIncome": 0,
        "netIncomeRatio": 0,
        "eps": 0,
        "epsdiluted": 0,
        "weightedAverageShsOut": 269896000,
        "weightedAverageShsOutDil": 269896000,
        "link": "",
        "finalLink": ""
    },
    {
        "date": "1989-06-30",
        "symbol": "XLNX",
        "reportedCurrency": "USD",
        "cik": "0000743988",
        "fillingDate": "1989-06-30",
        "acceptedDate": "1989-06-29 20:00:00",
        "calendarYear": "1990",
        "period": "Q1",
        "revenue": 12400000,
        "costOfRevenue": 0,
        "grossProfit": 12400000,
        "grossProfitRatio": 1,
        "researchAndDevelopmentExpenses": 0,
        "generalAndAdministrativeExpenses": 0,
        "sellingAndMarketingExpenses": 0,
        "sellingGeneralAndAdministrativeExpenses": 0,
        "otherExpenses": 0,
        "operatingExpenses": 0,
        "costAndExpenses": 0,
        "interestIncome": 0,
        "interestExpense": 0,
        "depreciationAndAmortization": 0,
        "ebitda": 12400000,
        "ebitdaratio": 1,
        "operatingIncome": 12400000,
        "operatingIncomeRatio": 1,
        "totalOtherIncomeExpensesNet": 0,
        "incomeBeforeTax": 0,
        "incomeBeforeTaxRatio": 0,
        "incomeTaxExpense": 0,
        "netIncome": 0,
        "netIncomeRatio": 0,
        "eps": 0,
        "epsdiluted": 0,
        "weightedAverageShsOut": 269896000,
        "weightedAverageShsOutDil": 269896000,
        "link": "",
        "finalLink": ""
    },
    {
        "date": "1989-03-31",
        "symbol": "XLNX",
        "reportedCurrency": "USD",
        "cik": "0000743988",
        "fillingDate": "1989-03-31",
        "acceptedDate": "1989-03-30 19:00:00",
        "calendarYear": "1989",
        "period": "Q4",
        "revenue": 7600000,
        "costOfRevenue": 0,
        "grossProfit": 7600000,
        "grossProfitRatio": 1,
        "researchAndDevelopmentExpenses": 0,
        "generalAndAdministrativeExpenses": 0,
        "sellingAndMarketingExpenses": 0,
        "sellingGeneralAndAdministrativeExpenses": 0,
        "otherExpenses": -26000000,
        "operatingExpenses": -26000000,
        "costAndExpenses": -26000000,
        "interestIncome": 0,
        "interestExpense": 0,
        "depreciationAndAmortization": 0,
        "ebitda": -18400000,
        "ebitdaratio": -2.4210526316,
        "operatingIncome": -18400000,
        "operatingIncomeRatio": -2.4210526316,
        "totalOtherIncomeExpensesNet": 0,
        "incomeBeforeTax": 0,
        "incomeBeforeTaxRatio": 0,
        "incomeTaxExpense": 0,
        "netIncome": 0,
        "netIncomeRatio": 0,
        "eps": 0,
        "epsdiluted": 0,
        "weightedAverageShsOut": 269896000,
        "weightedAverageShsOutDil": 269896000,
        "link": "",
        "finalLink": ""
    },
    {
        "date": "1988-12-31",
        "symbol": "XLNX",
        "reportedCurrency": "USD",
        "cik": "0000743988",
        "fillingDate": "1988-12-31",
        "acceptedDate": "1988-12-30 19:00:00",
        "calendarYear": "1989",
        "period": "Q3",
        "revenue": 7600000,
        "costOfRevenue": 0,
        "grossProfit": 7600000,
        "grossProfitRatio": 1,
        "researchAndDevelopmentExpenses": 0,
        "generalAndAdministrativeExpenses": 0,
        "sellingAndMarketingExpenses": 0,
        "sellingGeneralAndAdministrativeExpenses": 0,
        "otherExpenses": 0,
        "operatingExpenses": 0,
        "costAndExpenses": 0,
        "interestIncome": 0,
        "interestExpense": 0,
        "depreciationAndAmortization": 0,
        "ebitda": 7600000,
        "ebitdaratio": 1,
        "operatingIncome": 7600000,
        "operatingIncomeRatio": 1,
        "totalOtherIncomeExpensesNet": 0,
        "incomeBeforeTax": 0,
        "incomeBeforeTaxRatio": 0,
        "incomeTaxExpense": 0,
        "netIncome": 0,
        "netIncomeRatio": 0,
        "eps": 0,
        "epsdiluted": 0,
        "weightedAverageShsOut": 269896000,
        "weightedAverageShsOutDil": 269896000,
        "link": "",
        "finalLink": ""
    },
    {
        "date": "1988-09-30",
        "symbol": "XLNX",
        "reportedCurrency": "USD",
        "cik": "0000743988",
        "fillingDate": "1988-09-30",
        "acceptedDate": "1988-09-29 20:00:00",
        "calendarYear": "1989",
        "period": "Q2",
        "revenue": 7600000,
        "costOfRevenue": 0,
        "grossProfit": 7600000,
        "grossProfitRatio": 1,
        "researchAndDevelopmentExpenses": 0,
        "generalAndAdministrativeExpenses": 0,
        "sellingAndMarketingExpenses": 0,
        "sellingGeneralAndAdministrativeExpenses": 0,
        "otherExpenses": 0,
        "operatingExpenses": 0,
        "costAndExpenses": 0,
        "interestIncome": 0,
        "interestExpense": 0,
        "depreciationAndAmortization": 0,
        "ebitda": 7600000,
        "ebitdaratio": 1,
        "operatingIncome": 7600000,
        "operatingIncomeRatio": 1,
        "totalOtherIncomeExpensesNet": 0,
        "incomeBeforeTax": 0,
        "incomeBeforeTaxRatio": 0,
        "incomeTaxExpense": 0,
        "netIncome": 0,
        "netIncomeRatio": 0,
        "eps": 0,
        "epsdiluted": 0,
        "weightedAverageShsOut": 269896000,
        "weightedAverageShsOutDil": 269896000,
        "link": "",
        "finalLink": ""
    },
    {
        "date": "1988-06-30",
        "symbol": "XLNX",
        "reportedCurrency": "USD",
        "cik": "0000743988",
        "fillingDate": "1988-06-30",
        "acceptedDate": "1988-06-29 20:00:00",
        "calendarYear": "1989",
        "period": "Q1",
        "revenue": 7600000,
        "costOfRevenue": 0,
        "grossProfit": 7600000,
        "grossProfitRatio": 1,
        "researchAndDevelopmentExpenses": 0,
        "generalAndAdministrativeExpenses": 0,
        "sellingAndMarketingExpenses": 0,
        "sellingGeneralAndAdministrativeExpenses": 0,
        "otherExpenses": 0,
        "operatingExpenses": 0,
        "costAndExpenses": 0,
        "interestIncome": 0,
        "interestExpense": 0,
        "depreciationAndAmortization": 0,
        "ebitda": 7600000,
        "ebitdaratio": 1,
        "operatingIncome": 7600000,
        "operatingIncomeRatio": 1,
        "totalOtherIncomeExpensesNet": 0,
        "incomeBeforeTax": 0,
        "incomeBeforeTaxRatio": 0,
        "incomeTaxExpense": 0,
        "netIncome": 0,
        "netIncomeRatio": 0,
        "eps": 0,
        "epsdiluted": 0,
        "weightedAverageShsOut": 269896000,
        "weightedAverageShsOutDil": 269896000,
        "link": "",
        "finalLink": ""
    }
]