[
    {
        "date": "2025-09-30",
        "symbol": "ZION",
        "reportedCurrency": "USD",
        "cik": "0000109380",
        "fillingDate": "2025-10-20",
        "acceptedDate": "2025-10-20 16:06:57",
        "calendarYear": "2025",
        "period": "Q3",
        "revenue": 1253000000,
        "costOfRevenue": 441000000,
        "grossProfit": 812000000,
        "grossProfitRatio": 0.6480446927,
        "researchAndDevelopmentExpenses": 70000000,
        "generalAndAdministrativeExpenses": 393000000,
        "sellingAndMarketingExpenses": 11000000,
        "sellingGeneralAndAdministrativeExpenses": 404000000,
        "otherExpenses": 53000000,
        "operatingExpenses": 527000000,
        "costAndExpenses": 968000000,
        "interestIncome": 1064000000,
        "interestExpense": 392000000,
        "depreciationAndAmortization": 0,
        "ebitda": 285000000,
        "ebitdaratio": 0.2274541101,
        "operatingIncome": 285000000,
        "operatingIncomeRatio": 0.2274541101,
        "totalOtherIncomeExpensesNet": 0,
        "incomeBeforeTax": 285000000,
        "incomeBeforeTaxRatio": 0.2274541101,
        "incomeTaxExpense": 63000000,
        "netIncome": 222000000,
        "netIncomeRatio": 0.1771747805,
        "eps": 1.5,
        "epsdiluted": 1.48,
        "weightedAverageShsOut": 147045000,
        "weightedAverageShsOutDil": 147125000,
        "link": "https://www.sec.gov/Archives/edgar/data/109380/000010938025000124/0000109380-25-000124-index.htm",
        "finalLink": "https://www.sec.gov/Archives/edgar/data/109380/000010938025000124/exh991earningsrelease20250.htm"
    },
    {
        "date": "2025-06-30",
        "symbol": "ZION",
        "reportedCurrency": "USD",
        "cik": "0000109380",
        "fillingDate": "2025-08-07",
        "acceptedDate": "2025-08-07 14:45:27",
        "calendarYear": "2025",
        "period": "Q2",
        "revenue": 1241000000,
        "costOfRevenue": 402000000,
        "grossProfit": 839000000,
        "grossProfitRatio": 0.6760676873,
        "researchAndDevelopmentExpenses": 0,
        "generalAndAdministrativeExpenses": 356000000,
        "sellingAndMarketingExpenses": 12000000,
        "sellingGeneralAndAdministrativeExpenses": 368000000,
        "otherExpenses": 159000000,
        "operatingExpenses": 527000000,
        "costAndExpenses": 929000000,
        "interestIncome": 1051000000,
        "interestExpense": 403000000,
        "depreciationAndAmortization": 29000000,
        "ebitda": 341000000,
        "ebitdaratio": 0.2747784045,
        "operatingIncome": 312000000,
        "operatingIncomeRatio": 0.2514101531,
        "totalOtherIncomeExpensesNet": 0,
        "incomeBeforeTax": 312000000,
        "incomeBeforeTaxRatio": 0.2514101531,
        "incomeTaxExpense": 68000000,
        "netIncome": 244000000,
        "netIncomeRatio": 0.1966156326,
        "eps": 1.63,
        "epsdiluted": 1.63,
        "weightedAverageShsOut": 147044000,
        "weightedAverageShsOutDil": 147053000,
        "link": "https://www.sec.gov/Archives/edgar/data/109380/000010938025000102/0000109380-25-000102-index.htm",
        "finalLink": "https://www.sec.gov/Archives/edgar/data/109380/000010938025000102/zions-20250630.htm"
    },
    {
        "date": "2025-03-31",
        "symbol": "ZION",
        "reportedCurrency": "USD",
        "cik": "0000109380",
        "fillingDate": "2025-05-08",
        "acceptedDate": "2025-05-08 16:59:37",
        "calendarYear": "2025",
        "period": "Q1",
        "revenue": 1199000000,
        "costOfRevenue": 422000000,
        "grossProfit": 777000000,
        "grossProfitRatio": 0.6480400334,
        "researchAndDevelopmentExpenses": 0,
        "generalAndAdministrativeExpenses": 364000000,
        "sellingAndMarketingExpenses": 11000000,
        "sellingGeneralAndAdministrativeExpenses": 375000000,
        "otherExpenses": 163000000,
        "operatingExpenses": 538000000,
        "costAndExpenses": 960000000,
        "interestIncome": 1028000000,
        "interestExpense": 404000000,
        "depreciationAndAmortization": 28000000,
        "ebitda": 267000000,
        "ebitdaratio": 0.2226855713,
        "operatingIncome": 239000000,
        "operatingIncomeRatio": 0.1993327773,
        "totalOtherIncomeExpensesNet": 0,
        "incomeBeforeTax": 239000000,
        "incomeBeforeTaxRatio": 0.1993327773,
        "incomeTaxExpense": 69000000,
        "netIncome": 170000000,
        "netIncomeRatio": 0.1417848207,
        "eps": 1.13,
        "epsdiluted": 1.13,
        "weightedAverageShsOut": 147321000,
        "weightedAverageShsOutDil": 147387000,
        "link": "https://www.sec.gov/Archives/edgar/data/109380/000010938025000084/0000109380-25-000084-index.htm",
        "finalLink": "https://www.sec.gov/Archives/edgar/data/109380/000010938025000084/zions-20250331.htm"
    },
    {
        "date": "2024-12-31",
        "symbol": "ZION",
        "reportedCurrency": "USD",
        "cik": "0000109380",
        "fillingDate": "2025-02-25",
        "acceptedDate": "2025-02-25 15:24:12",
        "calendarYear": "2024",
        "period": "Q4",
        "revenue": 1255000000,
        "costOfRevenue": 476000000,
        "grossProfit": 779000000,
        "grossProfitRatio": 0.6207171315,
        "researchAndDevelopmentExpenses": 0,
        "generalAndAdministrativeExpenses": 343000000,
        "sellingAndMarketingExpenses": 10000000,
        "sellingGeneralAndAdministrativeExpenses": 353000000,
        "otherExpenses": 156000000,
        "operatingExpenses": 509000000,
        "costAndExpenses": 985000000,
        "interestIncome": 1062000000,
        "interestExpense": 435000000,
        "depreciationAndAmortization": 29000000,
        "ebitda": 299000000,
        "ebitdaratio": 0.238247012,
        "operatingIncome": 270000000,
        "operatingIncomeRatio": 0.2151394422,
        "totalOtherIncomeExpensesNet": 0,
        "incomeBeforeTax": 270000000,
        "incomeBeforeTaxRatio": 0.2151394422,
        "incomeTaxExpense": 54000000,
        "netIncome": 216000000,
        "netIncomeRatio": 0.1721115538,
        "eps": 1.34,
        "epsdiluted": 1.34,
        "weightedAverageShsOut": 147247000,
        "weightedAverageShsOutDil": 147329000,
        "link": "https://www.sec.gov/Archives/edgar/data/109380/000010938025000040/0000109380-25-000040-index.htm",
        "finalLink": "https://www.sec.gov/Archives/edgar/data/109380/000010938025000040/zions-20241231.htm"
    },
    {
        "date": "2024-09-30",
        "symbol": "ZION",
        "reportedCurrency": "USD",
        "cik": "0000109380",
        "fillingDate": "2024-11-07",
        "acceptedDate": "2024-11-07 14:10:23",
        "calendarYear": "2024",
        "period": "Q3",
        "revenue": 1276000000,
        "costOfRevenue": 497000000,
        "grossProfit": 779000000,
        "grossProfitRatio": 0.6105015674,
        "researchAndDevelopmentExpenses": 0,
        "generalAndAdministrativeExpenses": 335000000,
        "sellingAndMarketingExpenses": 12000000,
        "sellingGeneralAndAdministrativeExpenses": 347000000,
        "otherExpenses": 155000000,
        "operatingExpenses": 502000000,
        "costAndExpenses": 999000000,
        "interestIncome": 1104000000,
        "interestExpense": 484000000,
        "depreciationAndAmortization": 32000000,
        "ebitda": 309000000,
        "ebitdaratio": 0.2421630094,
        "operatingIncome": 277000000,
        "operatingIncomeRatio": 0.2170846395,
        "totalOtherIncomeExpensesNet": 0,
        "incomeBeforeTax": 277000000,
        "incomeBeforeTaxRatio": 0.2170846395,
        "incomeTaxExpense": 63000000,
        "netIncome": 214000000,
        "netIncomeRatio": 0.1677115987,
        "eps": 1.37,
        "epsdiluted": 1.37,
        "weightedAverageShsOut": 147138000,
        "weightedAverageShsOutDil": 147150000,
        "link": "https://www.sec.gov/Archives/edgar/data/109380/000010938024000134/0000109380-24-000134-index.htm",
        "finalLink": "https://www.sec.gov/Archives/edgar/data/109380/000010938024000134/zions-20240930.htm"
    },
    {
        "date": "2024-06-30",
        "symbol": "ZION",
        "reportedCurrency": "USD",
        "cik": "0000109380",
        "fillingDate": "2024-08-07",
        "acceptedDate": "2024-08-07 14:07:24",
        "calendarYear": "2024",
        "period": "Q2",
        "revenue": 1243000000,
        "costOfRevenue": 481000000,
        "grossProfit": 762000000,
        "grossProfitRatio": 0.6130329847,
        "researchAndDevelopmentExpenses": 0,
        "generalAndAdministrativeExpenses": 337000000,
        "sellingAndMarketingExpenses": 13000000,
        "sellingGeneralAndAdministrativeExpenses": 350000000,
        "otherExpenses": 150000000,
        "operatingExpenses": 500000000,
        "costAndExpenses": 981000000,
        "interestIncome": 1073000000,
        "interestExpense": 476000000,
        "depreciationAndAmortization": 31000000,
        "ebitda": 293000000,
        "ebitdaratio": 0.2357200322,
        "operatingIncome": 262000000,
        "operatingIncomeRatio": 0.2107803701,
        "totalOtherIncomeExpensesNet": 0,
        "incomeBeforeTax": 262000000,
        "incomeBeforeTaxRatio": 0.2107803701,
        "incomeTaxExpense": 61000000,
        "netIncome": 201000000,
        "netIncomeRatio": 0.1617055511,
        "eps": 1.28,
        "epsdiluted": 1.28,
        "weightedAverageShsOut": 147115000,
        "weightedAverageShsOutDil": 147120000,
        "link": "https://www.sec.gov/Archives/edgar/data/109380/000010938024000124/0000109380-24-000124-index.htm",
        "finalLink": "https://www.sec.gov/Archives/edgar/data/109380/000010938024000124/zions-20240630.htm"
    },
    {
        "date": "2024-03-31",
        "symbol": "ZION",
        "reportedCurrency": "USD",
        "cik": "0000109380",
        "fillingDate": "2024-05-08",
        "acceptedDate": "2024-05-08 14:10:22",
        "calendarYear": "2024",
        "period": "Q1",
        "revenue": 1210000000,
        "costOfRevenue": 481000000,
        "grossProfit": 729000000,
        "grossProfitRatio": 0.6024793388,
        "researchAndDevelopmentExpenses": 0,
        "generalAndAdministrativeExpenses": 352000000,
        "sellingAndMarketingExpenses": 10000000,
        "sellingGeneralAndAdministrativeExpenses": 362000000,
        "otherExpenses": 164000000,
        "operatingExpenses": 526000000,
        "costAndExpenses": 1007000000,
        "interestIncome": 1054000000,
        "interestExpense": 468000000,
        "depreciationAndAmortization": 32000000,
        "ebitda": 235000000,
        "ebitdaratio": 0.194214876,
        "operatingIncome": 203000000,
        "operatingIncomeRatio": 0.167768595,
        "totalOtherIncomeExpensesNet": 0,
        "incomeBeforeTax": 203000000,
        "incomeBeforeTaxRatio": 0.167768595,
        "incomeTaxExpense": 50000000,
        "netIncome": 153000000,
        "netIncomeRatio": 0.126446281,
        "eps": 0.96,
        "epsdiluted": 0.96,
        "weightedAverageShsOut": 147338000,
        "weightedAverageShsOutDil": 147343000,
        "link": "https://www.sec.gov/Archives/edgar/data/109380/000010938024000108/0000109380-24-000108-index.htm",
        "finalLink": "https://www.sec.gov/Archives/edgar/data/109380/000010938024000108/zions-20240331.htm"
    },
    {
        "date": "2023-12-31",
        "symbol": "ZION",
        "reportedCurrency": "USD",
        "cik": "0000109380",
        "fillingDate": "2024-02-23",
        "acceptedDate": "2024-02-23 12:52:26",
        "calendarYear": "2023",
        "period": "Q4",
        "revenue": 1188000000,
        "costOfRevenue": 457000000,
        "grossProfit": 731000000,
        "grossProfitRatio": 0.6153198653,
        "researchAndDevelopmentExpenses": 0,
        "generalAndAdministrativeExpenses": 321000000,
        "sellingAndMarketingExpenses": 11000000,
        "sellingGeneralAndAdministrativeExpenses": 332000000,
        "otherExpenses": 249000000,
        "operatingExpenses": 581000000,
        "costAndExpenses": 1038000000,
        "interestIncome": 1040000000,
        "interestExpense": 457000000,
        "depreciationAndAmortization": 32000000,
        "ebitda": 182000000,
        "ebitdaratio": 0.1531986532,
        "operatingIncome": 150000000,
        "operatingIncomeRatio": 0.1262626263,
        "totalOtherIncomeExpensesNet": 0,
        "incomeBeforeTax": 150000000,
        "incomeBeforeTaxRatio": 0.1262626263,
        "incomeTaxExpense": 24000000,
        "netIncome": 126000000,
        "netIncomeRatio": 0.1060606061,
        "eps": 0.78,
        "epsdiluted": 0.78,
        "weightedAverageShsOut": 147640000,
        "weightedAverageShsOutDil": 147645000,
        "link": "https://www.sec.gov/Archives/edgar/data/109380/000010938024000061/0000109380-24-000061-index.htm",
        "finalLink": "https://www.sec.gov/Archives/edgar/data/109380/000010938024000061/zions-20231231.htm"
    },
    {
        "date": "2023-09-30",
        "symbol": "ZION",
        "reportedCurrency": "USD",
        "cik": "0000109380",
        "fillingDate": "2023-11-03",
        "acceptedDate": "2023-11-03 14:00:20",
        "calendarYear": "2023",
        "period": "Q3",
        "revenue": 1190000000,
        "costOfRevenue": 466000000,
        "grossProfit": 724000000,
        "grossProfitRatio": 0.6084033613,
        "researchAndDevelopmentExpenses": 0,
        "generalAndAdministrativeExpenses": 331000000,
        "sellingAndMarketingExpenses": 10000000,
        "sellingGeneralAndAdministrativeExpenses": 341000000,
        "otherExpenses": 155000000,
        "operatingExpenses": 496000000,
        "costAndExpenses": 962000000,
        "interestIncome": 1010000000,
        "interestExpense": 425000000,
        "depreciationAndAmortization": 36000000,
        "ebitda": 264000000,
        "ebitdaratio": 0.2218487395,
        "operatingIncome": 228000000,
        "operatingIncomeRatio": 0.1915966387,
        "totalOtherIncomeExpensesNet": 0,
        "incomeBeforeTax": 228000000,
        "incomeBeforeTaxRatio": 0.1915966387,
        "incomeTaxExpense": 53000000,
        "netIncome": 175000000,
        "netIncomeRatio": 0.1470588235,
        "eps": 1.13,
        "epsdiluted": 1.13,
        "weightedAverageShsOut": 147648000,
        "weightedAverageShsOutDil": 147653000,
        "link": "https://www.sec.gov/Archives/edgar/data/109380/000010938023000172/0000109380-23-000172-index.htm",
        "finalLink": "https://www.sec.gov/Archives/edgar/data/109380/000010938023000172/zions-20230930.htm"
    },
    {
        "date": "2023-06-30",
        "symbol": "ZION",
        "reportedCurrency": "USD",
        "cik": "0000109380",
        "fillingDate": "2023-08-04",
        "acceptedDate": "2023-08-04 12:57:57",
        "calendarYear": "2023",
        "period": "Q2",
        "revenue": 1166000000,
        "costOfRevenue": 432000000,
        "grossProfit": 734000000,
        "grossProfitRatio": 0.6295025729,
        "researchAndDevelopmentExpenses": 0,
        "generalAndAdministrativeExpenses": 333000000,
        "sellingAndMarketingExpenses": 13000000,
        "sellingGeneralAndAdministrativeExpenses": 346000000,
        "otherExpenses": 162000000,
        "operatingExpenses": 508000000,
        "costAndExpenses": 940000000,
        "interestIncome": 977000000,
        "interestExpense": 386000000,
        "depreciationAndAmortization": 36000000,
        "ebitda": 262000000,
        "ebitdaratio": 0.2246998285,
        "operatingIncome": 226000000,
        "operatingIncomeRatio": 0.1938250429,
        "totalOtherIncomeExpensesNet": 0,
        "incomeBeforeTax": 226000000,
        "incomeBeforeTaxRatio": 0.1938250429,
        "incomeTaxExpense": 51000000,
        "netIncome": 175000000,
        "netIncomeRatio": 0.1500857633,
        "eps": 1.12,
        "epsdiluted": 1.12,
        "weightedAverageShsOut": 147692000,
        "weightedAverageShsOutDil": 147696000,
        "link": "https://www.sec.gov/Archives/edgar/data/109380/000010938023000155/0000109380-23-000155-index.htm",
        "finalLink": "https://www.sec.gov/Archives/edgar/data/109380/000010938023000155/zions-20230630.htm"
    },
    {
        "date": "2023-03-31",
        "symbol": "ZION",
        "reportedCurrency": "USD",
        "cik": "0000109380",
        "fillingDate": "2023-05-05",
        "acceptedDate": "2023-05-05 14:47:52",
        "calendarYear": "2023",
        "period": "Q1",
        "revenue": 1080000000,
        "costOfRevenue": 286000000,
        "grossProfit": 794000000,
        "grossProfitRatio": 0.7351851852,
        "researchAndDevelopmentExpenses": 0,
        "generalAndAdministrativeExpenses": 357000000,
        "sellingAndMarketingExpenses": 12000000,
        "sellingGeneralAndAdministrativeExpenses": 369000000,
        "otherExpenses": 143000000,
        "operatingExpenses": 512000000,
        "costAndExpenses": 798000000,
        "interestIncome": 920000000,
        "interestExpense": 241000000,
        "depreciationAndAmortization": 36000000,
        "ebitda": 318000000,
        "ebitdaratio": 0.2944444444,
        "operatingIncome": 282000000,
        "operatingIncomeRatio": 0.2611111111,
        "totalOtherIncomeExpensesNet": 0,
        "incomeBeforeTax": 282000000,
        "incomeBeforeTaxRatio": 0.2611111111,
        "incomeTaxExpense": 78000000,
        "netIncome": 204000000,
        "netIncomeRatio": 0.1888888889,
        "eps": 1.33,
        "epsdiluted": 1.33,
        "weightedAverageShsOut": 148015000,
        "weightedAverageShsOutDil": 148038000,
        "link": "https://www.sec.gov/Archives/edgar/data/109380/000010938023000114/0000109380-23-000114-index.htm",
        "finalLink": "https://www.sec.gov/Archives/edgar/data/109380/000010938023000114/zions-20230331.htm"
    },
    {
        "date": "2022-12-31",
        "symbol": "ZION",
        "reportedCurrency": "USD",
        "cik": "0000109380",
        "fillingDate": "2023-02-23",
        "acceptedDate": "2023-02-23 15:53:40",
        "calendarYear": "2022",
        "period": "Q4",
        "revenue": 988000000,
        "costOfRevenue": 158000000,
        "grossProfit": 830000000,
        "grossProfitRatio": 0.8400809717,
        "researchAndDevelopmentExpenses": 0,
        "generalAndAdministrativeExpenses": 318000000,
        "sellingAndMarketingExpenses": 11000000,
        "sellingGeneralAndAdministrativeExpenses": 329000000,
        "otherExpenses": 142000000,
        "operatingExpenses": 471000000,
        "costAndExpenses": 629000000,
        "interestIncome": 835000000,
        "interestExpense": 115000000,
        "depreciationAndAmortization": 31000000,
        "ebitda": 390000000,
        "ebitdaratio": 0.3947368421,
        "operatingIncome": 359000000,
        "operatingIncomeRatio": 0.3633603239,
        "totalOtherIncomeExpensesNet": 0,
        "incomeBeforeTax": 359000000,
        "incomeBeforeTaxRatio": 0.3633603239,
        "incomeTaxExpense": 75000000,
        "netIncome": 284000000,
        "netIncomeRatio": 0.2874493927,
        "eps": 1.84,
        "epsdiluted": 1.84,
        "weightedAverageShsOut": 148739000,
        "weightedAverageShsOutDil": 148829000,
        "link": "https://www.sec.gov/Archives/edgar/data/109380/000010938023000074/0000109380-23-000074-index.htm",
        "finalLink": "https://www.sec.gov/Archives/edgar/data/109380/000010938023000074/zions-20221231.htm"
    },
    {
        "date": "2022-09-30",
        "symbol": "ZION",
        "reportedCurrency": "USD",
        "cik": "0000109380",
        "fillingDate": "2022-11-03",
        "acceptedDate": "2022-11-03 15:24:26",
        "calendarYear": "2022",
        "period": "Q3",
        "revenue": 872000000,
        "costOfRevenue": 115000000,
        "grossProfit": 757000000,
        "grossProfitRatio": 0.8681192661,
        "researchAndDevelopmentExpenses": 0,
        "generalAndAdministrativeExpenses": 325000000,
        "sellingAndMarketingExpenses": 11000000,
        "sellingGeneralAndAdministrativeExpenses": 336000000,
        "otherExpenses": 143000000,
        "operatingExpenses": 479000000,
        "costAndExpenses": 594000000,
        "interestIncome": 707000000,
        "interestExpense": 44000000,
        "depreciationAndAmortization": 34000000,
        "ebitda": 312000000,
        "ebitdaratio": 0.3577981651,
        "operatingIncome": 278000000,
        "operatingIncomeRatio": 0.3188073394,
        "totalOtherIncomeExpensesNet": 0,
        "incomeBeforeTax": 278000000,
        "incomeBeforeTaxRatio": 0.3188073394,
        "incomeTaxExpense": 61000000,
        "netIncome": 217000000,
        "netIncomeRatio": 0.248853211,
        "eps": 1.4,
        "epsdiluted": 1.4,
        "weightedAverageShsOut": 149628000,
        "weightedAverageShsOutDil": 149792000,
        "link": "https://www.sec.gov/Archives/edgar/data/109380/000010938022000184/0000109380-22-000184-index.htm",
        "finalLink": "https://www.sec.gov/Archives/edgar/data/109380/000010938022000184/zions-20220930.htm"
    },
    {
        "date": "2022-06-30",
        "symbol": "ZION",
        "reportedCurrency": "USD",
        "cik": "0000109380",
        "fillingDate": "2022-08-04",
        "acceptedDate": "2022-08-04 15:31:53",
        "calendarYear": "2022",
        "period": "Q2",
        "revenue": 780000000,
        "costOfRevenue": 56000000,
        "grossProfit": 724000000,
        "grossProfitRatio": 0.9282051282,
        "researchAndDevelopmentExpenses": 0,
        "generalAndAdministrativeExpenses": 320000000,
        "sellingAndMarketingExpenses": 9000000,
        "sellingGeneralAndAdministrativeExpenses": 329000000,
        "otherExpenses": 135000000,
        "operatingExpenses": 464000000,
        "costAndExpenses": 520000000,
        "interestIncome": 608000000,
        "interestExpense": 15000000,
        "depreciationAndAmortization": 26000000,
        "ebitda": 286000000,
        "ebitdaratio": 0.3666666667,
        "operatingIncome": 260000000,
        "operatingIncomeRatio": 0.3333333333,
        "totalOtherIncomeExpensesNet": 0,
        "incomeBeforeTax": 260000000,
        "incomeBeforeTaxRatio": 0.3333333333,
        "incomeTaxExpense": 57000000,
        "netIncome": 203000000,
        "netIncomeRatio": 0.2602564103,
        "eps": 1.29,
        "epsdiluted": 1.29,
        "weightedAverageShsOut": 150635000,
        "weightedAverageShsOutDil": 150838000,
        "link": "https://www.sec.gov/Archives/edgar/data/109380/000010938022000170/0000109380-22-000170-index.htm",
        "finalLink": "https://www.sec.gov/Archives/edgar/data/109380/000010938022000170/zions-20220630.htm"
    },
    {
        "date": "2022-03-31",
        "symbol": "ZION",
        "reportedCurrency": "USD",
        "cik": "0000109380",
        "fillingDate": "2022-05-06",
        "acceptedDate": "2022-05-06 14:14:25",
        "calendarYear": "2022",
        "period": "Q1",
        "revenue": 697000000,
        "costOfRevenue": -22000000,
        "grossProfit": 719000000,
        "grossProfitRatio": 1.0315638451,
        "researchAndDevelopmentExpenses": 0,
        "generalAndAdministrativeExpenses": 322000000,
        "sellingAndMarketingExpenses": 8000000,
        "sellingGeneralAndAdministrativeExpenses": 330000000,
        "otherExpenses": 134000000,
        "operatingExpenses": 464000000,
        "costAndExpenses": 442000000,
        "interestIncome": 555000000,
        "interestExpense": 11000000,
        "depreciationAndAmortization": 19000000,
        "ebitda": 274000000,
        "ebitdaratio": 0.3931133429,
        "operatingIncome": 255000000,
        "operatingIncomeRatio": 0.3658536585,
        "totalOtherIncomeExpensesNet": 0,
        "incomeBeforeTax": 255000000,
        "incomeBeforeTaxRatio": 0.3658536585,
        "incomeTaxExpense": 52000000,
        "netIncome": 203000000,
        "netIncomeRatio": 0.2912482066,
        "eps": 1.27,
        "epsdiluted": 1.27,
        "weightedAverageShsOut": 151285000,
        "weightedAverageShsOutDil": 151687000,
        "link": "https://www.sec.gov/Archives/edgar/data/109380/000010938022000155/0000109380-22-000155-index.htm",
        "finalLink": "https://www.sec.gov/Archives/edgar/data/109380/000010938022000155/zions-20220331.htm"
    },
    {
        "date": "2021-12-31",
        "symbol": "ZION",
        "reportedCurrency": "USD",
        "cik": "0000109380",
        "fillingDate": "2022-02-25",
        "acceptedDate": "2022-02-24 19:58:10",
        "calendarYear": "2021",
        "period": "Q4",
        "revenue": 756000000,
        "costOfRevenue": 38000000,
        "grossProfit": 718000000,
        "grossProfitRatio": 0.9497354497,
        "researchAndDevelopmentExpenses": 0,
        "generalAndAdministrativeExpenses": 289000000,
        "sellingAndMarketingExpenses": 6000000,
        "sellingGeneralAndAdministrativeExpenses": 295000000,
        "otherExpenses": 154000000,
        "operatingExpenses": 449000000,
        "costAndExpenses": 487000000,
        "interestIncome": 566000000,
        "interestExpense": 13000000,
        "depreciationAndAmortization": 8000000,
        "ebitda": 277000000,
        "ebitdaratio": 0.3664021164,
        "operatingIncome": 269000000,
        "operatingIncomeRatio": 0.3558201058,
        "totalOtherIncomeExpensesNet": 0,
        "incomeBeforeTax": 269000000,
        "incomeBeforeTaxRatio": 0.3558201058,
        "incomeTaxExpense": 56000000,
        "netIncome": 213000000,
        "netIncomeRatio": 0.2817460317,
        "eps": 1.34,
        "epsdiluted": 1.34,
        "weightedAverageShsOut": 153248000,
        "weightedAverageShsOutDil": 153635000,
        "link": "https://www.sec.gov/Archives/edgar/data/109380/000010938022000072/0000109380-22-000072-index.htm",
        "finalLink": "https://www.sec.gov/Archives/edgar/data/109380/000010938022000072/zions-20211231.htm"
    },
    {
        "date": "2021-09-30",
        "symbol": "ZION",
        "reportedCurrency": "USD",
        "cik": "0000109380",
        "fillingDate": "2021-11-04",
        "acceptedDate": "2021-11-04 15:59:43",
        "calendarYear": "2021",
        "period": "Q3",
        "revenue": 708000000,
        "costOfRevenue": -32000000,
        "grossProfit": 740000000,
        "grossProfitRatio": 1.0451977401,
        "researchAndDevelopmentExpenses": 0,
        "generalAndAdministrativeExpenses": 293000000,
        "sellingAndMarketingExpenses": 9000000,
        "sellingGeneralAndAdministrativeExpenses": 302000000,
        "otherExpenses": 127000000,
        "operatingExpenses": 429000000,
        "costAndExpenses": 397000000,
        "interestIncome": 569000000,
        "interestExpense": 14000000,
        "depreciationAndAmortization": -11000000,
        "ebitda": 300000000,
        "ebitdaratio": 0.4237288136,
        "operatingIncome": 311000000,
        "operatingIncomeRatio": 0.4392655367,
        "totalOtherIncomeExpensesNet": 0,
        "incomeBeforeTax": 311000000,
        "incomeBeforeTaxRatio": 0.4392655367,
        "incomeTaxExpense": 71000000,
        "netIncome": 240000000,
        "netIncomeRatio": 0.3389830508,
        "eps": 1.45,
        "epsdiluted": 1.45,
        "weightedAverageShsOut": 160221000,
        "weightedAverageShsOutDil": 160480000,
        "link": "https://www.sec.gov/Archives/edgar/data/109380/000010938021000236/0000109380-21-000236-index.htm",
        "finalLink": "https://www.sec.gov/Archives/edgar/data/109380/000010938021000236/zions-20210930.htm"
    },
    {
        "date": "2021-06-30",
        "symbol": "ZION",
        "reportedCurrency": "USD",
        "cik": "0000109380",
        "fillingDate": "2021-08-05",
        "acceptedDate": "2021-08-04 17:34:11",
        "calendarYear": "2021",
        "period": "Q2",
        "revenue": 775000000,
        "costOfRevenue": -108000000,
        "grossProfit": 883000000,
        "grossProfitRatio": 1.1393548387,
        "researchAndDevelopmentExpenses": 0,
        "generalAndAdministrativeExpenses": 279000000,
        "sellingAndMarketingExpenses": 7000000,
        "sellingGeneralAndAdministrativeExpenses": 286000000,
        "otherExpenses": 142000000,
        "operatingExpenses": 428000000,
        "costAndExpenses": 320000000,
        "interestIncome": 570000000,
        "interestExpense": 15000000,
        "depreciationAndAmortization": -8000000,
        "ebitda": 447000000,
        "ebitdaratio": 0.5767741935,
        "operatingIncome": 455000000,
        "operatingIncomeRatio": 0.5870967742,
        "totalOtherIncomeExpensesNet": 0,
        "incomeBeforeTax": 455000000,
        "incomeBeforeTaxRatio": 0.5870967742,
        "incomeTaxExpense": 101000000,
        "netIncome": 354000000,
        "netIncomeRatio": 0.4567741935,
        "eps": 2.08,
        "epsdiluted": 2.08,
        "weightedAverageShsOut": 162742000,
        "weightedAverageShsOutDil": 163054000,
        "link": "https://www.sec.gov/Archives/edgar/data/109380/000010938021000221/0000109380-21-000221-index.htm",
        "finalLink": "https://www.sec.gov/Archives/edgar/data/109380/000010938021000221/zions-20210630.htm"
    },
    {
        "date": "2021-03-31",
        "symbol": "ZION",
        "reportedCurrency": "USD",
        "cik": "0000109380",
        "fillingDate": "2021-05-06",
        "acceptedDate": "2021-05-06 14:16:38",
        "calendarYear": "2021",
        "period": "Q1",
        "revenue": 731000000,
        "costOfRevenue": -115000000,
        "grossProfit": 846000000,
        "grossProfitRatio": 1.1573187415,
        "researchAndDevelopmentExpenses": 0,
        "generalAndAdministrativeExpenses": 298000000,
        "sellingAndMarketingExpenses": 7000000,
        "sellingGeneralAndAdministrativeExpenses": 305000000,
        "otherExpenses": 130000000,
        "operatingExpenses": 435000000,
        "costAndExpenses": 320000000,
        "interestIncome": 562000000,
        "interestExpense": 17000000,
        "depreciationAndAmortization": -3000000,
        "ebitda": 408000000,
        "ebitdaratio": 0.5581395349,
        "operatingIncome": 411000000,
        "operatingIncomeRatio": 0.5622435021,
        "totalOtherIncomeExpensesNet": 0,
        "incomeBeforeTax": 411000000,
        "incomeBeforeTaxRatio": 0.5622435021,
        "incomeTaxExpense": 89000000,
        "netIncome": 322000000,
        "netIncomeRatio": 0.4404924761,
        "eps": 1.9,
        "epsdiluted": 1.9,
        "weightedAverageShsOut": 163551000,
        "weightedAverageShsOutDil": 163887000,
        "link": "https://www.sec.gov/Archives/edgar/data/109380/000010938021000192/0000109380-21-000192-index.htm",
        "finalLink": "https://www.sec.gov/Archives/edgar/data/109380/000010938021000192/zions-20210331.htm"
    },
    {
        "date": "2020-12-31",
        "symbol": "ZION",
        "reportedCurrency": "USD",
        "cik": "0000109380",
        "fillingDate": "2021-02-25",
        "acceptedDate": "2021-02-25 16:20:16",
        "calendarYear": "2020",
        "period": "Q4",
        "revenue": 737000000,
        "costOfRevenue": -47000000,
        "grossProfit": 784000000,
        "grossProfitRatio": 1.0637720488,
        "researchAndDevelopmentExpenses": 0,
        "generalAndAdministrativeExpenses": 285000000,
        "sellingAndMarketingExpenses": 6000000,
        "sellingGeneralAndAdministrativeExpenses": 291000000,
        "otherExpenses": 134000000,
        "operatingExpenses": 425000000,
        "costAndExpenses": 378000000,
        "interestIncome": 571000000,
        "interestExpense": 20000000,
        "depreciationAndAmortization": 11000000,
        "ebitda": 370000000,
        "ebitdaratio": 0.5020352782,
        "operatingIncome": 359000000,
        "operatingIncomeRatio": 0.487109905,
        "totalOtherIncomeExpensesNet": 0,
        "incomeBeforeTax": 359000000,
        "incomeBeforeTaxRatio": 0.487109905,
        "incomeTaxExpense": 75000000,
        "netIncome": 284000000,
        "netIncomeRatio": 0.3853459973,
        "eps": 1.66,
        "epsdiluted": 1.66,
        "weightedAverageShsOut": 163658000,
        "weightedAverageShsOutDil": 163900000,
        "link": "https://www.sec.gov/Archives/edgar/data/109380/000010938021000082/0000109380-21-000082-index.htm",
        "finalLink": "https://www.sec.gov/Archives/edgar/data/109380/000010938021000082/zions-20201231.htm"
    },
    {
        "date": "2020-09-30",
        "symbol": "ZION",
        "reportedCurrency": "USD",
        "cik": "0000109380",
        "fillingDate": "2020-11-04",
        "acceptedDate": "2020-11-04 16:56:48",
        "calendarYear": "2020",
        "period": "Q3",
        "revenue": 738000000,
        "costOfRevenue": 81000000,
        "grossProfit": 657000000,
        "grossProfitRatio": 0.8902439024,
        "researchAndDevelopmentExpenses": 0,
        "generalAndAdministrativeExpenses": 277000000,
        "sellingAndMarketingExpenses": 7000000,
        "sellingGeneralAndAdministrativeExpenses": 284000000,
        "otherExpenses": 158000000,
        "operatingExpenses": 442000000,
        "costAndExpenses": 523000000,
        "interestIncome": 581000000,
        "interestExpense": 26000000,
        "depreciationAndAmortization": 12000000,
        "ebitda": 227000000,
        "ebitdaratio": 0.3075880759,
        "operatingIncome": 215000000,
        "operatingIncomeRatio": 0.2913279133,
        "totalOtherIncomeExpensesNet": 0,
        "incomeBeforeTax": 215000000,
        "incomeBeforeTaxRatio": 0.2913279133,
        "incomeTaxExpense": 40000000,
        "netIncome": 175000000,
        "netIncomeRatio": 0.2371273713,
        "eps": 1.01,
        "epsdiluted": 1.01,
        "weightedAverageShsOut": 163608000,
        "weightedAverageShsOutDil": 163779000,
        "link": "https://www.sec.gov/Archives/edgar/data/109380/000010938020000254/0000109380-20-000254-index.htm",
        "finalLink": "https://www.sec.gov/Archives/edgar/data/109380/000010938020000254/zions-20200930.htm"
    },
    {
        "date": "2020-06-30",
        "symbol": "ZION",
        "reportedCurrency": "USD",
        "cik": "0000109380",
        "fillingDate": "2020-08-05",
        "acceptedDate": "2020-08-05 15:41:54",
        "calendarYear": "2020",
        "period": "Q2",
        "revenue": 712000000,
        "costOfRevenue": 200000000,
        "grossProfit": 512000000,
        "grossProfitRatio": 0.7191011236,
        "researchAndDevelopmentExpenses": 0,
        "generalAndAdministrativeExpenses": 274000000,
        "sellingAndMarketingExpenses": 3000000,
        "sellingGeneralAndAdministrativeExpenses": 277000000,
        "otherExpenses": 153000000,
        "operatingExpenses": 430000000,
        "costAndExpenses": 630000000,
        "interestIncome": 595000000,
        "interestExpense": 32000000,
        "depreciationAndAmortization": 18000000,
        "ebitda": 100000000,
        "ebitdaratio": 0.1404494382,
        "operatingIncome": 82000000,
        "operatingIncomeRatio": 0.1151685393,
        "totalOtherIncomeExpensesNet": 0,
        "incomeBeforeTax": 82000000,
        "incomeBeforeTaxRatio": 0.1151685393,
        "incomeTaxExpense": 16000000,
        "netIncome": 66000000,
        "netIncomeRatio": 0.0926966292,
        "eps": 0.34,
        "epsdiluted": 0.34,
        "weightedAverageShsOut": 163542000,
        "weightedAverageShsOutDil": 164425000,
        "link": "https://www.sec.gov/Archives/edgar/data/109380/000010938020000212/0000109380-20-000212-index.htm",
        "finalLink": "https://www.sec.gov/Archives/edgar/data/109380/000010938020000212/zions-20200630.htm"
    },
    {
        "date": "2020-03-31",
        "symbol": "ZION",
        "reportedCurrency": "USD",
        "cik": "0000109380",
        "fillingDate": "2020-05-06",
        "acceptedDate": "2020-05-06 16:55:08",
        "calendarYear": "2020",
        "period": "Q1",
        "revenue": 756000000,
        "costOfRevenue": 332000000,
        "grossProfit": 424000000,
        "grossProfitRatio": 0.5608465608,
        "researchAndDevelopmentExpenses": 0,
        "generalAndAdministrativeExpenses": 278000000,
        "sellingAndMarketingExpenses": 3000000,
        "sellingGeneralAndAdministrativeExpenses": 281000000,
        "otherExpenses": 127000000,
        "operatingExpenses": 408000000,
        "costAndExpenses": 740000000,
        "interestIncome": 622000000,
        "interestExpense": 74000000,
        "depreciationAndAmortization": 45000000,
        "ebitda": 61000000,
        "ebitdaratio": 0.0806878307,
        "operatingIncome": 16000000,
        "operatingIncomeRatio": 0.0211640212,
        "totalOtherIncomeExpensesNet": 0,
        "incomeBeforeTax": 16000000,
        "incomeBeforeTaxRatio": 0.0211640212,
        "incomeTaxExpense": 2000000,
        "netIncome": 14000000,
        "netIncomeRatio": 0.0185185185,
        "eps": 0.04,
        "epsdiluted": 0.04,
        "weightedAverageShsOut": 164143000,
        "weightedAverageShsOutDil": 172998000,
        "link": "https://www.sec.gov/Archives/edgar/data/109380/000010938020000174/0000109380-20-000174-index.htm",
        "finalLink": "https://www.sec.gov/Archives/edgar/data/109380/000010938020000174/zions-20200331.htm"
    },
    {
        "date": "2019-12-31",
        "symbol": "ZION",
        "reportedCurrency": "USD",
        "cik": "0000109380",
        "fillingDate": "2020-02-26",
        "acceptedDate": "2020-02-25 20:15:50",
        "calendarYear": "2019",
        "period": "Q4",
        "revenue": 799000000,
        "costOfRevenue": 92000000,
        "grossProfit": 707000000,
        "grossProfitRatio": 0.8848560701,
        "researchAndDevelopmentExpenses": 0,
        "generalAndAdministrativeExpenses": 297000000,
        "sellingAndMarketingExpenses": 2000000,
        "sellingGeneralAndAdministrativeExpenses": 299000000,
        "otherExpenses": 173000000,
        "operatingExpenses": 472000000,
        "costAndExpenses": 564000000,
        "interestIncome": 647000000,
        "interestExpense": 88000000,
        "depreciationAndAmortization": 45000000,
        "ebitda": 280000000,
        "ebitdaratio": 0.3504380476,
        "operatingIncome": 235000000,
        "operatingIncomeRatio": 0.2941176471,
        "totalOtherIncomeExpensesNet": 0,
        "incomeBeforeTax": 235000000,
        "incomeBeforeTaxRatio": 0.2941176471,
        "incomeTaxExpense": 52000000,
        "netIncome": 183000000,
        "netIncomeRatio": 0.2290362954,
        "eps": 1.03,
        "epsdiluted": 0.97,
        "weightedAverageShsOut": 167078000,
        "weightedAverageShsOutDil": 178718000,
        "link": "https://www.sec.gov/Archives/edgar/data/109380/000010938020000092/0000109380-20-000092-index.htm",
        "finalLink": "https://www.sec.gov/Archives/edgar/data/109380/000010938020000092/zions-20191231.htm"
    },
    {
        "date": "2019-09-30",
        "symbol": "ZION",
        "reportedCurrency": "USD",
        "cik": "0000109380",
        "fillingDate": "2019-11-05",
        "acceptedDate": "2019-11-05 16:16:51",
        "calendarYear": "2019",
        "period": "Q3",
        "revenue": 823000000,
        "costOfRevenue": 120000000,
        "grossProfit": 703000000,
        "grossProfitRatio": 0.8541919806,
        "researchAndDevelopmentExpenses": 0,
        "generalAndAdministrativeExpenses": 280000000,
        "sellingAndMarketingExpenses": 6000000,
        "sellingGeneralAndAdministrativeExpenses": 286000000,
        "otherExpenses": 129000000,
        "operatingExpenses": 415000000,
        "costAndExpenses": 535000000,
        "interestIncome": 677000000,
        "interestExpense": 110000000,
        "depreciationAndAmortization": 50000000,
        "ebitda": 338000000,
        "ebitdaratio": 0.4106925881,
        "operatingIncome": 288000000,
        "operatingIncomeRatio": 0.3499392467,
        "totalOtherIncomeExpensesNet": 0,
        "incomeBeforeTax": 288000000,
        "incomeBeforeTaxRatio": 0.3499392467,
        "incomeTaxExpense": 66000000,
        "netIncome": 222000000,
        "netIncomeRatio": 0.269744836,
        "eps": 1.23,
        "epsdiluted": 1.17,
        "weightedAverageShsOut": 173160000,
        "weightedAverageShsOutDil": 181870000,
        "link": "https://www.sec.gov/Archives/edgar/data/109380/000010938019000207/0000109380-19-000207-index.htm",
        "finalLink": "https://www.sec.gov/Archives/edgar/data/109380/000010938019000207/zions-20190930.htm"
    },
    {
        "date": "2019-06-30",
        "symbol": "ZION",
        "reportedCurrency": "USD",
        "cik": "0000109380",
        "fillingDate": "2019-08-06",
        "acceptedDate": "2019-08-06 17:11:45",
        "calendarYear": "2019",
        "period": "Q2",
        "revenue": 816000000,
        "costOfRevenue": 136000000,
        "grossProfit": 680000000,
        "grossProfitRatio": 0.8333333333,
        "researchAndDevelopmentExpenses": 0,
        "generalAndAdministrativeExpenses": 280000000,
        "sellingAndMarketingExpenses": 5000000,
        "sellingGeneralAndAdministrativeExpenses": 285000000,
        "otherExpenses": 139000000,
        "operatingExpenses": 424000000,
        "costAndExpenses": 560000000,
        "interestIncome": 684000000,
        "interestExpense": 115000000,
        "depreciationAndAmortization": 49000000,
        "ebitda": 305000000,
        "ebitdaratio": 0.3737745098,
        "operatingIncome": 256000000,
        "operatingIncomeRatio": 0.3137254902,
        "totalOtherIncomeExpensesNet": 0,
        "incomeBeforeTax": 256000000,
        "incomeBeforeTaxRatio": 0.3137254902,
        "incomeTaxExpense": 58000000,
        "netIncome": 198000000,
        "netIncomeRatio": 0.2426470588,
        "eps": 1.05,
        "epsdiluted": 0.99,
        "weightedAverageShsOut": 179156000,
        "weightedAverageShsOutDil": 189098000,
        "link": "https://www.sec.gov/Archives/edgar/data/109380/000010938019000179/0000109380-19-000179-index.htm",
        "finalLink": "https://www.sec.gov/Archives/edgar/data/109380/000010938019000179/zions-20190630.htm"
    },
    {
        "date": "2019-03-31",
        "symbol": "ZION",
        "reportedCurrency": "USD",
        "cik": "0000109380",
        "fillingDate": "2019-05-08",
        "acceptedDate": "2019-05-07 18:52:43",
        "calendarYear": "2019",
        "period": "Q1",
        "revenue": 807000000,
        "costOfRevenue": 103000000,
        "grossProfit": 704000000,
        "grossProfitRatio": 0.8723667906,
        "researchAndDevelopmentExpenses": 0,
        "generalAndAdministrativeExpenses": 293000000,
        "sellingAndMarketingExpenses": 5000000,
        "sellingGeneralAndAdministrativeExpenses": 298000000,
        "otherExpenses": 132000000,
        "operatingExpenses": 430000000,
        "costAndExpenses": 533000000,
        "interestIncome": 675000000,
        "interestExpense": 99000000,
        "depreciationAndAmortization": 44000000,
        "ebitda": 318000000,
        "ebitdaratio": 0.3940520446,
        "operatingIncome": 274000000,
        "operatingIncomeRatio": 0.3395291202,
        "totalOtherIncomeExpensesNet": 0,
        "incomeBeforeTax": 274000000,
        "incomeBeforeTaxRatio": 0.3395291202,
        "incomeTaxExpense": 61000000,
        "netIncome": 213000000,
        "netIncomeRatio": 0.2639405204,
        "eps": 1.1,
        "epsdiluted": 1.04,
        "weightedAverageShsOut": 184767000,
        "weightedAverageShsOutDil": 195241000,
        "link": "https://www.sec.gov/Archives/edgar/data/109380/000010938019000137/0000109380-19-000137-index.htm",
        "finalLink": "https://www.sec.gov/Archives/edgar/data/109380/000010938019000137/zion-20190331x10xq.htm"
    },
    {
        "date": "2018-12-31",
        "symbol": "ZION",
        "reportedCurrency": "USD",
        "cik": "0000109380",
        "fillingDate": "2019-02-26",
        "acceptedDate": "2019-02-25 21:41:25",
        "calendarYear": "2018",
        "period": "Q4",
        "revenue": 796000000,
        "costOfRevenue": 87000000,
        "grossProfit": 709000000,
        "grossProfitRatio": 0.8907035176,
        "researchAndDevelopmentExpenses": 0,
        "generalAndAdministrativeExpenses": 275000000,
        "sellingAndMarketingExpenses": 6000000,
        "sellingGeneralAndAdministrativeExpenses": 281000000,
        "otherExpenses": 138000000,
        "operatingExpenses": 419000000,
        "costAndExpenses": 506000000,
        "interestIncome": 656000000,
        "interestExpense": 80000000,
        "depreciationAndAmortization": 52000000,
        "ebitda": 342000000,
        "ebitdaratio": 0.4296482412,
        "operatingIncome": 290000000,
        "operatingIncomeRatio": 0.364321608,
        "totalOtherIncomeExpensesNet": 0,
        "incomeBeforeTax": 290000000,
        "incomeBeforeTaxRatio": 0.364321608,
        "incomeTaxExpense": 64000000,
        "netIncome": 226000000,
        "netIncomeRatio": 0.283919598,
        "eps": 1.14,
        "epsdiluted": 1.08,
        "weightedAverageShsOut": 189169000,
        "weightedAverageShsOutDil": 199048000,
        "link": "https://www.sec.gov/Archives/edgar/data/109380/000010938019000040/0000109380-19-000040-index.htm",
        "finalLink": "https://www.sec.gov/Archives/edgar/data/109380/000010938019000040/zion-20181231x10k123118.htm"
    },
    {
        "date": "2018-09-30",
        "symbol": "ZION",
        "reportedCurrency": "USD",
        "cik": "0000109380",
        "fillingDate": "2018-11-07",
        "acceptedDate": "2018-11-07 15:43:31",
        "calendarYear": "2018",
        "period": "Q3",
        "revenue": 767000000,
        "costOfRevenue": 55000000,
        "grossProfit": 712000000,
        "grossProfitRatio": 0.9282920469,
        "researchAndDevelopmentExpenses": 0,
        "generalAndAdministrativeExpenses": 282000000,
        "sellingAndMarketingExpenses": 8000000,
        "sellingGeneralAndAdministrativeExpenses": 290000000,
        "otherExpenses": 130000000,
        "operatingExpenses": 420000000,
        "costAndExpenses": 475000000,
        "interestIncome": 631000000,
        "interestExpense": 66000000,
        "depreciationAndAmortization": 49000000,
        "ebitda": 341000000,
        "ebitdaratio": 0.444589309,
        "operatingIncome": 292000000,
        "operatingIncomeRatio": 0.3807040417,
        "totalOtherIncomeExpensesNet": 0,
        "incomeBeforeTax": 292000000,
        "incomeBeforeTaxRatio": 0.3807040417,
        "incomeTaxExpense": 69000000,
        "netIncome": 223000000,
        "netIncomeRatio": 0.2907431551,
        "eps": 1.11,
        "epsdiluted": 1.04,
        "weightedAverageShsOut": 192973000,
        "weightedAverageShsOutDil": 205765000,
        "link": "https://www.sec.gov/Archives/edgar/data/109380/000010938018000261/0000109380-18-000261-index.htm",
        "finalLink": "https://www.sec.gov/Archives/edgar/data/109380/000010938018000261/zion-20180930x10xq.htm"
    },
    {
        "date": "2018-06-30",
        "symbol": "ZION",
        "reportedCurrency": "USD",
        "cik": "0000109380",
        "fillingDate": "2018-08-08",
        "acceptedDate": "2018-08-07 18:57:20",
        "calendarYear": "2018",
        "period": "Q2",
        "revenue": 744000000,
        "costOfRevenue": 70000000,
        "grossProfit": 674000000,
        "grossProfitRatio": 0.9059139785,
        "researchAndDevelopmentExpenses": 0,
        "generalAndAdministrativeExpenses": 280000000,
        "sellingAndMarketingExpenses": 7000000,
        "sellingGeneralAndAdministrativeExpenses": 287000000,
        "otherExpenses": 134000000,
        "operatingExpenses": 421000000,
        "costAndExpenses": 491000000,
        "interestIncome": 606000000,
        "interestExpense": 58000000,
        "depreciationAndAmortization": 49000000,
        "ebitda": 302000000,
        "ebitdaratio": 0.4059139785,
        "operatingIncome": 253000000,
        "operatingIncomeRatio": 0.3400537634,
        "totalOtherIncomeExpensesNet": 0,
        "incomeBeforeTax": 253000000,
        "incomeBeforeTaxRatio": 0.3400537634,
        "incomeTaxExpense": 56000000,
        "netIncome": 197000000,
        "netIncomeRatio": 0.2647849462,
        "eps": 0.95,
        "epsdiluted": 0.89,
        "weightedAverageShsOut": 195583000,
        "weightedAverageShsOutDil": 209247000,
        "link": "https://www.sec.gov/Archives/edgar/data/109380/000010938018000235/0000109380-18-000235-index.htm",
        "finalLink": "https://www.sec.gov/Archives/edgar/data/109380/000010938018000235/zion-20180630x10xq.htm"
    },
    {
        "date": "2018-03-31",
        "symbol": "ZION",
        "reportedCurrency": "USD",
        "cik": "0000109380",
        "fillingDate": "2018-05-09",
        "acceptedDate": "2018-05-09 16:26:58",
        "calendarYear": "2018",
        "period": "Q1",
        "revenue": 727000000,
        "costOfRevenue": 0,
        "grossProfit": 727000000,
        "grossProfitRatio": 1,
        "researchAndDevelopmentExpenses": 0,
        "generalAndAdministrativeExpenses": 282000000,
        "sellingAndMarketingExpenses": 5000000,
        "sellingGeneralAndAdministrativeExpenses": 287000000,
        "otherExpenses": 132000000,
        "operatingExpenses": 419000000,
        "costAndExpenses": 419000000,
        "interestIncome": 589000000,
        "interestExpense": 47000000,
        "depreciationAndAmortization": 43000000,
        "ebitda": 351000000,
        "ebitdaratio": 0.4828060523,
        "operatingIncome": 308000000,
        "operatingIncomeRatio": 0.4236588721,
        "totalOtherIncomeExpensesNet": 0,
        "incomeBeforeTax": 308000000,
        "incomeBeforeTaxRatio": 0.4236588721,
        "incomeTaxExpense": 70000000,
        "netIncome": 238000000,
        "netIncomeRatio": 0.3273727648,
        "eps": 1.16,
        "epsdiluted": 1.09,
        "weightedAverageShsOut": 196722000,
        "weightedAverageShsOutDil": 210243000,
        "link": "https://www.sec.gov/Archives/edgar/data/109380/000010938018000135/0000109380-18-000135-index.htm",
        "finalLink": "https://www.sec.gov/Archives/edgar/data/109380/000010938018000135/zion-20180331x10xq.htm"
    },
    {
        "date": "2017-12-31",
        "symbol": "ZION",
        "reportedCurrency": "USD",
        "cik": "0000109380",
        "fillingDate": "2018-03-01",
        "acceptedDate": "2018-02-28 18:11:28",
        "calendarYear": "2017",
        "period": "Q4",
        "revenue": 702000000,
        "costOfRevenue": 25000000,
        "grossProfit": 677000000,
        "grossProfitRatio": 0.9643874644,
        "researchAndDevelopmentExpenses": 0,
        "generalAndAdministrativeExpenses": 267000000,
        "sellingAndMarketingExpenses": 5000000,
        "sellingGeneralAndAdministrativeExpenses": 272000000,
        "otherExpenses": 145000000,
        "operatingExpenses": 417000000,
        "costAndExpenses": 442000000,
        "interestIncome": 562000000,
        "interestExpense": 36000000,
        "depreciationAndAmortization": 48000000,
        "ebitda": 308000000,
        "ebitdaratio": 0.4387464387,
        "operatingIncome": 260000000,
        "operatingIncomeRatio": 0.3703703704,
        "totalOtherIncomeExpensesNet": 0,
        "incomeBeforeTax": 260000000,
        "incomeBeforeTaxRatio": 0.3703703704,
        "incomeTaxExpense": 137000000,
        "netIncome": 123000000,
        "netIncomeRatio": 0.1752136752,
        "eps": 0.57,
        "epsdiluted": 0.54,
        "weightedAverageShsOut": 198648000,
        "weightedAverageShsOutDil": 209681000,
        "link": "https://www.sec.gov/Archives/edgar/data/109380/000010938018000102/0000109380-18-000102-index.htm",
        "finalLink": "https://www.sec.gov/Archives/edgar/data/109380/000010938018000102/zion-20171231x10k.htm"
    },
    {
        "date": "2017-09-30",
        "symbol": "ZION",
        "reportedCurrency": "USD",
        "cik": "0000109380",
        "fillingDate": "2017-11-08",
        "acceptedDate": "2017-11-08 14:57:20",
        "calendarYear": "2017",
        "period": "Q3",
        "revenue": 696000000,
        "costOfRevenue": 40000000,
        "grossProfit": 656000000,
        "grossProfitRatio": 0.9425287356,
        "researchAndDevelopmentExpenses": 0,
        "generalAndAdministrativeExpenses": 265000000,
        "sellingAndMarketingExpenses": 6000000,
        "sellingGeneralAndAdministrativeExpenses": 271000000,
        "otherExpenses": 142000000,
        "operatingExpenses": 413000000,
        "costAndExpenses": 453000000,
        "interestIncome": 557000000,
        "interestExpense": 35000000,
        "depreciationAndAmortization": 47000000,
        "ebitda": 290000000,
        "ebitdaratio": 0.4166666667,
        "operatingIncome": 243000000,
        "operatingIncomeRatio": 0.349137931,
        "totalOtherIncomeExpensesNet": 0,
        "incomeBeforeTax": 243000000,
        "incomeBeforeTaxRatio": 0.349137931,
        "incomeTaxExpense": 83000000,
        "netIncome": 160000000,
        "netIncomeRatio": 0.2298850575,
        "eps": 0.75,
        "epsdiluted": 0.72,
        "weightedAverageShsOut": 200332000,
        "weightedAverageShsOutDil": 209106000,
        "link": "https://www.sec.gov/Archives/edgar/data/109380/000010938017000240/0000109380-17-000240-index.htm",
        "finalLink": "https://www.sec.gov/Archives/edgar/data/109380/000010938017000240/zion-20170930x10q.htm"
    },
    {
        "date": "2017-06-30",
        "symbol": "ZION",
        "reportedCurrency": "USD",
        "cik": "0000109380",
        "fillingDate": "2017-08-08",
        "acceptedDate": "2017-08-08 15:15:55",
        "calendarYear": "2017",
        "period": "Q2",
        "revenue": 690000000,
        "costOfRevenue": 37000000,
        "grossProfit": 653000000,
        "grossProfitRatio": 0.9463768116,
        "researchAndDevelopmentExpenses": 0,
        "generalAndAdministrativeExpenses": 252000000,
        "sellingAndMarketingExpenses": 6000000,
        "sellingGeneralAndAdministrativeExpenses": 258000000,
        "otherExpenses": 147000000,
        "operatingExpenses": 405000000,
        "costAndExpenses": 442000000,
        "interestIncome": 558000000,
        "interestExpense": 30000000,
        "depreciationAndAmortization": 47000000,
        "ebitda": 295000000,
        "ebitdaratio": 0.4275362319,
        "operatingIncome": 248000000,
        "operatingIncomeRatio": 0.3594202899,
        "totalOtherIncomeExpensesNet": 0,
        "incomeBeforeTax": 248000000,
        "incomeBeforeTaxRatio": 0.3594202899,
        "incomeTaxExpense": 80000000,
        "netIncome": 168000000,
        "netIncomeRatio": 0.2434782609,
        "eps": 0.76,
        "epsdiluted": 0.73,
        "weightedAverageShsOut": 201822000,
        "weightedAverageShsOutDil": 208183000,
        "link": "https://www.sec.gov/Archives/edgar/data/109380/000010938017000225/0000109380-17-000225-index.htm",
        "finalLink": "https://www.sec.gov/Archives/edgar/data/109380/000010938017000225/zion-20170630x10q.htm"
    },
    {
        "date": "2017-03-31",
        "symbol": "ZION",
        "reportedCurrency": "USD",
        "cik": "0000109380",
        "fillingDate": "2017-05-08",
        "acceptedDate": "2017-05-08 17:08:24",
        "calendarYear": "2017",
        "period": "Q1",
        "revenue": 647000000,
        "costOfRevenue": 49000000,
        "grossProfit": 598000000,
        "grossProfitRatio": 0.9242658423,
        "researchAndDevelopmentExpenses": 0,
        "generalAndAdministrativeExpenses": 272000000,
        "sellingAndMarketingExpenses": 5000000,
        "sellingGeneralAndAdministrativeExpenses": 277000000,
        "otherExpenses": 137000000,
        "operatingExpenses": 414000000,
        "costAndExpenses": 463000000,
        "interestIncome": 515000000,
        "interestExpense": 26000000,
        "depreciationAndAmortization": 37000000,
        "ebitda": 221000000,
        "ebitdaratio": 0.341576507,
        "operatingIncome": 184000000,
        "operatingIncomeRatio": 0.28438949,
        "totalOtherIncomeExpensesNet": 0,
        "incomeBeforeTax": 184000000,
        "incomeBeforeTaxRatio": 0.28438949,
        "incomeTaxExpense": 45000000,
        "netIncome": 139000000,
        "netIncomeRatio": 0.2148377125,
        "eps": 0.63,
        "epsdiluted": 0.61,
        "weightedAverageShsOut": 202347000,
        "weightedAverageShsOutDil": 210405000,
        "link": "https://www.sec.gov/Archives/edgar/data/109380/000010938017000103/0000109380-17-000103-index.htm",
        "finalLink": "https://www.sec.gov/Archives/edgar/data/109380/000010938017000103/zion-20170331x10q.htm"
    },
    {
        "date": "2016-12-31",
        "symbol": "ZION",
        "reportedCurrency": "USD",
        "cik": "0000109380",
        "fillingDate": "2017-02-28",
        "acceptedDate": "2017-02-27 18:55:27",
        "calendarYear": "2016",
        "period": "Q4",
        "revenue": 630010000,
        "costOfRevenue": 18609000,
        "grossProfit": 611401000,
        "grossProfitRatio": 0.9704623736,
        "researchAndDevelopmentExpenses": 0,
        "generalAndAdministrativeExpenses": 248586000,
        "sellingAndMarketingExpenses": 5262000,
        "sellingGeneralAndAdministrativeExpenses": 253848000,
        "otherExpenses": 150667000,
        "operatingExpenses": 404515000,
        "costAndExpenses": 423124000,
        "interestIncome": 501766000,
        "interestExpense": 21296000,
        "depreciationAndAmortization": -12805000,
        "ebitda": 194081000,
        "ebitdaratio": 0.3080601895,
        "operatingIncome": 206886000,
        "operatingIncomeRatio": 0.3283852637,
        "totalOtherIncomeExpensesNet": 0,
        "incomeBeforeTax": 206886000,
        "incomeBeforeTaxRatio": 0.3283852637,
        "incomeTaxExpense": 69485000,
        "netIncome": 137401000,
        "netIncomeRatio": 0.2180933636,
        "eps": 0.61,
        "epsdiluted": 0.6,
        "weightedAverageShsOut": 202886000,
        "weightedAverageShsOutDil": 205446000,
        "link": "https://www.sec.gov/Archives/edgar/data/109380/000010938017000050/0000109380-17-000050-index.htm",
        "finalLink": "https://www.sec.gov/Archives/edgar/data/109380/000010938017000050/zion-20161231x10k.htm"
    },
    {
        "date": "2016-09-30",
        "symbol": "ZION",
        "reportedCurrency": "USD",
        "cik": "0000109380",
        "fillingDate": "2016-11-07",
        "acceptedDate": "2016-11-07 15:40:34",
        "calendarYear": "2016",
        "period": "Q3",
        "revenue": 636000000,
        "costOfRevenue": 41000000,
        "grossProfit": 595000000,
        "grossProfitRatio": 0.9355345912,
        "researchAndDevelopmentExpenses": 0,
        "generalAndAdministrativeExpenses": 254000000,
        "sellingAndMarketingExpenses": 6000000,
        "sellingGeneralAndAdministrativeExpenses": 260000000,
        "otherExpenses": 143000000,
        "operatingExpenses": 403000000,
        "costAndExpenses": 444000000,
        "interestIncome": 491000000,
        "interestExpense": 22000000,
        "depreciationAndAmortization": 34000000,
        "ebitda": 226000000,
        "ebitdaratio": 0.3553459119,
        "operatingIncome": 192000000,
        "operatingIncomeRatio": 0.3018867925,
        "totalOtherIncomeExpensesNet": 0,
        "incomeBeforeTax": 192000000,
        "incomeBeforeTaxRatio": 0.3018867925,
        "incomeTaxExpense": 65000000,
        "netIncome": 127000000,
        "netIncomeRatio": 0.1996855346,
        "eps": 0.57,
        "epsdiluted": 0.57,
        "weightedAverageShsOut": 204312000,
        "weightedAverageShsOutDil": 204714000,
        "link": "https://www.sec.gov/Archives/edgar/data/109380/000010938016000521/0000109380-16-000521-index.htm",
        "finalLink": "https://www.sec.gov/Archives/edgar/data/109380/000010938016000521/zion-20160930x10q.htm"
    },
    {
        "date": "2016-06-30",
        "symbol": "ZION",
        "reportedCurrency": "USD",
        "cik": "0000109380",
        "fillingDate": "2016-08-05",
        "acceptedDate": "2016-08-05 16:44:41",
        "calendarYear": "2016",
        "period": "Q2",
        "revenue": 613000000,
        "costOfRevenue": 57000000,
        "grossProfit": 556000000,
        "grossProfitRatio": 0.9070146819,
        "researchAndDevelopmentExpenses": 0,
        "generalAndAdministrativeExpenses": 251000000,
        "sellingAndMarketingExpenses": 5000000,
        "sellingGeneralAndAdministrativeExpenses": 256000000,
        "otherExpenses": 126000000,
        "operatingExpenses": 382000000,
        "costAndExpenses": 439000000,
        "interestIncome": 487000000,
        "interestExpense": 22000000,
        "depreciationAndAmortization": 29000000,
        "ebitda": 203000000,
        "ebitdaratio": 0.3311582382,
        "operatingIncome": 174000000,
        "operatingIncomeRatio": 0.2838499184,
        "totalOtherIncomeExpensesNet": 0,
        "incomeBeforeTax": 174000000,
        "incomeBeforeTaxRatio": 0.2838499184,
        "incomeTaxExpense": 60000000,
        "netIncome": 114000000,
        "netIncomeRatio": 0.1859706362,
        "eps": 0.44,
        "epsdiluted": 0.44,
        "weightedAverageShsOut": 204236000,
        "weightedAverageShsOutDil": 204536000,
        "link": "https://www.sec.gov/Archives/edgar/data/109380/000010938016000502/0000109380-16-000502-index.htm",
        "finalLink": "https://www.sec.gov/Archives/edgar/data/109380/000010938016000502/zion-20160630x10q.htm"
    },
    {
        "date": "2016-03-31",
        "symbol": "ZION",
        "reportedCurrency": "USD",
        "cik": "0000109380",
        "fillingDate": "2016-05-09",
        "acceptedDate": "2016-05-09 16:26:47",
        "calendarYear": "2016",
        "period": "Q1",
        "revenue": 592000000,
        "costOfRevenue": 64000000,
        "grossProfit": 528000000,
        "grossProfitRatio": 0.8918918919,
        "researchAndDevelopmentExpenses": 0,
        "generalAndAdministrativeExpenses": 264000000,
        "sellingAndMarketingExpenses": 6000000,
        "sellingGeneralAndAdministrativeExpenses": 270000000,
        "otherExpenses": 126000000,
        "operatingExpenses": 396000000,
        "costAndExpenses": 460000000,
        "interestIncome": 475000000,
        "interestExpense": 22000000,
        "depreciationAndAmortization": 25000000,
        "ebitda": 157000000,
        "ebitdaratio": 0.2652027027,
        "operatingIncome": 132000000,
        "operatingIncomeRatio": 0.222972973,
        "totalOtherIncomeExpensesNet": 0,
        "incomeBeforeTax": 132000000,
        "incomeBeforeTaxRatio": 0.222972973,
        "incomeTaxExpense": 41000000,
        "netIncome": 91000000,
        "netIncomeRatio": 0.1537162162,
        "eps": 0.38,
        "epsdiluted": 0.38,
        "weightedAverageShsOut": 203967000,
        "weightedAverageShsOutDil": 204096000,
        "link": "https://www.sec.gov/Archives/edgar/data/109380/000010938016000381/0000109380-16-000381-index.htm",
        "finalLink": "https://www.sec.gov/Archives/edgar/data/109380/000010938016000381/zion-20160331x10q.htm"
    },
    {
        "date": "2015-12-31",
        "symbol": "ZION",
        "reportedCurrency": "USD",
        "cik": "0000109380",
        "fillingDate": "2016-02-29",
        "acceptedDate": "2016-02-29 16:51:10",
        "calendarYear": "2015",
        "period": "Q4",
        "revenue": 597623000,
        "costOfRevenue": 47427000,
        "grossProfit": 550196000,
        "grossProfitRatio": 0.9206406045,
        "researchAndDevelopmentExpenses": 0,
        "generalAndAdministrativeExpenses": 244307000,
        "sellingAndMarketingExpenses": 5692000,
        "sellingGeneralAndAdministrativeExpenses": 249999000,
        "otherExpenses": 152777000,
        "operatingExpenses": 402776000,
        "costAndExpenses": 450203000,
        "interestIncome": 473559000,
        "interestExpense": 24726000,
        "depreciationAndAmortization": 41525000,
        "ebitda": 188945000,
        "ebitdaratio": 0.3161608573,
        "operatingIncome": 147420000,
        "operatingIncomeRatio": 0.2466772531,
        "totalOtherIncomeExpensesNet": 0,
        "incomeBeforeTax": 147420000,
        "incomeBeforeTaxRatio": 0.2466772531,
        "incomeTaxExpense": 44933000,
        "netIncome": 102487000,
        "netIncomeRatio": 0.1714910571,
        "eps": 0.43,
        "epsdiluted": 0.43,
        "weightedAverageShsOut": 203884000,
        "weightedAverageShsOutDil": 204277000,
        "link": "https://www.sec.gov/Archives/edgar/data/109380/000010938016000345/0000109380-16-000345-index.htm",
        "finalLink": "https://www.sec.gov/Archives/edgar/data/109380/000010938016000345/zion-20151231x10k.htm"
    },
    {
        "date": "2015-09-30",
        "symbol": "ZION",
        "reportedCurrency": "USD",
        "cik": "0000109380",
        "fillingDate": "2015-11-06",
        "acceptedDate": "2015-11-06 15:47:28",
        "calendarYear": "2015",
        "period": "Q3",
        "revenue": 582174000,
        "costOfRevenue": 49115000,
        "grossProfit": 533059000,
        "grossProfitRatio": 0.9156351881,
        "researchAndDevelopmentExpenses": 0,
        "generalAndAdministrativeExpenses": 250476000,
        "sellingAndMarketingExpenses": 6136000,
        "sellingGeneralAndAdministrativeExpenses": 256612000,
        "otherExpenses": 134668000,
        "operatingExpenses": 391280000,
        "costAndExpenses": 440395000,
        "interestIncome": 456230000,
        "interestExpense": 30853000,
        "depreciationAndAmortization": 40281000,
        "ebitda": 182060000,
        "ebitdaratio": 0.3127243745,
        "operatingIncome": 141779000,
        "operatingIncomeRatio": 0.2435337202,
        "totalOtherIncomeExpensesNet": 0,
        "incomeBeforeTax": 141779000,
        "incomeBeforeTaxRatio": 0.2435337202,
        "incomeTaxExpense": 40780000,
        "netIncome": 100999000,
        "netIncomeRatio": 0.1734859338,
        "eps": 0.41,
        "epsdiluted": 0.41,
        "weightedAverageShsOut": 203668000,
        "weightedAverageShsOutDil": 204155000,
        "link": "https://www.sec.gov/Archives/edgar/data/109380/000010938015000264/0000109380-15-000264-index.htm",
        "finalLink": "https://www.sec.gov/Archives/edgar/data/109380/000010938015000264/zion-20150930x10q.htm"
    },
    {
        "date": "2015-06-30",
        "symbol": "ZION",
        "reportedCurrency": "USD",
        "cik": "0000109380",
        "fillingDate": "2015-08-06",
        "acceptedDate": "2015-08-06 15:18:50",
        "calendarYear": "2015",
        "period": "Q2",
        "revenue": 450554000,
        "costOfRevenue": 32098000,
        "grossProfit": 418456000,
        "grossProfitRatio": 0.9287588169,
        "researchAndDevelopmentExpenses": 0,
        "generalAndAdministrativeExpenses": 259063000,
        "sellingAndMarketingExpenses": 6511000,
        "sellingGeneralAndAdministrativeExpenses": 265574000,
        "otherExpenses": 133423000,
        "operatingExpenses": 398997000,
        "costAndExpenses": 431095000,
        "interestIncome": 455236000,
        "interestExpense": 31532000,
        "depreciationAndAmortization": 35113000,
        "ebitda": 54572000,
        "ebitdaratio": 0.1211219965,
        "operatingIncome": 19459000,
        "operatingIncomeRatio": 0.0431890517,
        "totalOtherIncomeExpensesNet": 0,
        "incomeBeforeTax": 19459000,
        "incomeBeforeTaxRatio": 0.0431890517,
        "incomeTaxExpense": 5499000,
        "netIncome": 13960000,
        "netIncomeRatio": 0.0309840774,
        "eps": -0.01,
        "epsdiluted": -0.01,
        "weightedAverageShsOut": 202888000,
        "weightedAverageShsOutDil": 202888000,
        "link": "https://www.sec.gov/Archives/edgar/data/109380/000010938015000239/0000109380-15-000239-index.htm",
        "finalLink": "https://www.sec.gov/Archives/edgar/data/109380/000010938015000239/zion-20150630x10q.htm"
    },
    {
        "date": "2015-03-31",
        "symbol": "ZION",
        "reportedCurrency": "USD",
        "cik": "0000109380",
        "fillingDate": "2015-05-07",
        "acceptedDate": "2015-05-07 16:19:50",
        "calendarYear": "2015",
        "period": "Q1",
        "revenue": 565784000,
        "costOfRevenue": 29606000,
        "grossProfit": 536178000,
        "grossProfitRatio": 0.94767261,
        "researchAndDevelopmentExpenses": 0,
        "generalAndAdministrativeExpenses": 250872000,
        "sellingAndMarketingExpenses": 6975000,
        "sellingGeneralAndAdministrativeExpenses": 257847000,
        "otherExpenses": 135130000,
        "operatingExpenses": 392977000,
        "costAndExpenses": 422583000,
        "interestIncome": 448446000,
        "interestExpense": 31100000,
        "depreciationAndAmortization": 34169000,
        "ebitda": 177370000,
        "ebitdaratio": 0.3134941957,
        "operatingIncome": 143201000,
        "operatingIncomeRatio": 0.2531018905,
        "totalOtherIncomeExpensesNet": 0,
        "incomeBeforeTax": 143201000,
        "incomeBeforeTaxRatio": 0.2531018905,
        "incomeTaxExpense": 51176000,
        "netIncome": 92025000,
        "netIncomeRatio": 0.1626504108,
        "eps": 0.37,
        "epsdiluted": 0.37,
        "weightedAverageShsOut": 202603000,
        "weightedAverageShsOutDil": 202944000,
        "link": "https://www.sec.gov/Archives/edgar/data/109380/000010938015000092/0000109380-15-000092-index.htm",
        "finalLink": "https://www.sec.gov/Archives/edgar/data/109380/000010938015000092/zion-20150331x10q.htm"
    },
    {
        "date": "2014-12-31",
        "symbol": "ZION",
        "reportedCurrency": "USD",
        "cik": "0000109380",
        "fillingDate": "2015-02-27",
        "acceptedDate": "2015-02-27 17:27:17",
        "calendarYear": "2014",
        "period": "Q4",
        "revenue": 591356000,
        "costOfRevenue": 43117000,
        "grossProfit": 548239000,
        "grossProfitRatio": 0.9270879132,
        "researchAndDevelopmentExpenses": 0,
        "generalAndAdministrativeExpenses": 246769000,
        "sellingAndMarketingExpenses": 5805000,
        "sellingGeneralAndAdministrativeExpenses": 252574000,
        "otherExpenses": 170092000,
        "operatingExpenses": 422666000,
        "costAndExpenses": 465783000,
        "interestIncome": 461959000,
        "interestExpense": 31530000,
        "depreciationAndAmortization": 31234000,
        "ebitda": 156807000,
        "ebitdaratio": 0.2651651459,
        "operatingIncome": 125573000,
        "operatingIncomeRatio": 0.2123475538,
        "totalOtherIncomeExpensesNet": 0,
        "incomeBeforeTax": 125573000,
        "incomeBeforeTaxRatio": 0.2123475538,
        "incomeTaxExpense": 43759000,
        "netIncome": 81814000,
        "netIncomeRatio": 0.1383498265,
        "eps": 0.36,
        "epsdiluted": 0.36,
        "weightedAverageShsOut": 202783000,
        "weightedAverageShsOutDil": 203278000,
        "link": "https://www.sec.gov/Archives/edgar/data/109380/000010938015000046/0000109380-15-000046-index.htm",
        "finalLink": "https://www.sec.gov/Archives/edgar/data/109380/000010938015000046/zion-20141231x10k.htm"
    },
    {
        "date": "2014-09-30",
        "symbol": "ZION",
        "reportedCurrency": "USD",
        "cik": "0000109380",
        "fillingDate": "2014-11-06",
        "acceptedDate": "2014-11-06 15:54:52",
        "calendarYear": "2014",
        "period": "Q3",
        "revenue": 576347000,
        "costOfRevenue": -11186000,
        "grossProfit": 587533000,
        "grossProfitRatio": 1.0194084466,
        "researchAndDevelopmentExpenses": 0,
        "generalAndAdministrativeExpenses": 253722000,
        "sellingAndMarketingExpenses": 6094000,
        "sellingGeneralAndAdministrativeExpenses": 259816000,
        "otherExpenses": 178720000,
        "operatingExpenses": 438536000,
        "costAndExpenses": 427350000,
        "interestIncome": 460276000,
        "interestExpense": 43457000,
        "depreciationAndAmortization": 33860000,
        "ebitda": 182857000,
        "ebitdaratio": 0.3172689369,
        "operatingIncome": 148997000,
        "operatingIncomeRatio": 0.2585196071,
        "totalOtherIncomeExpensesNet": 0,
        "incomeBeforeTax": 148997000,
        "incomeBeforeTaxRatio": 0.2585196071,
        "incomeTaxExpense": 53109000,
        "netIncome": 95888000,
        "netIncomeRatio": 0.1663719946,
        "eps": 0.4,
        "epsdiluted": 0.4,
        "weightedAverageShsOut": 196687000,
        "weightedAverageShsOutDil": 197271000,
        "link": "https://www.sec.gov/Archives/edgar/data/109380/000010938014000223/0000109380-14-000223-index.htm",
        "finalLink": "https://www.sec.gov/Archives/edgar/data/109380/000010938014000223/zion-20140930x10q.htm"
    },
    {
        "date": "2014-06-30",
        "symbol": "ZION",
        "reportedCurrency": "USD",
        "cik": "0000109380",
        "fillingDate": "2014-08-07",
        "acceptedDate": "2014-08-07 15:48:59",
        "calendarYear": "2014",
        "period": "Q2",
        "revenue": 588041000,
        "costOfRevenue": -7508000,
        "grossProfit": 595549000,
        "grossProfitRatio": 1.0127678172,
        "researchAndDevelopmentExpenses": 0,
        "generalAndAdministrativeExpenses": 246777000,
        "sellingAndMarketingExpenses": 6803000,
        "sellingGeneralAndAdministrativeExpenses": 253580000,
        "otherExpenses": 152447000,
        "operatingExpenses": 406027000,
        "costAndExpenses": 398519000,
        "interestIncome": 463192000,
        "interestExpense": 46908000,
        "depreciationAndAmortization": 31150000,
        "ebitda": 220672000,
        "ebitdaratio": 0.3752663505,
        "operatingIncome": 189522000,
        "operatingIncomeRatio": 0.3222938537,
        "totalOtherIncomeExpensesNet": 0,
        "incomeBeforeTax": 189522000,
        "incomeBeforeTaxRatio": 0.3222938537,
        "incomeTaxExpense": 69972000,
        "netIncome": 119550000,
        "netIncomeRatio": 0.2033021507,
        "eps": 0.56,
        "epsdiluted": 0.56,
        "weightedAverageShsOut": 184668000,
        "weightedAverageShsOutDil": 185286000,
        "link": "https://www.sec.gov/Archives/edgar/data/109380/000010938014000171/0000109380-14-000171-index.htm",
        "finalLink": "https://www.sec.gov/Archives/edgar/data/109380/000010938014000171/zion-20140630x10q.htm"
    },
    {
        "date": "2014-03-31",
        "symbol": "ZION",
        "reportedCurrency": "USD",
        "cik": "0000109380",
        "fillingDate": "2014-05-08",
        "acceptedDate": "2014-05-08 15:34:20",
        "calendarYear": "2014",
        "period": "Q1",
        "revenue": 605887000,
        "costOfRevenue": 50493000,
        "grossProfit": 555394000,
        "grossProfitRatio": 0.916662678,
        "researchAndDevelopmentExpenses": 0,
        "generalAndAdministrativeExpenses": 241324000,
        "sellingAndMarketingExpenses": 6398000,
        "sellingGeneralAndAdministrativeExpenses": 247722000,
        "otherExpenses": 150341000,
        "operatingExpenses": 398063000,
        "costAndExpenses": 448556000,
        "interestIncome": 467574000,
        "interestExpense": 51103000,
        "depreciationAndAmortization": 32404000,
        "ebitda": 189735000,
        "ebitdaratio": 0.3131524525,
        "operatingIncome": 157331000,
        "operatingIncomeRatio": 0.2596705326,
        "totalOtherIncomeExpensesNet": 0,
        "incomeBeforeTax": 157331000,
        "incomeBeforeTaxRatio": 0.2596705326,
        "incomeTaxExpense": 56121000,
        "netIncome": 101210000,
        "netIncomeRatio": 0.1670443499,
        "eps": 0.41,
        "epsdiluted": 0.41,
        "weightedAverageShsOut": 184440000,
        "weightedAverageShsOutDil": 185123000,
        "link": "https://www.sec.gov/Archives/edgar/data/109380/000010938014000072/0000109380-14-000072-index.htm",
        "finalLink": "https://www.sec.gov/Archives/edgar/data/109380/000010938014000072/zion-20140331x10q.htm"
    },
    {
        "date": "2013-12-31",
        "symbol": "ZION",
        "reportedCurrency": "USD",
        "cik": "0000109380",
        "fillingDate": "2014-03-03",
        "acceptedDate": "2014-03-03 13:37:53",
        "calendarYear": "2013",
        "period": "Q4",
        "revenue": 458867000,
        "costOfRevenue": 27444000,
        "grossProfit": 431423000,
        "grossProfitRatio": 0.9401918203,
        "researchAndDevelopmentExpenses": 0,
        "generalAndAdministrativeExpenses": 235405000,
        "sellingAndMarketingExpenses": 5571000,
        "sellingGeneralAndAdministrativeExpenses": 240976000,
        "otherExpenses": 253774000,
        "operatingExpenses": 494750000,
        "costAndExpenses": 522194000,
        "interestIncome": 490017000,
        "interestExpense": 57982000,
        "depreciationAndAmortization": -3277000,
        "ebitda": -66604000,
        "ebitdaratio": -0.1451488122,
        "operatingIncome": -63327000,
        "operatingIncomeRatio": -0.1380073093,
        "totalOtherIncomeExpensesNet": 0,
        "incomeBeforeTax": -63327000,
        "incomeBeforeTaxRatio": -0.1380073093,
        "incomeTaxExpense": -21855000,
        "netIncome": -41472000,
        "netIncomeRatio": -0.0903791295,
        "eps": -0.32,
        "epsdiluted": -0.32,
        "weightedAverageShsOut": 184209000,
        "weightedAverageShsOutDil": 184209000,
        "link": "https://www.sec.gov/Archives/edgar/data/109380/000010938014000048/0000109380-14-000048-index.htm",
        "finalLink": "https://www.sec.gov/Archives/edgar/data/109380/000010938014000048/zion-20131231x10k.htm"
    },
    {
        "date": "2013-09-30",
        "symbol": "ZION",
        "reportedCurrency": "USD",
        "cik": "0000109380",
        "fillingDate": "2013-11-07",
        "acceptedDate": "2013-11-06 21:49:04",
        "calendarYear": "2013",
        "period": "Q3",
        "revenue": 595597000,
        "costOfRevenue": 52313000,
        "grossProfit": 543284000,
        "grossProfitRatio": 0.9121671197,
        "researchAndDevelopmentExpenses": 0,
        "generalAndAdministrativeExpenses": 238580000,
        "sellingAndMarketingExpenses": 6091000,
        "sellingGeneralAndAdministrativeExpenses": 244671000,
        "otherExpenses": 125992000,
        "operatingExpenses": 370663000,
        "costAndExpenses": 422976000,
        "interestIncome": 473407000,
        "interestExpense": 57886000,
        "depreciationAndAmortization": 42667000,
        "ebitda": 215288000,
        "ebitdaratio": 0.3614658905,
        "operatingIncome": 172621000,
        "operatingIncomeRatio": 0.289828525,
        "totalOtherIncomeExpensesNet": 0,
        "incomeBeforeTax": 172621000,
        "incomeBeforeTaxRatio": 0.289828525,
        "incomeTaxExpense": 61107000,
        "netIncome": 111514000,
        "netIncomeRatio": 0.1872306274,
        "eps": 1.13,
        "epsdiluted": 1.12,
        "weightedAverageShsOut": 184112000,
        "weightedAverageShsOutDil": 184742000,
        "link": "https://www.sec.gov/Archives/edgar/data/109380/000010938013000234/0000109380-13-000234-index.htm",
        "finalLink": "https://www.sec.gov/Archives/edgar/data/109380/000010938013000234/zion-20130930x10q.htm"
    },
    {
        "date": "2013-06-30",
        "symbol": "ZION",
        "reportedCurrency": "USD",
        "cik": "0000109380",
        "fillingDate": "2013-08-06",
        "acceptedDate": "2013-08-06 16:00:27",
        "calendarYear": "2013",
        "period": "Q2",
        "revenue": 618381000,
        "costOfRevenue": 40586000,
        "grossProfit": 577795000,
        "grossProfitRatio": 0.9343673237,
        "researchAndDevelopmentExpenses": 0,
        "generalAndAdministrativeExpenses": 237452000,
        "sellingAndMarketingExpenses": 5807000,
        "sellingGeneralAndAdministrativeExpenses": 243259000,
        "otherExpenses": 208419000,
        "operatingExpenses": 451678000,
        "costAndExpenses": 492264000,
        "interestIncome": 493233000,
        "interestExpense": 62576000,
        "depreciationAndAmortization": 21935000,
        "ebitda": 148052000,
        "ebitdaratio": 0.2394187402,
        "operatingIncome": 126117000,
        "operatingIncomeRatio": 0.2039470812,
        "totalOtherIncomeExpensesNet": 0,
        "incomeBeforeTax": 126117000,
        "incomeBeforeTaxRatio": 0.2039470812,
        "incomeTaxExpense": 43091000,
        "netIncome": 83026000,
        "netIncomeRatio": 0.1342635042,
        "eps": 0.3,
        "epsdiluted": 0.3,
        "weightedAverageShsOut": 183647000,
        "weightedAverageShsOutDil": 184062000,
        "link": "https://www.sec.gov/Archives/edgar/data/109380/000010938013000198/0000109380-13-000198-index.htm",
        "finalLink": "https://www.sec.gov/Archives/edgar/data/109380/000010938013000198/zion-20130630x10q.htm"
    },
    {
        "date": "2013-03-31",
        "symbol": "ZION",
        "reportedCurrency": "USD",
        "cik": "0000109380",
        "fillingDate": "2013-05-09",
        "acceptedDate": "2013-05-09 12:39:37",
        "calendarYear": "2013",
        "period": "Q1",
        "revenue": 605967000,
        "costOfRevenue": 37598000,
        "grossProfit": 568369000,
        "grossProfitRatio": 0.937953717,
        "researchAndDevelopmentExpenses": 0,
        "generalAndAdministrativeExpenses": 239500000,
        "sellingAndMarketingExpenses": 5893000,
        "sellingGeneralAndAdministrativeExpenses": 245393000,
        "otherExpenses": 151955000,
        "operatingExpenses": 397348000,
        "costAndExpenses": 434946000,
        "interestIncome": 484748000,
        "interestExpense": 66633000,
        "depreciationAndAmortization": 38258000,
        "ebitda": 209279000,
        "ebitdaratio": 0.3453636914,
        "operatingIncome": 171021000,
        "operatingIncomeRatio": 0.2822282402,
        "totalOtherIncomeExpensesNet": 0,
        "incomeBeforeTax": 171021000,
        "incomeBeforeTaxRatio": 0.2822282402,
        "incomeTaxExpense": 60634000,
        "netIncome": 110723000,
        "netIncomeRatio": 0.1827211713,
        "eps": 0.48,
        "epsdiluted": 0.48,
        "weightedAverageShsOut": 183396000,
        "weightedAverageShsOutDil": 183655000,
        "link": "https://www.sec.gov/Archives/edgar/data/109380/000010938013000113/0000109380-13-000113-index.htm",
        "finalLink": "https://www.sec.gov/Archives/edgar/data/109380/000010938013000113/zion-20130331x10q.htm"
    },
    {
        "date": "2012-12-31",
        "symbol": "ZION",
        "reportedCurrency": "USD",
        "cik": "0000109380",
        "fillingDate": "2013-02-28",
        "acceptedDate": "2013-02-28 16:11:56",
        "calendarYear": "2012",
        "period": "Q4",
        "revenue": 574871000,
        "costOfRevenue": 57899000,
        "grossProfit": 516972000,
        "grossProfitRatio": 0.8992834914,
        "researchAndDevelopmentExpenses": 0,
        "generalAndAdministrativeExpenses": 230799000,
        "sellingAndMarketingExpenses": 5969000,
        "sellingGeneralAndAdministrativeExpenses": 236768000,
        "otherExpenses": 192701000,
        "operatingExpenses": 429469000,
        "costAndExpenses": 487368000,
        "interestIncome": 481756000,
        "interestExpense": 68300000,
        "depreciationAndAmortization": 47498000,
        "ebitda": 135001000,
        "ebitdaratio": 0.234837033,
        "operatingIncome": 87503000,
        "operatingIncomeRatio": 0.1522132792,
        "totalOtherIncomeExpensesNet": 0,
        "incomeBeforeTax": 87503000,
        "incomeBeforeTaxRatio": 0.1522132792,
        "incomeTaxExpense": 29817000,
        "netIncome": 58252000,
        "netIncomeRatio": 0.1013305594,
        "eps": 0.19,
        "epsdiluted": 0.19,
        "weightedAverageShsOut": 183300000,
        "weightedAverageShsOutDil": 183456000,
        "link": "https://www.sec.gov/Archives/edgar/data/109380/000010938013000081/0000109380-13-000081-index.htm",
        "finalLink": "https://www.sec.gov/Archives/edgar/data/109380/000010938013000081/zion-20121231x10k.htm"
    },
    {
        "date": "2012-09-30",
        "symbol": "ZION",
        "reportedCurrency": "USD",
        "cik": "0000109380",
        "fillingDate": "2012-11-08",
        "acceptedDate": "2012-11-08 16:54:24",
        "calendarYear": "2012",
        "period": "Q3",
        "revenue": 634226000,
        "costOfRevenue": 68950000,
        "grossProfit": 565276000,
        "grossProfitRatio": 0.8912848101,
        "researchAndDevelopmentExpenses": 0,
        "generalAndAdministrativeExpenses": 231501000,
        "sellingAndMarketingExpenses": 7326000,
        "sellingGeneralAndAdministrativeExpenses": 238827000,
        "otherExpenses": 156148000,
        "operatingExpenses": 394975000,
        "costAndExpenses": 463925000,
        "interestIncome": 509000000,
        "interestExpense": 70839000,
        "depreciationAndAmortization": 47810000,
        "ebitda": 218111000,
        "ebitdaratio": 0.34390107,
        "operatingIncome": 170301000,
        "operatingIncomeRatio": 0.268517847,
        "totalOtherIncomeExpensesNet": 0,
        "incomeBeforeTax": 170301000,
        "incomeBeforeTaxRatio": 0.268517847,
        "incomeTaxExpense": 60704000,
        "netIncome": 109851000,
        "netIncomeRatio": 0.1732048197,
        "eps": 0.34,
        "epsdiluted": 0.34,
        "weightedAverageShsOut": 183237000,
        "weightedAverageShsOutDil": 183383000,
        "link": "https://www.sec.gov/Archives/edgar/data/109380/000010938012000528/0000109380-12-000528-index.htm",
        "finalLink": "https://www.sec.gov/Archives/edgar/data/109380/000010938012000528/zion-20120930x10qb.htm"
    },
    {
        "date": "2012-06-30",
        "symbol": "ZION",
        "reportedCurrency": "USD",
        "cik": "0000109380",
        "fillingDate": "2012-08-08",
        "acceptedDate": "2012-08-08 14:24:25",
        "calendarYear": "2012",
        "period": "Q2",
        "revenue": 641253000,
        "costOfRevenue": 97097000,
        "grossProfit": 544156000,
        "grossProfitRatio": 0.8485823848,
        "researchAndDevelopmentExpenses": 0,
        "generalAndAdministrativeExpenses": 231209000,
        "sellingAndMarketingExpenses": 6618000,
        "sellingGeneralAndAdministrativeExpenses": 237827000,
        "otherExpenses": 163829000,
        "operatingExpenses": 401656000,
        "costAndExpenses": 498753000,
        "interestIncome": 512588000,
        "interestExpense": 86244000,
        "depreciationAndAmortization": 62166000,
        "ebitda": 204666000,
        "ebitdaratio": 0.3191657583,
        "operatingIncome": 142500000,
        "operatingIncomeRatio": 0.2222211826,
        "totalOtherIncomeExpensesNet": 0,
        "incomeBeforeTax": 142500000,
        "incomeBeforeTaxRatio": 0.2222211826,
        "incomeTaxExpense": 51036000,
        "netIncome": 91737000,
        "netIncomeRatio": 0.1430589798,
        "eps": 0.3,
        "epsdiluted": 0.3,
        "weightedAverageShsOut": 182985000,
        "weightedAverageShsOutDil": 183137000,
        "link": "https://www.sec.gov/Archives/edgar/data/109380/000010938012000345/0000109380-12-000345-index.htm",
        "finalLink": "https://www.sec.gov/Archives/edgar/data/109380/000010938012000345/zion-20120630x10q.htm"
    },
    {
        "date": "2012-03-31",
        "symbol": "ZION",
        "reportedCurrency": "USD",
        "cik": "0000109380",
        "fillingDate": "2012-05-10",
        "acceptedDate": "2012-05-10 12:51:46",
        "calendarYear": "2012",
        "period": "Q1",
        "revenue": 630697000,
        "costOfRevenue": 97063000,
        "grossProfit": 533634000,
        "grossProfitRatio": 0.8461020109,
        "researchAndDevelopmentExpenses": 0,
        "generalAndAdministrativeExpenses": 235553000,
        "sellingAndMarketingExpenses": 5807000,
        "sellingGeneralAndAdministrativeExpenses": 241360000,
        "otherExpenses": 151012000,
        "operatingExpenses": 392372000,
        "costAndExpenses": 489435000,
        "interestIncome": 518877000,
        "interestExpense": 81399000,
        "depreciationAndAmortization": 57143000,
        "ebitda": 198405000,
        "ebitdaratio": 0.3145805355,
        "operatingIncome": 141262000,
        "operatingIncomeRatio": 0.2239775994,
        "totalOtherIncomeExpensesNet": 0,
        "incomeBeforeTax": 141262000,
        "incomeBeforeTaxRatio": 0.2239775994,
        "incomeTaxExpense": 51859000,
        "netIncome": 89676000,
        "netIncomeRatio": 0.1421855503,
        "eps": 0.14,
        "epsdiluted": 0.14,
        "weightedAverageShsOut": 182798000,
        "weightedAverageShsOutDil": 182964000,
        "link": "https://www.sec.gov/Archives/edgar/data/109380/000119312512224630/0001193125-12-224630-index.htm",
        "finalLink": "https://www.sec.gov/Archives/edgar/data/109380/000119312512224630/d329213d10q.htm"
    },
    {
        "date": "2011-12-31",
        "symbol": "ZION",
        "reportedCurrency": "USD",
        "cik": "0000109380",
        "fillingDate": "2012-02-29",
        "acceptedDate": "2012-02-29 16:41:17",
        "calendarYear": "2011",
        "period": "Q4",
        "revenue": 650803000,
        "costOfRevenue": 76089000,
        "grossProfit": 574714000,
        "grossProfitRatio": 0.8830844357,
        "researchAndDevelopmentExpenses": 0,
        "generalAndAdministrativeExpenses": 232302000,
        "sellingAndMarketingExpenses": 7780000,
        "sellingGeneralAndAdministrativeExpenses": 240082000,
        "otherExpenses": 197984000,
        "operatingExpenses": 438066000,
        "costAndExpenses": 514155000,
        "interestIncome": 539473000,
        "interestExpense": 77565000,
        "depreciationAndAmortization": 52064000,
        "ebitda": 188712000,
        "ebitdaratio": 0.2899679319,
        "operatingIncome": 136648000,
        "operatingIncomeRatio": 0.2099683007,
        "totalOtherIncomeExpensesNet": 0,
        "incomeBeforeTax": 136648000,
        "incomeBeforeTaxRatio": 0.2099683007,
        "incomeTaxExpense": 47877000,
        "netIncome": 89019000,
        "netIncomeRatio": 0.1367833277,
        "eps": 0.49,
        "epsdiluted": 0.49,
        "weightedAverageShsOut": 182798000,
        "weightedAverageShsOutDil": 182964000,
        "link": "https://www.sec.gov/Archives/edgar/data/109380/000119312512089333/0001193125-12-089333-index.htm",
        "finalLink": "https://www.sec.gov/Archives/edgar/data/109380/000119312512089333/d260873d10k.htm"
    },
    {
        "date": "2011-09-30",
        "symbol": "ZION",
        "reportedCurrency": "USD",
        "cik": "0000109380",
        "fillingDate": "2011-11-09",
        "acceptedDate": "2011-11-09 14:25:03",
        "calendarYear": "2011",
        "period": "Q3",
        "revenue": 679416000,
        "costOfRevenue": 98354000,
        "grossProfit": 581062000,
        "grossProfitRatio": 0.8552374392,
        "researchAndDevelopmentExpenses": 0,
        "generalAndAdministrativeExpenses": 229428000,
        "sellingAndMarketingExpenses": 6511000,
        "sellingGeneralAndAdministrativeExpenses": 235939000,
        "otherExpenses": 177057000,
        "operatingExpenses": 412996000,
        "costAndExpenses": 511350000,
        "interestIncome": 554396000,
        "interestExpense": 83801000,
        "depreciationAndAmortization": 52288000,
        "ebitda": 220354000,
        "ebitdaratio": 0.324328541,
        "operatingIncome": 168066000,
        "operatingIncomeRatio": 0.2473683281,
        "totalOtherIncomeExpensesNet": 0,
        "incomeBeforeTax": 168066000,
        "incomeBeforeTaxRatio": 0.2473683281,
        "incomeTaxExpense": 59348000,
        "netIncome": 109093000,
        "netIncomeRatio": 0.1605687826,
        "eps": 0.35,
        "epsdiluted": 0.35,
        "weightedAverageShsOut": 182676000,
        "weightedAverageShsOutDil": 182858000,
        "link": "https://www.sec.gov/Archives/edgar/data/109380/000119312511304207/0001193125-11-304207-index.htm",
        "finalLink": "https://www.sec.gov/Archives/edgar/data/109380/000119312511304207/d227216d10q.htm"
    },
    {
        "date": "2011-06-30",
        "symbol": "ZION",
        "reportedCurrency": "USD",
        "cik": "0000109380",
        "fillingDate": "2011-08-09",
        "acceptedDate": "2011-08-09 17:03:54",
        "calendarYear": "2011",
        "period": "Q2",
        "revenue": 674934000,
        "costOfRevenue": 143824000,
        "grossProfit": 531110000,
        "grossProfitRatio": 0.7869065716,
        "researchAndDevelopmentExpenses": 0,
        "generalAndAdministrativeExpenses": 237370000,
        "sellingAndMarketingExpenses": 5962000,
        "sellingGeneralAndAdministrativeExpenses": 243332000,
        "otherExpenses": 160843000,
        "operatingExpenses": 404175000,
        "costAndExpenses": 547999000,
        "interestIncome": 558666000,
        "interestExpense": 142494000,
        "depreciationAndAmortization": 105790000,
        "ebitda": 232725000,
        "ebitdaratio": 0.3448114927,
        "operatingIncome": 126935000,
        "operatingIncomeRatio": 0.1880702409,
        "totalOtherIncomeExpensesNet": 0,
        "incomeBeforeTax": 126935000,
        "incomeBeforeTaxRatio": 0.1880702409,
        "incomeTaxExpense": 54325000,
        "netIncome": 72875000,
        "netIncomeRatio": 0.1079735204,
        "eps": 0.16,
        "epsdiluted": 0.16,
        "weightedAverageShsOut": 182472000,
        "weightedAverageShsOutDil": 182728000,
        "link": "https://www.sec.gov/Archives/edgar/data/109380/000119312511216704/0001193125-11-216704-index.htm",
        "finalLink": "https://www.sec.gov/Archives/edgar/data/109380/000119312511216704/d10q.htm"
    },
    {
        "date": "2011-03-31",
        "symbol": "ZION",
        "reportedCurrency": "USD",
        "cik": "0000109380",
        "fillingDate": "2011-05-10",
        "acceptedDate": "2011-05-10 16:02:56",
        "calendarYear": "2011",
        "period": "Q1",
        "revenue": 681612000,
        "costOfRevenue": 188536000,
        "grossProfit": 493076000,
        "grossProfitRatio": 0.7233968886,
        "researchAndDevelopmentExpenses": 0,
        "generalAndAdministrativeExpenses": 239111000,
        "sellingAndMarketingExpenses": 6911000,
        "sellingGeneralAndAdministrativeExpenses": 246022000,
        "otherExpenses": 157430000,
        "operatingExpenses": 403452000,
        "costAndExpenses": 591988000,
        "interestIncome": 552392000,
        "interestExpense": 128536000,
        "depreciationAndAmortization": 89806000,
        "ebitda": 179430000,
        "ebitdaratio": 0.2632436049,
        "operatingIncome": 89624000,
        "operatingIncomeRatio": 0.1314882954,
        "totalOtherIncomeExpensesNet": 0,
        "incomeBeforeTax": 89624000,
        "incomeBeforeTaxRatio": 0.1314882954,
        "incomeTaxExpense": 37033000,
        "netIncome": 52817000,
        "netIncomeRatio": 0.0774883658,
        "eps": 0.08,
        "epsdiluted": 0.08,
        "weightedAverageShsOut": 181707000,
        "weightedAverageShsOutDil": 181998000,
        "link": "https://www.sec.gov/Archives/edgar/data/109380/000119312511134171/0001193125-11-134171-index.htm",
        "finalLink": "https://www.sec.gov/Archives/edgar/data/109380/000119312511134171/d10q.htm"
    },
    {
        "date": "2010-12-31",
        "symbol": "ZION",
        "reportedCurrency": "USD",
        "cik": "0000109380",
        "fillingDate": "2011-03-01",
        "acceptedDate": "2011-03-01 15:44:04",
        "calendarYear": "2010",
        "period": "Q4",
        "revenue": 639695000,
        "costOfRevenue": 340412000,
        "grossProfit": 299283000,
        "grossProfitRatio": 0.4678526485,
        "researchAndDevelopmentExpenses": 0,
        "generalAndAdministrativeExpenses": 281110000,
        "sellingAndMarketingExpenses": 7099000,
        "sellingGeneralAndAdministrativeExpenses": 288209000,
        "otherExpenses": 107565000,
        "operatingExpenses": 395774000,
        "costAndExpenses": 736186000,
        "interestIncome": 574038000,
        "interestExpense": 167170000,
        "depreciationAndAmortization": 164750000,
        "ebitda": 68259000,
        "ebitdaratio": 0.1067055394,
        "operatingIncome": -96491000,
        "operatingIncomeRatio": -0.1508390717,
        "totalOtherIncomeExpensesNet": 0,
        "incomeBeforeTax": -96491000,
        "incomeBeforeTaxRatio": -0.1508390717,
        "incomeTaxExpense": -24097000,
        "netIncome": -72200000,
        "netIncomeRatio": -0.1128662878,
        "eps": -0.62,
        "epsdiluted": -0.62,
        "weightedAverageShsOut": 178098000,
        "weightedAverageShsOutDil": 178098000,
        "link": "https://www.sec.gov/Archives/edgar/data/109380/000119312511051989/0001193125-11-051989-index.htm",
        "finalLink": "https://www.sec.gov/Archives/edgar/data/109380/000119312511051989/d10k.htm"
    },
    {
        "date": "2010-09-30",
        "symbol": "ZION",
        "reportedCurrency": "USD",
        "cik": "0000109380",
        "fillingDate": "2010-11-09",
        "acceptedDate": "2010-11-09 16:15:02",
        "calendarYear": "2010",
        "period": "Q3",
        "revenue": 706972000,
        "costOfRevenue": 314727000,
        "grossProfit": 392245000,
        "grossProfitRatio": 0.5548239534,
        "researchAndDevelopmentExpenses": 0,
        "generalAndAdministrativeExpenses": 233653000,
        "sellingAndMarketingExpenses": 5575000,
        "sellingGeneralAndAdministrativeExpenses": 239228000,
        "otherExpenses": 231654000,
        "operatingExpenses": 470882000,
        "costAndExpenses": 785609000,
        "interestIncome": 581934000,
        "interestExpense": 130059000,
        "depreciationAndAmortization": 65488000,
        "ebitda": -13149000,
        "ebitdaratio": -0.0185990393,
        "operatingIncome": -78637000,
        "operatingIncomeRatio": -0.1112307135,
        "totalOtherIncomeExpensesNet": 0,
        "incomeBeforeTax": -78637000,
        "incomeBeforeTaxRatio": -0.1112307135,
        "incomeTaxExpense": -31180000,
        "netIncome": -47325000,
        "netIncomeRatio": -0.0669404163,
        "eps": -0.47,
        "epsdiluted": -0.47,
        "weightedAverageShsOut": 172865000,
        "weightedAverageShsOutDil": 172865000,
        "link": "https://www.sec.gov/Archives/edgar/data/109380/000119312510254152/0001193125-10-254152-index.htm",
        "finalLink": "https://www.sec.gov/Archives/edgar/data/109380/000119312510254152/d10q.htm"
    },
    {
        "date": "2010-06-30",
        "symbol": "ZION",
        "reportedCurrency": "USD",
        "cik": "0000109380",
        "fillingDate": "2010-08-09",
        "acceptedDate": "2010-08-09 14:25:00",
        "calendarYear": "2010",
        "period": "Q2",
        "revenue": 702332000,
        "costOfRevenue": 399055000,
        "grossProfit": 303277000,
        "grossProfitRatio": 0.4318142987,
        "researchAndDevelopmentExpenses": 0,
        "generalAndAdministrativeExpenses": 232214000,
        "sellingAndMarketingExpenses": 5772000,
        "sellingGeneralAndAdministrativeExpenses": 237986000,
        "otherExpenses": 201550000,
        "operatingExpenses": 439536000,
        "costAndExpenses": 838591000,
        "interestIncome": 583738000,
        "interestExpense": 170392000,
        "depreciationAndAmortization": 96262000,
        "ebitda": -39997000,
        "ebitdaratio": -0.0569488504,
        "operatingIncome": -136259000,
        "operatingIncomeRatio": -0.1940093859,
        "totalOtherIncomeExpensesNet": 0,
        "incomeBeforeTax": -136259000,
        "incomeBeforeTaxRatio": -0.1940093859,
        "incomeTaxExpense": -22898000,
        "netIncome": -112993000,
        "netIncomeRatio": -0.1608826025,
        "eps": -0.84,
        "epsdiluted": -0.84,
        "weightedAverageShsOut": 161810000,
        "weightedAverageShsOutDil": 161810000,
        "link": "https://www.sec.gov/Archives/edgar/data/109380/000119312510183099/0001193125-10-183099-index.htm",
        "finalLink": "https://www.sec.gov/Archives/edgar/data/109380/000119312510183099/d10q.htm"
    },
    {
        "date": "2010-03-31",
        "symbol": "ZION",
        "reportedCurrency": "USD",
        "cik": "0000109380",
        "fillingDate": "2010-05-10",
        "acceptedDate": "2010-05-10 16:21:14",
        "calendarYear": "2010",
        "period": "Q1",
        "revenue": 711308000,
        "costOfRevenue": 390400000,
        "grossProfit": 320908000,
        "grossProfitRatio": 0.4511519623,
        "researchAndDevelopmentExpenses": 0,
        "generalAndAdministrativeExpenses": 228543000,
        "sellingAndMarketingExpenses": 6374000,
        "sellingGeneralAndAdministrativeExpenses": 234917000,
        "otherExpenses": 177772000,
        "operatingExpenses": 412689000,
        "costAndExpenses": 803089000,
        "interestIncome": 580135000,
        "interestExpense": 124835000,
        "depreciationAndAmortization": 46254000,
        "ebitda": -45527000,
        "ebitdaratio": -0.0640046225,
        "operatingIncome": -91781000,
        "operatingIncomeRatio": -0.1290313057,
        "totalOtherIncomeExpensesNet": 0,
        "incomeBeforeTax": -91781000,
        "incomeBeforeTaxRatio": -0.1290313057,
        "incomeTaxExpense": -28644000,
        "netIncome": -60210000,
        "netIncomeRatio": -0.0846468759,
        "eps": -0.57,
        "epsdiluted": -0.57,
        "weightedAverageShsOut": 151073000,
        "weightedAverageShsOutDil": 151073000,
        "link": "https://www.sec.gov/Archives/edgar/data/109380/000119312510114638/0001193125-10-114638-index.htm",
        "finalLink": "https://www.sec.gov/Archives/edgar/data/109380/000119312510114638/d10q.htm"
    },
    {
        "date": "2009-12-31",
        "symbol": "ZION",
        "reportedCurrency": "USD",
        "cik": "0000109380",
        "fillingDate": "2010-03-01",
        "acceptedDate": "2010-03-01 16:30:46",
        "calendarYear": "2009",
        "period": "Q4",
        "revenue": 349062000,
        "costOfRevenue": 609337000,
        "grossProfit": -260275000,
        "grossProfitRatio": -0.7456411755,
        "researchAndDevelopmentExpenses": 0,
        "generalAndAdministrativeExpenses": 288103000,
        "sellingAndMarketingExpenses": 5738000,
        "sellingGeneralAndAdministrativeExpenses": 293841000,
        "otherExpenses": -266342000,
        "operatingExpenses": 27499000,
        "costAndExpenses": 636836000,
        "interestIncome": 606126000,
        "interestExpense": 153107000,
        "depreciationAndAmortization": 55943000,
        "ebitda": -231831000,
        "ebitdaratio": -0.664154219,
        "operatingIncome": -287774000,
        "operatingIncomeRatio": -0.8244208765,
        "totalOtherIncomeExpensesNet": 0,
        "incomeBeforeTax": -287774000,
        "incomeBeforeTaxRatio": -0.8244208765,
        "incomeTaxExpense": -116812000,
        "netIncome": -169539000,
        "netIncomeRatio": -0.4856988157,
        "eps": -1.12,
        "epsdiluted": -1.12,
        "weightedAverageShsOut": 151073000,
        "weightedAverageShsOutDil": 151073000,
        "link": "https://www.sec.gov/Archives/edgar/data/109380/000119312510044760/0001193125-10-044760-index.htm",
        "finalLink": "https://www.sec.gov/Archives/edgar/data/109380/000119312510044760/d10k.htm"
    },
    {
        "date": "2009-09-30",
        "symbol": "ZION",
        "reportedCurrency": "USD",
        "cik": "0000109380",
        "fillingDate": "2009-11-09",
        "acceptedDate": "2009-11-09 17:00:06",
        "calendarYear": "2009",
        "period": "Q3",
        "revenue": 956460000,
        "costOfRevenue": 725552000,
        "grossProfit": 230908000,
        "grossProfitRatio": 0.2414194007,
        "researchAndDevelopmentExpenses": 0,
        "generalAndAdministrativeExpenses": 214509000,
        "sellingAndMarketingExpenses": 4418000,
        "sellingGeneralAndAdministrativeExpenses": 218927000,
        "otherExpenses": 269698000,
        "operatingExpenses": 488625000,
        "costAndExpenses": 1214177000,
        "interestIncome": 631802000,
        "interestExpense": 159622000,
        "depreciationAndAmortization": 87850000,
        "ebitda": -169867000,
        "ebitdaratio": -0.1775996905,
        "operatingIncome": -257717000,
        "operatingIncomeRatio": -0.2694488008,
        "totalOtherIncomeExpensesNet": 0,
        "incomeBeforeTax": -257717000,
        "incomeBeforeTaxRatio": -0.2694488008,
        "incomeTaxExpense": -100046000,
        "netIncome": -155277000,
        "netIncomeRatio": -0.1623455241,
        "eps": -1.41,
        "epsdiluted": -1.41,
        "weightedAverageShsOut": 127581000,
        "weightedAverageShsOutDil": 127581000,
        "link": "https://www.sec.gov/Archives/edgar/data/109380/000119312509229538/0001193125-09-229538-index.htm",
        "finalLink": "https://www.sec.gov/Archives/edgar/data/109380/000119312509229538/d10q.htm"
    },
    {
        "date": "2009-06-30",
        "symbol": "ZION",
        "reportedCurrency": "USD",
        "cik": "0000109380",
        "fillingDate": "2009-08-10",
        "acceptedDate": "2009-08-10 13:59:15",
        "calendarYear": "2009",
        "period": "Q2",
        "revenue": 1293020000,
        "costOfRevenue": 906662000,
        "grossProfit": 386358000,
        "grossProfitRatio": 0.2988028027,
        "researchAndDevelopmentExpenses": 0,
        "generalAndAdministrativeExpenses": 252785000,
        "sellingAndMarketingExpenses": 5678000,
        "sellingGeneralAndAdministrativeExpenses": 258463000,
        "otherExpenses": 203594000,
        "operatingExpenses": 462057000,
        "costAndExpenses": 1368719000,
        "interestIncome": 637696000,
        "interestExpense": 144008000,
        "depreciationAndAmortization": 36721000,
        "ebitda": -38978000,
        "ebitdaratio": -0.030144932,
        "operatingIncome": -75699000,
        "operatingIncomeRatio": -0.0585443381,
        "totalOtherIncomeExpensesNet": 0,
        "incomeBeforeTax": -75699000,
        "incomeBeforeTaxRatio": -0.0585443381,
        "incomeTaxExpense": -23761000,
        "netIncome": -50729000,
        "netIncomeRatio": -0.0392329585,
        "eps": -0.35,
        "epsdiluted": -0.35,
        "weightedAverageShsOut": 115908000,
        "weightedAverageShsOutDil": 115908000,
        "link": "https://www.sec.gov/Archives/edgar/data/109380/000119312509170351/0001193125-09-170351-index.htm",
        "finalLink": "https://www.sec.gov/Archives/edgar/data/109380/000119312509170351/d10q.htm"
    },
    {
        "date": "2009-03-31",
        "symbol": "ZION",
        "reportedCurrency": "USD",
        "cik": "0000109380",
        "fillingDate": "2009-05-11",
        "acceptedDate": "2009-05-11 15:46:11",
        "calendarYear": "2009",
        "period": "Q1",
        "revenue": 568705000,
        "costOfRevenue": 462551000,
        "grossProfit": 106154000,
        "grossProfitRatio": 0.1866591642,
        "researchAndDevelopmentExpenses": 0,
        "generalAndAdministrativeExpenses": 212571000,
        "sellingAndMarketingExpenses": 7148000,
        "sellingGeneralAndAdministrativeExpenses": 219719000,
        "otherExpenses": 864743000,
        "operatingExpenses": 1084462000,
        "costAndExpenses": 1547013000,
        "interestIncome": 639702000,
        "interestExpense": 164927000,
        "depreciationAndAmortization": 36396000,
        "ebitda": -941912000,
        "ebitdaratio": -1.6562400542,
        "operatingIncome": -978308000,
        "operatingIncomeRatio": -1.7202380848,
        "totalOtherIncomeExpensesNet": 0,
        "incomeBeforeTax": -978308000,
        "incomeBeforeTaxRatio": -1.7202380848,
        "incomeTaxExpense": -151727000,
        "netIncome": -826041000,
        "netIncomeRatio": -1.4524947029,
        "eps": -7.47,
        "epsdiluted": -7.47,
        "weightedAverageShsOut": 114106000,
        "weightedAverageShsOutDil": 114106000,
        "link": "https://www.sec.gov/Archives/edgar/data/109380/000119312509107054/0001193125-09-107054-index.htm",
        "finalLink": "https://www.sec.gov/Archives/edgar/data/109380/000119312509107054/d10q.htm"
    },
    {
        "date": "2008-12-31",
        "symbol": "ZION",
        "reportedCurrency": "USD",
        "cik": "0000109380",
        "fillingDate": "2009-02-27",
        "acceptedDate": "2009-02-27 16:03:00",
        "calendarYear": "2008",
        "period": "Q4",
        "revenue": 642910000,
        "costOfRevenue": 501947000,
        "grossProfit": 140963000,
        "grossProfitRatio": 0.2192577499,
        "researchAndDevelopmentExpenses": 0,
        "generalAndAdministrativeExpenses": 248174000,
        "sellingAndMarketingExpenses": 10078000,
        "sellingGeneralAndAdministrativeExpenses": 258252000,
        "otherExpenses": 497263000,
        "operatingExpenses": 755515000,
        "costAndExpenses": 1257462000,
        "interestIncome": 725200000,
        "interestExpense": 216758000,
        "depreciationAndAmortization": 38375000,
        "ebitda": -576177000,
        "ebitdaratio": -0.8962016456,
        "operatingIncome": -614552000,
        "operatingIncomeRatio": -0.9558911823,
        "totalOtherIncomeExpensesNet": 0,
        "incomeBeforeTax": -614552000,
        "incomeBeforeTaxRatio": -0.9558911823,
        "incomeTaxExpense": -126512000,
        "netIncome": -482976000,
        "netIncomeRatio": -0.7512342319,
        "eps": -4.23,
        "epsdiluted": -4.23,
        "weightedAverageShsOut": 114104000,
        "weightedAverageShsOutDil": 114106000,
        "link": "https://www.sec.gov/Archives/edgar/data/109380/000119312509040927/0001193125-09-040927-index.htm",
        "finalLink": "https://www.sec.gov/Archives/edgar/data/109380/000119312509040927/d10k.htm"
    },
    {
        "date": "2008-09-30",
        "symbol": "ZION",
        "reportedCurrency": "USD",
        "cik": "0000109380",
        "fillingDate": "2008-11-07",
        "acceptedDate": "2008-11-07 16:06:33",
        "calendarYear": "2008",
        "period": "Q3",
        "revenue": 825262000,
        "costOfRevenue": 400255000,
        "grossProfit": 425007000,
        "grossProfitRatio": 0.5149964496,
        "researchAndDevelopmentExpenses": 0,
        "generalAndAdministrativeExpenses": 208995000,
        "sellingAndMarketingExpenses": 6782000,
        "sellingGeneralAndAdministrativeExpenses": 215777000,
        "otherExpenses": 160256000,
        "operatingExpenses": 376033000,
        "costAndExpenses": 776288000,
        "interestIncome": 735652000,
        "interestExpense": 243649000,
        "depreciationAndAmortization": 37647000,
        "ebitda": 86621000,
        "ebitdaratio": 0.1049618182,
        "operatingIncome": 48974000,
        "operatingIncomeRatio": 0.0593435782,
        "totalOtherIncomeExpensesNet": 0,
        "incomeBeforeTax": 48974000,
        "incomeBeforeTaxRatio": 0.0593435782,
        "incomeTaxExpense": 11214000,
        "netIncome": 37760000,
        "netIncomeRatio": 0.0457551662,
        "eps": 0.31,
        "epsdiluted": 0.31,
        "weightedAverageShsOut": 108407000,
        "weightedAverageShsOutDil": 108497000,
        "link": "https://www.sec.gov/Archives/edgar/data/109380/000119312508229998/0001193125-08-229998-index.htm",
        "finalLink": "https://www.sec.gov/Archives/edgar/data/109380/000119312508229998/d10q.htm"
    },
    {
        "date": "2008-06-30",
        "symbol": "ZION",
        "reportedCurrency": "USD",
        "cik": "0000109380",
        "fillingDate": "2008-06-30",
        "acceptedDate": "2008-06-29 20:00:00",
        "calendarYear": "2008",
        "period": "Q2",
        "revenue": 842186000,
        "costOfRevenue": 352381000,
        "grossProfit": 489805000,
        "grossProfitRatio": 0.5815876778,
        "researchAndDevelopmentExpenses": 0,
        "generalAndAdministrativeExpenses": 214451000,
        "sellingAndMarketingExpenses": 7520000,
        "sellingGeneralAndAdministrativeExpenses": 221971000,
        "otherExpenses": 179328000,
        "operatingExpenses": 401299000,
        "costAndExpenses": 753680000,
        "interestIncome": 722932000,
        "interestExpense": 238189000,
        "depreciationAndAmortization": 35565000,
        "ebitda": 124071000,
        "ebitdaratio": 0.1473201882,
        "operatingIncome": 88506000,
        "operatingIncomeRatio": 0.1050907994,
        "totalOtherIncomeExpensesNet": 0,
        "incomeBeforeTax": 88506000,
        "incomeBeforeTaxRatio": 0.1050907994,
        "incomeTaxExpense": 22037000,
        "netIncome": 72198000,
        "netIncomeRatio": 0.0857269059,
        "eps": 0.65,
        "epsdiluted": 0.65,
        "weightedAverageShsOut": 106595000,
        "weightedAverageShsOutDil": 106712000,
        "link": "",
        "finalLink": ""
    },
    {
        "date": "2008-03-31",
        "symbol": "ZION",
        "reportedCurrency": "USD",
        "cik": "0000109380",
        "fillingDate": "2008-05-09",
        "acceptedDate": "2008-05-09 16:06:41",
        "calendarYear": "2008",
        "period": "Q1",
        "revenue": 931832000,
        "costOfRevenue": 395939000,
        "grossProfit": 535893000,
        "grossProfitRatio": 0.5750961547,
        "researchAndDevelopmentExpenses": 0,
        "generalAndAdministrativeExpenses": 223346000,
        "sellingAndMarketingExpenses": 6351000,
        "sellingGeneralAndAdministrativeExpenses": 229697000,
        "otherExpenses": 151123000,
        "operatingExpenses": 380820000,
        "costAndExpenses": 776759000,
        "interestIncome": 790115000,
        "interestExpense": 303657000,
        "depreciationAndAmortization": 28614000,
        "ebitda": 183687000,
        "ebitdaratio": 0.197124589,
        "operatingIncome": 155073000,
        "operatingIncomeRatio": 0.166417337,
        "totalOtherIncomeExpensesNet": 0,
        "incomeBeforeTax": 155073000,
        "incomeBeforeTaxRatio": 0.166417337,
        "incomeTaxExpense": 49896000,
        "netIncome": 106749000,
        "netIncomeRatio": 0.1145582036,
        "eps": 0.97,
        "epsdiluted": 0.97,
        "weightedAverageShsOut": 106514000,
        "weightedAverageShsOutDil": 106722000,
        "link": "https://www.sec.gov/Archives/edgar/data/109380/000010938008000082/0000109380-08-000082-index.htm",
        "finalLink": "https://www.sec.gov/Archives/edgar/data/109380/000010938008000082/zions10q.htm"
    },
    {
        "date": "2007-12-31",
        "symbol": "ZION",
        "reportedCurrency": "USD",
        "cik": "0000109380",
        "fillingDate": "2008-02-28",
        "acceptedDate": "2008-02-28 17:05:49",
        "calendarYear": "2007",
        "period": "Q4",
        "revenue": 807285000,
        "costOfRevenue": 420452000,
        "grossProfit": 386833000,
        "grossProfitRatio": 0.4791777377,
        "researchAndDevelopmentExpenses": 0,
        "generalAndAdministrativeExpenses": 227653000,
        "sellingAndMarketingExpenses": 6322000,
        "sellingGeneralAndAdministrativeExpenses": 233975000,
        "otherExpenses": 110336000,
        "operatingExpenses": 344311000,
        "costAndExpenses": 764763000,
        "interestIncome": 827519000,
        "interestExpense": 348634000,
        "depreciationAndAmortization": 31000000,
        "ebitda": 73522000,
        "ebitdaratio": 0.091073165,
        "operatingIncome": 42522000,
        "operatingIncomeRatio": 0.0526728479,
        "totalOtherIncomeExpensesNet": 0,
        "incomeBeforeTax": 42522000,
        "incomeBeforeTaxRatio": 0.0526728479,
        "incomeTaxExpense": -11035000,
        "netIncome": 45541000,
        "netIncomeRatio": 0.0564125433,
        "eps": 0.43,
        "epsdiluted": 0.43,
        "weightedAverageShsOut": 106514000,
        "weightedAverageShsOutDil": 106722000,
        "link": "https://www.sec.gov/Archives/edgar/data/109380/000119312508041960/0001193125-08-041960-index.htm",
        "finalLink": "https://www.sec.gov/Archives/edgar/data/109380/000119312508041960/d10k.htm"
    },
    {
        "date": "2007-09-30",
        "symbol": "ZION",
        "reportedCurrency": "USD",
        "cik": "0000109380",
        "fillingDate": "2007-11-07",
        "acceptedDate": "2007-11-07 16:56:52",
        "calendarYear": "2007",
        "period": "Q3",
        "revenue": 963565000,
        "costOfRevenue": 396459000,
        "grossProfit": 567106000,
        "grossProfitRatio": 0.5885498124,
        "researchAndDevelopmentExpenses": 0,
        "generalAndAdministrativeExpenses": 204488000,
        "sellingAndMarketingExpenses": 6624000,
        "sellingGeneralAndAdministrativeExpenses": 211112000,
        "otherExpenses": 148409000,
        "operatingExpenses": 359521000,
        "costAndExpenses": 755980000,
        "interestIncome": 817742000,
        "interestExpense": 341105000,
        "depreciationAndAmortization": 31326000,
        "ebitda": 238911000,
        "ebitdaratio": 0.2479448714,
        "operatingIncome": 207585000,
        "operatingIncomeRatio": 0.2154343506,
        "totalOtherIncomeExpensesNet": 0,
        "incomeBeforeTax": 207585000,
        "incomeBeforeTaxRatio": 0.2154343506,
        "incomeTaxExpense": 71853000,
        "netIncome": 135732000,
        "netIncomeRatio": 0.1408643942,
        "eps": 1.24,
        "epsdiluted": 1.22,
        "weightedAverageShsOut": 106814000,
        "weightedAverageShsOutDil": 107880000,
        "link": "https://www.sec.gov/Archives/edgar/data/109380/000119312507238578/0001193125-07-238578-index.htm",
        "finalLink": "https://www.sec.gov/Archives/edgar/data/109380/000119312507238578/d10q.htm"
    },
    {
        "date": "2007-06-30",
        "symbol": "ZION",
        "reportedCurrency": "USD",
        "cik": "0000109380",
        "fillingDate": "2007-08-09",
        "acceptedDate": "2007-08-09 13:12:04",
        "calendarYear": "2007",
        "period": "Q2",
        "revenue": 930955000,
        "costOfRevenue": 338030000,
        "grossProfit": 592925000,
        "grossProfitRatio": 0.6368997427,
        "researchAndDevelopmentExpenses": 0,
        "generalAndAdministrativeExpenses": 198668000,
        "sellingAndMarketingExpenses": 7517000,
        "sellingGeneralAndAdministrativeExpenses": 206185000,
        "otherExpenses": 141461000,
        "operatingExpenses": 347646000,
        "costAndExpenses": 685676000,
        "interestIncome": 789614000,
        "interestExpense": 320267000,
        "depreciationAndAmortization": 32480000,
        "ebitda": 277759000,
        "ebitdaratio": 0.2983592118,
        "operatingIncome": 245279000,
        "operatingIncomeRatio": 0.2634703074,
        "totalOtherIncomeExpensesNet": 0,
        "incomeBeforeTax": 245279000,
        "incomeBeforeTaxRatio": 0.2634703074,
        "incomeTaxExpense": 86065000,
        "netIncome": 159214000,
        "netIncomeRatio": 0.1710222299,
        "eps": 1.44,
        "epsdiluted": 1.43,
        "weightedAverageShsOut": 107803000,
        "weightedAverageShsOutDil": 109124000,
        "link": "https://www.sec.gov/Archives/edgar/data/109380/000119312507177078/0001193125-07-177078-index.htm",
        "finalLink": "https://www.sec.gov/Archives/edgar/data/109380/000119312507177078/d10q.htm"
    },
    {
        "date": "2007-03-31",
        "symbol": "ZION",
        "reportedCurrency": "USD",
        "cik": "0000109380",
        "fillingDate": "2007-05-10",
        "acceptedDate": "2007-05-10 15:09:19",
        "calendarYear": "2007",
        "period": "Q1",
        "revenue": 915865000,
        "costOfRevenue": 322479000,
        "grossProfit": 593386000,
        "grossProfitRatio": 0.647896797,
        "researchAndDevelopmentExpenses": 0,
        "generalAndAdministrativeExpenses": 205587000,
        "sellingAndMarketingExpenses": 6457000,
        "sellingGeneralAndAdministrativeExpenses": 212044000,
        "otherExpenses": 139230000,
        "operatingExpenses": 351274000,
        "costAndExpenses": 673753000,
        "interestIncome": 770451000,
        "interestExpense": 313368000,
        "depreciationAndAmortization": 30167000,
        "ebitda": 272279000,
        "ebitdaratio": 0.2972916314,
        "operatingIncome": 242112000,
        "operatingIncomeRatio": 0.2643533709,
        "totalOtherIncomeExpensesNet": 0,
        "incomeBeforeTax": 242112000,
        "incomeBeforeTaxRatio": 0.2643533709,
        "incomeTaxExpense": 88854000,
        "netIncome": 153258000,
        "netIncomeRatio": 0.1673368892,
        "eps": 1.38,
        "epsdiluted": 1.36,
        "weightedAverageShsOut": 108414000,
        "weightedAverageShsOutDil": 110107000,
        "link": "https://www.sec.gov/Archives/edgar/data/109380/000119312507110045/0001193125-07-110045-index.htm",
        "finalLink": "https://www.sec.gov/Archives/edgar/data/109380/000119312507110045/d10q.htm"
    },
    {
        "date": "2006-12-31",
        "symbol": "ZION",
        "reportedCurrency": "USD",
        "cik": "0000109380",
        "fillingDate": "2007-03-01",
        "acceptedDate": "2007-03-01 15:27:18",
        "calendarYear": "2006",
        "period": "Q4",
        "revenue": 901588000,
        "costOfRevenue": 330591000,
        "grossProfit": 570997000,
        "grossProfitRatio": 0.6333236467,
        "researchAndDevelopmentExpenses": 0,
        "generalAndAdministrativeExpenses": 222703000,
        "sellingAndMarketingExpenses": 7100000,
        "sellingGeneralAndAdministrativeExpenses": 229803000,
        "otherExpenses": 102756000,
        "operatingExpenses": 332559000,
        "costAndExpenses": 663150000,
        "interestIncome": 761707000,
        "interestExpense": 302668000,
        "depreciationAndAmortization": 33974000,
        "ebitda": 272412000,
        "ebitdaratio": 0.3021468786,
        "operatingIncome": 238438000,
        "operatingIncomeRatio": 0.2644644782,
        "totalOtherIncomeExpensesNet": 0,
        "incomeBeforeTax": 238438000,
        "incomeBeforeTaxRatio": 0.2644644782,
        "incomeTaxExpense": 80081000,
        "netIncome": 146508000,
        "netIncomeRatio": 0.1624999445,
        "eps": 1.35,
        "epsdiluted": 1.33,
        "weightedAverageShsOut": 108414000,
        "weightedAverageShsOutDil": 110107000,
        "link": "https://www.sec.gov/Archives/edgar/data/109380/000119312507044275/0001193125-07-044275-index.htm",
        "finalLink": "https://www.sec.gov/Archives/edgar/data/109380/000119312507044275/d10k.htm"
    },
    {
        "date": "2006-09-30",
        "symbol": "ZION",
        "reportedCurrency": "USD",
        "cik": "0000109380",
        "fillingDate": "2006-11-09",
        "acceptedDate": "2006-11-09 14:13:18",
        "calendarYear": "2006",
        "period": "Q3",
        "revenue": 877072000,
        "costOfRevenue": 299595000,
        "grossProfit": 577477000,
        "grossProfitRatio": 0.6584145885,
        "researchAndDevelopmentExpenses": 0,
        "generalAndAdministrativeExpenses": 190554000,
        "sellingAndMarketingExpenses": 6566000,
        "sellingGeneralAndAdministrativeExpenses": 197120000,
        "otherExpenses": 142893000,
        "operatingExpenses": 340013000,
        "costAndExpenses": 639608000,
        "interestIncome": 731743000,
        "interestExpense": 285232000,
        "depreciationAndAmortization": 35442000,
        "ebitda": 272906000,
        "ebitdaratio": 0.3111557546,
        "operatingIncome": 237464000,
        "operatingIncomeRatio": 0.2707463013,
        "totalOtherIncomeExpensesNet": 0,
        "incomeBeforeTax": 237464000,
        "incomeBeforeTaxRatio": 0.2707463013,
        "incomeTaxExpense": 83790000,
        "netIncome": 153674000,
        "netIncomeRatio": 0.1752125253,
        "eps": 1.45,
        "epsdiluted": 1.42,
        "weightedAverageShsOut": 106285000,
        "weightedAverageShsOutDil": 108061000,
        "link": "https://www.sec.gov/Archives/edgar/data/109380/000119312506230050/0001193125-06-230050-index.htm",
        "finalLink": "https://www.sec.gov/Archives/edgar/data/109380/000119312506230050/d10q.htm"
    },
    {
        "date": "2006-06-30",
        "symbol": "ZION",
        "reportedCurrency": "USD",
        "cik": "0000109380",
        "fillingDate": "2006-08-09",
        "acceptedDate": "2006-08-09 12:18:16",
        "calendarYear": "2006",
        "period": "Q2",
        "revenue": 824127000,
        "costOfRevenue": 267311000,
        "grossProfit": 556816000,
        "grossProfitRatio": 0.6756434385,
        "researchAndDevelopmentExpenses": 0,
        "generalAndAdministrativeExpenses": 185643000,
        "sellingAndMarketingExpenses": 6814000,
        "sellingGeneralAndAdministrativeExpenses": 192457000,
        "otherExpenses": 140228000,
        "operatingExpenses": 332685000,
        "costAndExpenses": 599996000,
        "interestIncome": 686616000,
        "interestExpense": 250289000,
        "depreciationAndAmortization": 32343000,
        "ebitda": 256474000,
        "ebitdaratio": 0.3112068892,
        "operatingIncome": 224131000,
        "operatingIncomeRatio": 0.2719617243,
        "totalOtherIncomeExpensesNet": 0,
        "incomeBeforeTax": 224131000,
        "incomeBeforeTaxRatio": 0.2719617243,
        "incomeTaxExpense": 78821000,
        "netIncome": 145310000,
        "netIncomeRatio": 0.1763199119,
        "eps": 1.37,
        "epsdiluted": 1.35,
        "weightedAverageShsOut": 106001000,
        "weightedAverageShsOutDil": 107883000,
        "link": "https://www.sec.gov/Archives/edgar/data/109380/000119312506167211/0001193125-06-167211-index.htm",
        "finalLink": "https://www.sec.gov/Archives/edgar/data/109380/000119312506167211/d10q.htm"
    },
    {
        "date": "2006-03-31",
        "symbol": "ZION",
        "reportedCurrency": "USD",
        "cik": "0000109380",
        "fillingDate": "2006-05-10",
        "acceptedDate": "2006-05-10 14:47:55",
        "calendarYear": "2006",
        "period": "Q1",
        "revenue": 768001000,
        "costOfRevenue": 229735000,
        "grossProfit": 538266000,
        "grossProfitRatio": 0.7008662749,
        "researchAndDevelopmentExpenses": 0,
        "generalAndAdministrativeExpenses": 186053000,
        "sellingAndMarketingExpenses": 6146000,
        "sellingGeneralAndAdministrativeExpenses": 192199000,
        "otherExpenses": 133176000,
        "operatingExpenses": 325375000,
        "costAndExpenses": 555110000,
        "interestIncome": 638070000,
        "interestExpense": 215223000,
        "depreciationAndAmortization": 32012000,
        "ebitda": 244903000,
        "ebitdaratio": 0.3188836994,
        "operatingIncome": 212891000,
        "operatingIncomeRatio": 0.277201462,
        "totalOtherIncomeExpensesNet": 0,
        "incomeBeforeTax": 212891000,
        "incomeBeforeTaxRatio": 0.277201462,
        "incomeTaxExpense": 75258000,
        "netIncome": 137633000,
        "netIncomeRatio": 0.1792094021,
        "eps": 1.3,
        "epsdiluted": 1.28,
        "weightedAverageShsOut": 105472000,
        "weightedAverageShsOutDil": 107725000,
        "link": "https://www.sec.gov/Archives/edgar/data/109380/000119312506107382/0001193125-06-107382-index.htm",
        "finalLink": "https://www.sec.gov/Archives/edgar/data/109380/000119312506107382/d10q.htm"
    },
    {
        "date": "2005-12-31",
        "symbol": "ZION",
        "reportedCurrency": "USD",
        "cik": "0000109380",
        "fillingDate": "2006-03-15",
        "acceptedDate": "2006-03-15 13:16:20",
        "calendarYear": "2005",
        "period": "Q4",
        "revenue": 666448000,
        "costOfRevenue": 183699000,
        "grossProfit": 482749000,
        "grossProfitRatio": 0.7243610904,
        "researchAndDevelopmentExpenses": 0,
        "generalAndAdministrativeExpenses": 154942000,
        "sellingAndMarketingExpenses": 6061000,
        "sellingGeneralAndAdministrativeExpenses": 161003000,
        "otherExpenses": 124500000,
        "operatingExpenses": 285503000,
        "costAndExpenses": 469202000,
        "interestIncome": 548402000,
        "interestExpense": 173583000,
        "depreciationAndAmortization": 29391000,
        "ebitda": 226637000,
        "ebitdaratio": 0.340067042,
        "operatingIncome": 197246000,
        "operatingIncomeRatio": 0.2959660769,
        "totalOtherIncomeExpensesNet": 0,
        "incomeBeforeTax": 197246000,
        "incomeBeforeTaxRatio": 0.2959660769,
        "incomeTaxExpense": 69139000,
        "netIncome": 128107000,
        "netIncomeRatio": 0.1922235493,
        "eps": 1.21,
        "epsdiluted": 1.19,
        "weightedAverageShsOut": 105472000,
        "weightedAverageShsOutDil": 107725000,
        "link": "https://www.sec.gov/Archives/edgar/data/109380/000119312506054744/0001193125-06-054744-index.htm",
        "finalLink": "https://www.sec.gov/Archives/edgar/data/109380/000119312506054744/d10k.htm"
    },
    {
        "date": "2005-09-30",
        "symbol": "ZION",
        "reportedCurrency": "USD",
        "cik": "0000109380",
        "fillingDate": "2005-11-08",
        "acceptedDate": "2005-11-08 17:02:29",
        "calendarYear": "2005",
        "period": "Q3",
        "revenue": 593772000,
        "costOfRevenue": 154732000,
        "grossProfit": 439040000,
        "grossProfitRatio": 0.7394083924,
        "researchAndDevelopmentExpenses": 0,
        "generalAndAdministrativeExpenses": 142590000,
        "sellingAndMarketingExpenses": 5875000,
        "sellingGeneralAndAdministrativeExpenses": 148465000,
        "otherExpenses": 99405000,
        "operatingExpenses": 247870000,
        "costAndExpenses": 402602000,
        "interestIncome": 483277000,
        "interestExpense": 142625000,
        "depreciationAndAmortization": 24779000,
        "ebitda": 215949000,
        "ebitdaratio": 0.3636901033,
        "operatingIncome": 191170000,
        "operatingIncomeRatio": 0.3219585969,
        "totalOtherIncomeExpensesNet": 0,
        "incomeBeforeTax": 191170000,
        "incomeBeforeTaxRatio": 0.3219585969,
        "incomeTaxExpense": 68200000,
        "netIncome": 122970000,
        "netIncomeRatio": 0.2070996948,
        "eps": 1.37,
        "epsdiluted": 1.34,
        "weightedAverageShsOut": 89980000,
        "weightedAverageShsOutDil": 91605000,
        "link": "https://www.sec.gov/Archives/edgar/data/109380/000119312505219891/0001193125-05-219891-index.htm",
        "finalLink": "https://www.sec.gov/Archives/edgar/data/109380/000119312505219891/d10q.htm"
    },
    {
        "date": "2005-06-30",
        "symbol": "ZION",
        "reportedCurrency": "USD",
        "cik": "0000109380",
        "fillingDate": "2005-08-08",
        "acceptedDate": "2005-08-08 17:12:34",
        "calendarYear": "2005",
        "period": "Q2",
        "revenue": 562288000,
        "costOfRevenue": 136225000,
        "grossProfit": 426063000,
        "grossProfitRatio": 0.7577309137,
        "researchAndDevelopmentExpenses": 0,
        "generalAndAdministrativeExpenses": 138244000,
        "sellingAndMarketingExpenses": 5335000,
        "sellingGeneralAndAdministrativeExpenses": 143579000,
        "otherExpenses": 97344000,
        "operatingExpenses": 240923000,
        "costAndExpenses": 377148000,
        "interestIncome": 455736000,
        "interestExpense": 124808000,
        "depreciationAndAmortization": 23950000,
        "ebitda": 209090000,
        "ebitdaratio": 0.3718557038,
        "operatingIncome": 185140000,
        "operatingIncomeRatio": 0.3292618729,
        "totalOtherIncomeExpensesNet": 0,
        "incomeBeforeTax": 185140000,
        "incomeBeforeTaxRatio": 0.3292618729,
        "incomeTaxExpense": 66330000,
        "netIncome": 118810000,
        "netIncomeRatio": 0.2112974134,
        "eps": 1.32,
        "epsdiluted": 1.3,
        "weightedAverageShsOut": 89846000,
        "weightedAverageShsOutDil": 91610000,
        "link": "https://www.sec.gov/Archives/edgar/data/109380/000119312505160884/0001193125-05-160884-index.htm",
        "finalLink": "https://www.sec.gov/Archives/edgar/data/109380/000119312505160884/d10q.htm"
    },
    {
        "date": "2005-03-31",
        "symbol": "ZION",
        "reportedCurrency": "USD",
        "cik": "0000109380",
        "fillingDate": "2005-05-05",
        "acceptedDate": "2005-05-05 16:48:36",
        "calendarYear": "2005",
        "period": "Q1",
        "revenue": 525837000,
        "costOfRevenue": 117273000,
        "grossProfit": 408564000,
        "grossProfitRatio": 0.7769784173,
        "researchAndDevelopmentExpenses": 0,
        "generalAndAdministrativeExpenses": 138126000,
        "sellingAndMarketingExpenses": 4093000,
        "sellingGeneralAndAdministrativeExpenses": 142219000,
        "otherExpenses": 96362000,
        "operatingExpenses": 238581000,
        "costAndExpenses": 355854000,
        "interestIncome": 422841000,
        "interestExpense": 107890000,
        "depreciationAndAmortization": 22547000,
        "ebitda": 192530000,
        "ebitdaratio": 0.3661400776,
        "operatingIncome": 169983000,
        "operatingIncomeRatio": 0.3232617712,
        "totalOtherIncomeExpensesNet": 0,
        "incomeBeforeTax": 169983000,
        "incomeBeforeTaxRatio": 0.3232617712,
        "incomeTaxExpense": 59749000,
        "netIncome": 110234000,
        "netIncomeRatio": 0.2096353052,
        "eps": 1.23,
        "epsdiluted": 1.2,
        "weightedAverageShsOut": 89877000,
        "weightedAverageShsOutDil": 91494000,
        "link": "https://www.sec.gov/Archives/edgar/data/109380/000119312505097567/0001193125-05-097567-index.htm",
        "finalLink": "https://www.sec.gov/Archives/edgar/data/109380/000119312505097567/d10q.htm"
    },
    {
        "date": "2004-12-31",
        "symbol": "ZION",
        "reportedCurrency": "USD",
        "cik": "0000109380",
        "fillingDate": "2005-03-03",
        "acceptedDate": "2005-03-03 17:01:01",
        "calendarYear": "2004",
        "period": "Q4",
        "revenue": 503258000,
        "costOfRevenue": 108086000,
        "grossProfit": 395172000,
        "grossProfitRatio": 0.7852274579,
        "researchAndDevelopmentExpenses": 0,
        "generalAndAdministrativeExpenses": 138062000,
        "sellingAndMarketingExpenses": 4930000,
        "sellingGeneralAndAdministrativeExpenses": 142992000,
        "otherExpenses": 94558000,
        "operatingExpenses": 237550000,
        "costAndExpenses": 345636000,
        "interestIncome": 408217000,
        "interestExpense": 94927000,
        "depreciationAndAmortization": 10815000,
        "ebitda": 168437000,
        "ebitdaratio": 0.3346931395,
        "operatingIncome": 157622000,
        "operatingIncomeRatio": 0.3132031682,
        "totalOtherIncomeExpensesNet": 0,
        "incomeBeforeTax": 157622000,
        "incomeBeforeTaxRatio": 0.3132031682,
        "incomeTaxExpense": 52641000,
        "netIncome": 104981000,
        "netIncomeRatio": 0.2086027445,
        "eps": 1.17,
        "epsdiluted": 1.15,
        "weightedAverageShsOut": 89877000,
        "weightedAverageShsOutDil": 91494000,
        "link": "https://www.sec.gov/Archives/edgar/data/109380/000119312505041747/0001193125-05-041747-index.htm",
        "finalLink": "https://www.sec.gov/Archives/edgar/data/109380/000119312505041747/d10k.htm"
    },
    {
        "date": "2004-09-30",
        "symbol": "ZION",
        "reportedCurrency": "USD",
        "cik": "0000109380",
        "fillingDate": "2004-11-09",
        "acceptedDate": "2004-11-08 18:05:23",
        "calendarYear": "2004",
        "period": "Q3",
        "revenue": 492552000,
        "costOfRevenue": 97644000,
        "grossProfit": 394908000,
        "grossProfitRatio": 0.8017590021,
        "researchAndDevelopmentExpenses": 0,
        "generalAndAdministrativeExpenses": 133609000,
        "sellingAndMarketingExpenses": 4789000,
        "sellingGeneralAndAdministrativeExpenses": 138398000,
        "otherExpenses": 95875000,
        "operatingExpenses": 234273000,
        "costAndExpenses": 331917000,
        "interestIncome": 379396000,
        "interestExpense": 88281000,
        "depreciationAndAmortization": 34729000,
        "ebitda": 195364000,
        "ebitdaratio": 0.3966362942,
        "operatingIncome": 160635000,
        "operatingIncomeRatio": 0.3261280027,
        "totalOtherIncomeExpensesNet": 0,
        "incomeBeforeTax": 160635000,
        "incomeBeforeTaxRatio": 0.3261280027,
        "incomeTaxExpense": 58140000,
        "netIncome": 102495000,
        "netIncomeRatio": 0.2080897042,
        "eps": 1.14,
        "epsdiluted": 1.13,
        "weightedAverageShsOut": 89617000,
        "weightedAverageShsOutDil": 90957000,
        "link": "https://www.sec.gov/Archives/edgar/data/109380/000119312504189750/0001193125-04-189750-index.htm",
        "finalLink": "https://www.sec.gov/Archives/edgar/data/109380/000119312504189750/d10q.htm"
    },
    {
        "date": "2004-06-30",
        "symbol": "ZION",
        "reportedCurrency": "USD",
        "cik": "0000109380",
        "fillingDate": "2004-08-09",
        "acceptedDate": "2004-08-09 16:20:29",
        "calendarYear": "2004",
        "period": "Q2",
        "revenue": 469758000,
        "costOfRevenue": 88535000,
        "grossProfit": 381223000,
        "grossProfitRatio": 0.8115306179,
        "researchAndDevelopmentExpenses": 0,
        "generalAndAdministrativeExpenses": 129354000,
        "sellingAndMarketingExpenses": 5186000,
        "sellingGeneralAndAdministrativeExpenses": 134540000,
        "otherExpenses": 93210000,
        "operatingExpenses": 227750000,
        "costAndExpenses": 316285000,
        "interestIncome": 359131000,
        "interestExpense": 78234000,
        "depreciationAndAmortization": 24896000,
        "ebitda": 178369000,
        "ebitdaratio": 0.3797040178,
        "operatingIncome": 153473000,
        "operatingIncomeRatio": 0.326706517,
        "totalOtherIncomeExpensesNet": 0,
        "incomeBeforeTax": 153473000,
        "incomeBeforeTaxRatio": 0.326706517,
        "incomeTaxExpense": 54631000,
        "netIncome": 98842000,
        "netIncomeRatio": 0.2104104667,
        "eps": 1.1,
        "epsdiluted": 1.09,
        "weightedAverageShsOut": 89589000,
        "weightedAverageShsOutDil": 90658000,
        "link": "https://www.sec.gov/Archives/edgar/data/109380/000110465904023383/0001104659-04-023383-index.htm",
        "finalLink": "https://www.sec.gov/Archives/edgar/data/109380/000110465904023383/a04-8999_110q.htm"
    },
    {
        "date": "2004-03-31",
        "symbol": "ZION",
        "reportedCurrency": "USD",
        "cik": "0000109380",
        "fillingDate": "2004-05-10",
        "acceptedDate": "2004-05-10 14:51:51",
        "calendarYear": "2004",
        "period": "Q1",
        "revenue": 457433000,
        "costOfRevenue": 80444000,
        "grossProfit": 376989000,
        "grossProfitRatio": 0.8241403659,
        "researchAndDevelopmentExpenses": 0,
        "generalAndAdministrativeExpenses": 130278000,
        "sellingAndMarketingExpenses": 4842000,
        "sellingGeneralAndAdministrativeExpenses": 135120000,
        "otherExpenses": 87486000,
        "operatingExpenses": 222606000,
        "costAndExpenses": 303050000,
        "interestIncome": 351383000,
        "interestExpense": 69200000,
        "depreciationAndAmortization": 24337000,
        "ebitda": 178720000,
        "ebitdaratio": 0.3907020263,
        "operatingIncome": 154383000,
        "operatingIncomeRatio": 0.3374986064,
        "totalOtherIncomeExpensesNet": 0,
        "incomeBeforeTax": 154383000,
        "incomeBeforeTaxRatio": 0.3374986064,
        "incomeTaxExpense": 54714000,
        "netIncome": 99669000,
        "netIncomeRatio": 0.2178876469,
        "eps": 1.11,
        "epsdiluted": 1.1,
        "weightedAverageShsOut": 89724000,
        "weightedAverageShsOutDil": 90905000,
        "link": "https://www.sec.gov/Archives/edgar/data/109380/000104746904016631/0001047469-04-016631-index.htm",
        "finalLink": "https://www.sec.gov/Archives/edgar/data/109380/000104746904016631/a2136106z10-q.htm"
    },
    {
        "date": "2003-12-31",
        "symbol": "ZION",
        "reportedCurrency": "USD",
        "cik": "0000109380",
        "fillingDate": "2004-03-15",
        "acceptedDate": "2004-03-15 14:20:59",
        "calendarYear": "2003",
        "period": "Q4",
        "revenue": 449813000,
        "costOfRevenue": 84786000,
        "grossProfit": 365027000,
        "grossProfitRatio": 0.8115083379,
        "researchAndDevelopmentExpenses": 0,
        "generalAndAdministrativeExpenses": 122725000,
        "sellingAndMarketingExpenses": 5103000,
        "sellingGeneralAndAdministrativeExpenses": 127828000,
        "otherExpenses": 89699000,
        "operatingExpenses": 217527000,
        "costAndExpenses": 302313000,
        "interestIncome": 347060000,
        "interestExpense": 68806000,
        "depreciationAndAmortization": 23274000,
        "ebitda": 170774000,
        "ebitdaratio": 0.3796555457,
        "operatingIncome": 147500000,
        "operatingIncomeRatio": 0.3279140443,
        "totalOtherIncomeExpensesNet": 0,
        "incomeBeforeTax": 147500000,
        "incomeBeforeTaxRatio": 0.3279140443,
        "incomeTaxExpense": 51890000,
        "netIncome": 95610000,
        "netIncomeRatio": 0.2125549951,
        "eps": 1.07,
        "epsdiluted": 1.05,
        "weightedAverageShsOut": 89724000,
        "weightedAverageShsOutDil": 90905000,
        "link": "https://www.sec.gov/Archives/edgar/data/109380/000119312504042018/0001193125-04-042018-index.htm",
        "finalLink": "https://www.sec.gov/Archives/edgar/data/109380/000119312504042018/d10k.htm"
    },
    {
        "date": "2003-09-30",
        "symbol": "ZION",
        "reportedCurrency": "USD",
        "cik": "0000109380",
        "fillingDate": "2003-11-13",
        "acceptedDate": "2003-11-13 15:21:14",
        "calendarYear": "2003",
        "period": "Q3",
        "revenue": 539568000,
        "costOfRevenue": 90573000,
        "grossProfit": 448995000,
        "grossProfitRatio": 0.8321379326,
        "researchAndDevelopmentExpenses": 0,
        "generalAndAdministrativeExpenses": 122550000,
        "sellingAndMarketingExpenses": 4188000,
        "sellingGeneralAndAdministrativeExpenses": 126738000,
        "otherExpenses": 191547000,
        "operatingExpenses": 318285000,
        "costAndExpenses": 408858000,
        "interestIncome": 349392000,
        "interestExpense": 72313000,
        "depreciationAndAmortization": 25741000,
        "ebitda": 156451000,
        "ebitdaratio": 0.2899560389,
        "operatingIncome": 130710000,
        "operatingIncomeRatio": 0.242249355,
        "totalOtherIncomeExpensesNet": 0,
        "incomeBeforeTax": 130710000,
        "incomeBeforeTaxRatio": 0.242249355,
        "incomeTaxExpense": 66511000,
        "netIncome": 62084000,
        "netIncomeRatio": 0.1150624203,
        "eps": 0.69,
        "epsdiluted": 0.68,
        "weightedAverageShsOut": 89754000,
        "weightedAverageShsOutDil": 90811000,
        "link": "https://www.sec.gov/Archives/edgar/data/109380/000119312503080028/0001193125-03-080028-index.htm",
        "finalLink": "https://www.sec.gov/Archives/edgar/data/109380/000119312503080028/d10q.htm"
    },
    {
        "date": "2003-06-30",
        "symbol": "ZION",
        "reportedCurrency": "USD",
        "cik": "0000109380",
        "fillingDate": "2003-08-14",
        "acceptedDate": "2003-08-14 11:21:27",
        "calendarYear": "2003",
        "period": "Q2",
        "revenue": 454342000,
        "costOfRevenue": 97734000,
        "grossProfit": 356608000,
        "grossProfitRatio": 0.7848889163,
        "researchAndDevelopmentExpenses": 0,
        "generalAndAdministrativeExpenses": 122985000,
        "sellingAndMarketingExpenses": 4941000,
        "sellingGeneralAndAdministrativeExpenses": 127926000,
        "otherExpenses": 87318000,
        "operatingExpenses": 215244000,
        "costAndExpenses": 312978000,
        "interestIncome": 353537000,
        "interestExpense": 79584000,
        "depreciationAndAmortization": 24426000,
        "ebitda": 165790000,
        "ebitdaratio": 0.3649013298,
        "operatingIncome": 141364000,
        "operatingIncomeRatio": 0.3111400663,
        "totalOtherIncomeExpensesNet": 0,
        "incomeBeforeTax": 141364000,
        "incomeBeforeTaxRatio": 0.3111400663,
        "incomeTaxExpense": 48956000,
        "netIncome": 92425000,
        "netIncomeRatio": 0.2034260535,
        "eps": 1.03,
        "epsdiluted": 1.02,
        "weightedAverageShsOut": 90008000,
        "weightedAverageShsOutDil": 90586000,
        "link": "https://www.sec.gov/Archives/edgar/data/109380/000119312503037278/0001193125-03-037278-index.htm",
        "finalLink": "https://www.sec.gov/Archives/edgar/data/109380/000119312503037278/d10q.htm"
    },
    {
        "date": "2003-03-31",
        "symbol": "ZION",
        "reportedCurrency": "USD",
        "cik": "0000109380",
        "fillingDate": "2003-05-15",
        "acceptedDate": "2003-05-15 14:51:05",
        "calendarYear": "2003",
        "period": "Q1",
        "revenue": 445738000,
        "costOfRevenue": 100741000,
        "grossProfit": 344997000,
        "grossProfitRatio": 0.7739905505,
        "researchAndDevelopmentExpenses": 0,
        "generalAndAdministrativeExpenses": 123586000,
        "sellingAndMarketingExpenses": 3980000,
        "sellingGeneralAndAdministrativeExpenses": 127566000,
        "otherExpenses": 83661000,
        "operatingExpenses": 211227000,
        "costAndExpenses": 311968000,
        "interestIncome": 349399000,
        "interestExpense": 83191000,
        "depreciationAndAmortization": 21095000,
        "ebitda": 154865000,
        "ebitdaratio": 0.3474350403,
        "operatingIncome": 133770000,
        "operatingIncomeRatio": 0.3001090327,
        "totalOtherIncomeExpensesNet": 0,
        "incomeBeforeTax": 133770000,
        "incomeBeforeTaxRatio": 0.3001090327,
        "incomeTaxExpense": 46394000,
        "netIncome": 87704000,
        "netIncomeRatio": 0.1967613262,
        "eps": 0.97,
        "epsdiluted": 0.97,
        "weightedAverageShsOut": 90529000,
        "weightedAverageShsOutDil": 90648000,
        "link": "https://www.sec.gov/Archives/edgar/data/109380/000102140803007911/0001021408-03-007911-index.htm",
        "finalLink": "https://www.sec.gov/Archives/edgar/data/109380/000102140803007911/d10q.htm"
    },
    {
        "date": "2002-12-31",
        "symbol": "ZION",
        "reportedCurrency": "USD",
        "cik": "0000109380",
        "fillingDate": "2003-03-20",
        "acceptedDate": "2003-03-20 15:06:33",
        "calendarYear": "2002",
        "period": "Q4",
        "revenue": 462195000,
        "costOfRevenue": 112820000,
        "grossProfit": 349375000,
        "grossProfitRatio": 0.7559038934,
        "researchAndDevelopmentExpenses": 0,
        "generalAndAdministrativeExpenses": 119320000,
        "sellingAndMarketingExpenses": 4644000,
        "sellingGeneralAndAdministrativeExpenses": 123964000,
        "otherExpenses": 94395000,
        "operatingExpenses": 218359000,
        "costAndExpenses": 331179000,
        "interestIncome": 355627000,
        "interestExpense": 97045000,
        "depreciationAndAmortization": 12797000,
        "ebitda": 143813000,
        "ebitdaratio": 0.3111522193,
        "operatingIncome": 131016000,
        "operatingIncomeRatio": 0.2834647714,
        "totalOtherIncomeExpensesNet": 0,
        "incomeBeforeTax": 131016000,
        "incomeBeforeTaxRatio": 0.2834647714,
        "incomeTaxExpense": 46958000,
        "netIncome": 87495000,
        "netIncomeRatio": 0.1893032162,
        "eps": 0.97,
        "epsdiluted": 0.97,
        "weightedAverageShsOut": 90529000,
        "weightedAverageShsOutDil": 90648000,
        "link": "https://www.sec.gov/Archives/edgar/data/109380/000102140803004570/0001021408-03-004570-index.htm",
        "finalLink": "https://www.sec.gov/Archives/edgar/data/109380/000102140803004570/d10k.htm"
    },
    {
        "date": "2002-09-30",
        "symbol": "ZION",
        "reportedCurrency": "USD",
        "cik": "0000109380",
        "fillingDate": "2002-11-14",
        "acceptedDate": "2002-11-14 16:11:45",
        "calendarYear": "2002",
        "period": "Q3",
        "revenue": 441435000,
        "costOfRevenue": 127623000,
        "grossProfit": 313812000,
        "grossProfitRatio": 0.7108906181,
        "researchAndDevelopmentExpenses": 0,
        "generalAndAdministrativeExpenses": 124978000,
        "sellingAndMarketingExpenses": 3631000,
        "sellingGeneralAndAdministrativeExpenses": 128609000,
        "otherExpenses": 88063000,
        "operatingExpenses": 216672000,
        "costAndExpenses": 344295000,
        "interestIncome": 366620000,
        "interestExpense": 105314000,
        "depreciationAndAmortization": 22789000,
        "ebitda": 119929000,
        "ebitdaratio": 0.2716798623,
        "operatingIncome": 97140000,
        "operatingIncomeRatio": 0.2200550477,
        "totalOtherIncomeExpensesNet": 0,
        "incomeBeforeTax": 97140000,
        "incomeBeforeTaxRatio": 0.2200550477,
        "incomeTaxExpense": 31772000,
        "netIncome": 39446000,
        "netIncomeRatio": 0.0893585692,
        "eps": 0.43,
        "epsdiluted": 0.43,
        "weightedAverageShsOut": 91499000,
        "weightedAverageShsOutDil": 92017000,
        "link": "https://www.sec.gov/Archives/edgar/data/109380/000102140802014168/0001021408-02-014168-index.htm",
        "finalLink": "https://www.sec.gov/Archives/edgar/data/109380/000102140802014168/d10q.htm"
    },
    {
        "date": "2002-06-30",
        "symbol": "ZION",
        "reportedCurrency": "USD",
        "cik": "0000109380",
        "fillingDate": "2002-08-13",
        "acceptedDate": "2002-08-13 17:26:52",
        "calendarYear": "2002",
        "period": "Q2",
        "revenue": 470287000,
        "costOfRevenue": 125343000,
        "grossProfit": 344944000,
        "grossProfitRatio": 0.733475516,
        "researchAndDevelopmentExpenses": 0,
        "generalAndAdministrativeExpenses": 119845000,
        "sellingAndMarketingExpenses": 6639000,
        "sellingGeneralAndAdministrativeExpenses": 126484000,
        "otherExpenses": 88649000,
        "operatingExpenses": 215133000,
        "costAndExpenses": 340476000,
        "interestIncome": 368682000,
        "interestExpense": 109638000,
        "depreciationAndAmortization": 31114000,
        "ebitda": 160925000,
        "ebitdaratio": 0.342184666,
        "operatingIncome": 129811000,
        "operatingIncomeRatio": 0.2760250655,
        "totalOtherIncomeExpensesNet": 0,
        "incomeBeforeTax": 129811000,
        "incomeBeforeTaxRatio": 0.2760250655,
        "incomeTaxExpense": 44947000,
        "netIncome": 82075000,
        "netIncomeRatio": 0.1745210903,
        "eps": 0.89,
        "epsdiluted": 0.89,
        "weightedAverageShsOut": 91779000,
        "weightedAverageShsOutDil": 92629000,
        "link": "https://www.sec.gov/Archives/edgar/data/109380/000089843002003046/0000898430-02-003046-index.htm",
        "finalLink": "https://www.sec.gov/Archives/edgar/data/109380/000089843002003046/d10q.htm"
    },
    {
        "date": "2002-03-31",
        "symbol": "ZION",
        "reportedCurrency": "USD",
        "cik": "0000109380",
        "fillingDate": "2002-05-15",
        "acceptedDate": "2002-05-15 12:55:51",
        "calendarYear": "2002",
        "period": "Q1",
        "revenue": 458816000,
        "costOfRevenue": 126870000,
        "grossProfit": 331946000,
        "grossProfitRatio": 0.7234839238,
        "researchAndDevelopmentExpenses": 0,
        "generalAndAdministrativeExpenses": 113885000,
        "sellingAndMarketingExpenses": 5663000,
        "sellingGeneralAndAdministrativeExpenses": 119548000,
        "otherExpenses": 85556000,
        "operatingExpenses": 205104000,
        "costAndExpenses": 331974000,
        "interestIncome": 364990000,
        "interestExpense": 108780000,
        "depreciationAndAmortization": 20393000,
        "ebitda": 147235000,
        "ebitdaratio": 0.320902061,
        "operatingIncome": 126842000,
        "operatingIncomeRatio": 0.2764550495,
        "totalOtherIncomeExpensesNet": 0,
        "incomeBeforeTax": 126842000,
        "incomeBeforeTaxRatio": 0.2764550495,
        "incomeTaxExpense": 44025000,
        "netIncome": 47262000,
        "netIncomeRatio": 0.1030086135,
        "eps": 0.52,
        "epsdiluted": 0.51,
        "weightedAverageShsOut": 92055000,
        "weightedAverageShsOutDil": 92814000,
        "link": "https://www.sec.gov/Archives/edgar/data/109380/000010938002000014/0000109380-02-000014-index.htm",
        "finalLink": "https://www.sec.gov/Archives/edgar/data/109380/000010938002000014/zions1q02-10q.txt"
    },
    {
        "date": "2001-12-31",
        "symbol": "ZION",
        "reportedCurrency": "USD",
        "cik": "0000109380",
        "fillingDate": "2002-03-26",
        "acceptedDate": "2002-03-26 00:00:00",
        "calendarYear": "2001",
        "period": "Q4",
        "revenue": 481127000,
        "costOfRevenue": 151285000,
        "grossProfit": 329842000,
        "grossProfitRatio": 0.6855611928,
        "researchAndDevelopmentExpenses": 0,
        "generalAndAdministrativeExpenses": 113169000,
        "sellingAndMarketingExpenses": 5502000,
        "sellingGeneralAndAdministrativeExpenses": 118671000,
        "otherExpenses": 102784000,
        "operatingExpenses": 221455000,
        "costAndExpenses": 372740000,
        "interestIncome": 376392000,
        "interestExpense": 124571000,
        "depreciationAndAmortization": 17013000,
        "ebitda": 125400000,
        "ebitdaratio": 0.2606380436,
        "operatingIncome": 108387000,
        "operatingIncomeRatio": 0.2252773176,
        "totalOtherIncomeExpensesNet": 0,
        "incomeBeforeTax": 108387000,
        "incomeBeforeTaxRatio": 0.2252773176,
        "incomeTaxExpense": 36501000,
        "netIncome": 71886000,
        "netIncomeRatio": 0.1494116938,
        "eps": 0.78,
        "epsdiluted": 0.77,
        "weightedAverageShsOut": 92055000,
        "weightedAverageShsOutDil": 92814000,
        "link": "https://www.sec.gov/Archives/edgar/data/109380/000091205702011672/0000912057-02-011672-index.htm",
        "finalLink": "https://www.sec.gov/Archives/edgar/data/109380/000091205702011672/a2074086z10-k.htm"
    },
    {
        "date": "2001-09-30",
        "symbol": "ZION",
        "reportedCurrency": "USD",
        "cik": "0000109380",
        "fillingDate": "2001-11-13",
        "acceptedDate": "2001-11-13 00:00:00",
        "calendarYear": "2001",
        "period": "Q3",
        "revenue": 507264000,
        "costOfRevenue": 175572000,
        "grossProfit": 331692000,
        "grossProfitRatio": 0.6538843679,
        "researchAndDevelopmentExpenses": 0,
        "generalAndAdministrativeExpenses": 110735000,
        "sellingAndMarketingExpenses": 4933000,
        "sellingGeneralAndAdministrativeExpenses": 115668000,
        "otherExpenses": 95663000,
        "operatingExpenses": 211331000,
        "costAndExpenses": 386903000,
        "interestIncome": 401220000,
        "interestExpense": 154102000,
        "depreciationAndAmortization": 43565000,
        "ebitda": 163926000,
        "ebitdaratio": 0.3231571726,
        "operatingIncome": 120361000,
        "operatingIncomeRatio": 0.2372748707,
        "totalOtherIncomeExpensesNet": 0,
        "incomeBeforeTax": 120361000,
        "incomeBeforeTaxRatio": 0.2372748707,
        "incomeTaxExpense": 43031000,
        "netIncome": 72797000,
        "netIncomeRatio": 0.1435090998,
        "eps": 0.79,
        "epsdiluted": 0.78,
        "weightedAverageShsOut": 92306000,
        "weightedAverageShsOutDil": 93509000,
        "link": "https://www.sec.gov/Archives/edgar/data/109380/000010938001500020/0000109380-01-500020-index.htm",
        "finalLink": "https://www.sec.gov/Archives/edgar/data/109380/000010938001500020/zions3q01-10q.txt"
    },
    {
        "date": "2001-06-30",
        "symbol": "ZION",
        "reportedCurrency": "USD",
        "cik": "0000109380",
        "fillingDate": "2001-08-14",
        "acceptedDate": "2001-08-14 00:00:00",
        "calendarYear": "2001",
        "period": "Q2",
        "revenue": 501302000,
        "costOfRevenue": 184626000,
        "grossProfit": 316676000,
        "grossProfitRatio": 0.6317070349,
        "researchAndDevelopmentExpenses": 0,
        "generalAndAdministrativeExpenses": 106887000,
        "sellingAndMarketingExpenses": 6378000,
        "sellingGeneralAndAdministrativeExpenses": 113265000,
        "otherExpenses": 90862000,
        "operatingExpenses": 204127000,
        "costAndExpenses": 388753000,
        "interestIncome": 407409000,
        "interestExpense": 172391000,
        "depreciationAndAmortization": 34141000,
        "ebitda": 146690000,
        "ebitdaratio": 0.2926180227,
        "operatingIncome": 112549000,
        "operatingIncomeRatio": 0.2245133672,
        "totalOtherIncomeExpensesNet": 0,
        "incomeBeforeTax": 112549000,
        "incomeBeforeTaxRatio": 0.2245133672,
        "incomeTaxExpense": 38954000,
        "netIncome": 73595000,
        "netIncomeRatio": 0.1468077127,
        "eps": 0.8,
        "epsdiluted": 0.79,
        "weightedAverageShsOut": 92165000,
        "weightedAverageShsOutDil": 93210000,
        "link": "https://www.sec.gov/Archives/edgar/data/109380/000010938001500010/0000109380-01-500010-index.htm",
        "finalLink": "https://www.sec.gov/Archives/edgar/data/109380/000010938001500010/zions2q01-10q.txt"
    },
    {
        "date": "2001-03-31",
        "symbol": "ZION",
        "reportedCurrency": "USD",
        "cik": "0000109380",
        "fillingDate": "2001-05-15",
        "acceptedDate": "2001-05-15 00:00:00",
        "calendarYear": "2001",
        "period": "Q1",
        "revenue": 518773000,
        "costOfRevenue": 203848000,
        "grossProfit": 314925000,
        "grossProfitRatio": 0.607057422,
        "researchAndDevelopmentExpenses": 0,
        "generalAndAdministrativeExpenses": 107115000,
        "sellingAndMarketingExpenses": 5869000,
        "sellingGeneralAndAdministrativeExpenses": 112984000,
        "otherExpenses": 88902000,
        "operatingExpenses": 201886000,
        "costAndExpenses": 405734000,
        "interestIncome": 406913000,
        "interestExpense": 191076000,
        "depreciationAndAmortization": 24895000,
        "ebitda": 137934000,
        "ebitdaratio": 0.2658850788,
        "operatingIncome": 113039000,
        "operatingIncomeRatio": 0.2178968451,
        "totalOtherIncomeExpensesNet": 0,
        "incomeBeforeTax": 113039000,
        "incomeBeforeTaxRatio": 0.2178968451,
        "incomeTaxExpense": 41138000,
        "netIncome": 64742000,
        "netIncomeRatio": 0.1247983222,
        "eps": 0.73,
        "epsdiluted": 0.72,
        "weightedAverageShsOut": 88247000,
        "weightedAverageShsOutDil": 89495000,
        "link": "https://www.sec.gov/Archives/edgar/data/109380/000010938001500006/0000109380-01-500006-index.htm",
        "finalLink": "https://www.sec.gov/Archives/edgar/data/109380/000010938001500006/zions1q01-10q.htm"
    },
    {
        "date": "2000-12-31",
        "symbol": "ZION",
        "reportedCurrency": "USD",
        "cik": "0000109380",
        "fillingDate": "2001-04-02",
        "acceptedDate": "2001-04-02 00:00:00",
        "calendarYear": "2000",
        "period": "Q4",
        "revenue": 508050000,
        "costOfRevenue": 227994000,
        "grossProfit": 280056000,
        "grossProfitRatio": 0.551237083,
        "researchAndDevelopmentExpenses": 0,
        "generalAndAdministrativeExpenses": 95032000,
        "sellingAndMarketingExpenses": 9262000,
        "sellingGeneralAndAdministrativeExpenses": 104294000,
        "otherExpenses": 75263000,
        "operatingExpenses": 179557000,
        "costAndExpenses": 407551000,
        "interestIncome": 425523000,
        "interestExpense": 215764000,
        "depreciationAndAmortization": 42933000,
        "ebitda": 143432000,
        "ebitdaratio": 0.2823186694,
        "operatingIncome": 100499000,
        "operatingIncomeRatio": 0.1978132074,
        "totalOtherIncomeExpensesNet": 0,
        "incomeBeforeTax": 100499000,
        "incomeBeforeTaxRatio": 0.1978132074,
        "incomeTaxExpense": 34525000,
        "netIncome": 65974000,
        "netIncomeRatio": 0.1298572975,
        "eps": 0.75,
        "epsdiluted": 0.74,
        "weightedAverageShsOut": 88247000,
        "weightedAverageShsOutDil": 89495000,
        "link": "https://www.sec.gov/Archives/edgar/data/109380/000010938001000048/0000109380-01-000048-index.htm",
        "finalLink": "https://www.sec.gov/Archives/edgar/data/109380/000010938001000048/0000109380-01-000048-0001.txt"
    },
    {
        "date": "2000-09-30",
        "symbol": "ZION",
        "reportedCurrency": "USD",
        "cik": "0000109380",
        "fillingDate": "2000-11-13",
        "acceptedDate": "2000-11-13 00:00:00",
        "calendarYear": "2000",
        "period": "Q3",
        "revenue": 499831000,
        "costOfRevenue": 224572000,
        "grossProfit": 275259000,
        "grossProfitRatio": 0.550704138,
        "researchAndDevelopmentExpenses": 0,
        "generalAndAdministrativeExpenses": 86750000,
        "sellingAndMarketingExpenses": 6029000,
        "sellingGeneralAndAdministrativeExpenses": 92779000,
        "otherExpenses": 82190000,
        "operatingExpenses": 174969000,
        "costAndExpenses": 399541000,
        "interestIncome": 424482000,
        "interestExpense": 216453000,
        "depreciationAndAmortization": 0,
        "ebitda": 100290000,
        "ebitdaratio": 0.200647819,
        "operatingIncome": 100290000,
        "operatingIncomeRatio": 0.200647819,
        "totalOtherIncomeExpensesNet": 0,
        "incomeBeforeTax": 100290000,
        "incomeBeforeTaxRatio": 0.200647819,
        "incomeTaxExpense": 35646000,
        "netIncome": 64644000,
        "netIncomeRatio": 0.1293317141,
        "eps": 0.74,
        "epsdiluted": 0.74,
        "weightedAverageShsOut": 86909000,
        "weightedAverageShsOutDil": 87610000,
        "link": "https://www.sec.gov/Archives/edgar/data/109380/000010938000000037/0000109380-00-000037-index.htm",
        "finalLink": "https://www.sec.gov/Archives/edgar/data/109380/000010938000000037/0000109380-00-000037-0001.txt"
    },
    {
        "date": "2000-06-30",
        "symbol": "ZION",
        "reportedCurrency": "USD",
        "cik": "0000109380",
        "fillingDate": "2000-08-14",
        "acceptedDate": "2000-08-14 00:00:00",
        "calendarYear": "2000",
        "period": "Q2",
        "revenue": 467222000,
        "costOfRevenue": 208239000,
        "grossProfit": 258983000,
        "grossProfitRatio": 0.5543039497,
        "researchAndDevelopmentExpenses": 0,
        "generalAndAdministrativeExpenses": 86374000,
        "sellingAndMarketingExpenses": 5561000,
        "sellingGeneralAndAdministrativeExpenses": 91935000,
        "otherExpenses": 76020000,
        "operatingExpenses": 167955000,
        "costAndExpenses": 376194000,
        "interestIncome": 396623000,
        "interestExpense": 202025000,
        "depreciationAndAmortization": 0,
        "ebitda": 91028000,
        "ebitdaratio": 0.1948281545,
        "operatingIncome": 91028000,
        "operatingIncomeRatio": 0.1948281545,
        "totalOtherIncomeExpensesNet": 0,
        "incomeBeforeTax": 91028000,
        "incomeBeforeTaxRatio": 0.1948281545,
        "incomeTaxExpense": 31445000,
        "netIncome": 59583000,
        "netIncomeRatio": 0.1275261011,
        "eps": 0.7,
        "epsdiluted": 0.69,
        "weightedAverageShsOut": 85707000,
        "weightedAverageShsOutDil": 86323000,
        "link": "https://www.sec.gov/Archives/edgar/data/109380/000010938000000034/0000109380-00-000034-index.htm",
        "finalLink": "https://www.sec.gov/Archives/edgar/data/109380/000010938000000034/0000109380-00-000034-0001.txt"
    },
    {
        "date": "2000-03-31",
        "symbol": "ZION",
        "reportedCurrency": "USD",
        "cik": "0000109380",
        "fillingDate": "2000-05-11",
        "acceptedDate": "2000-05-11 00:00:00",
        "calendarYear": "2000",
        "period": "Q1",
        "revenue": 440155000,
        "costOfRevenue": 193811000,
        "grossProfit": 246344000,
        "grossProfitRatio": 0.5596755688,
        "researchAndDevelopmentExpenses": 0,
        "generalAndAdministrativeExpenses": 81137000,
        "sellingAndMarketingExpenses": 4564000,
        "sellingGeneralAndAdministrativeExpenses": 85701000,
        "otherExpenses": 211090000,
        "operatingExpenses": 296791000,
        "costAndExpenses": 490602000,
        "interestIncome": 379555000,
        "interestExpense": 188563000,
        "depreciationAndAmortization": 19919000,
        "ebitda": -30528000,
        "ebitdaratio": -0.0693573855,
        "operatingIncome": -50447000,
        "operatingIncomeRatio": -0.1146118981,
        "totalOtherIncomeExpensesNet": 0,
        "incomeBeforeTax": -50447000,
        "incomeBeforeTaxRatio": -0.1146118981,
        "incomeTaxExpense": -21955000,
        "netIncome": -28492000,
        "netIncomeRatio": -0.0647317422,
        "eps": -0.33,
        "epsdiluted": -0.33,
        "weightedAverageShsOut": 86459000,
        "weightedAverageShsOutDil": 86459000,
        "link": "https://www.sec.gov/Archives/edgar/data/109380/000010938000000021/0000109380-00-000021-index.htm",
        "finalLink": "https://www.sec.gov/Archives/edgar/data/109380/000010938000000021/"
    },
    {
        "date": "1999-12-31",
        "symbol": "ZION",
        "reportedCurrency": "USD",
        "cik": "0000109380",
        "fillingDate": "2000-03-30",
        "acceptedDate": "2000-03-30 00:00:00",
        "calendarYear": "1999",
        "period": "Q4",
        "revenue": 500100000,
        "costOfRevenue": 201400000,
        "grossProfit": 298700000,
        "grossProfitRatio": 0.5972805439,
        "researchAndDevelopmentExpenses": 0,
        "generalAndAdministrativeExpenses": 98900000,
        "sellingAndMarketingExpenses": 5200000,
        "sellingGeneralAndAdministrativeExpenses": 104100000,
        "otherExpenses": 130500000,
        "operatingExpenses": 234600000,
        "costAndExpenses": 436000000,
        "interestIncome": 418900000,
        "interestExpense": 195200000,
        "depreciationAndAmortization": 39700000,
        "ebitda": 103800000,
        "ebitdaratio": 0.2075584883,
        "operatingIncome": 64100000,
        "operatingIncomeRatio": 0.1281743651,
        "totalOtherIncomeExpensesNet": 0,
        "incomeBeforeTax": 64100000,
        "incomeBeforeTaxRatio": 0.1281743651,
        "incomeTaxExpense": 26500000,
        "netIncome": 37600000,
        "netIncomeRatio": 0.075184963,
        "eps": 0.44,
        "epsdiluted": 0.44,
        "weightedAverageShsOut": 86339000,
        "weightedAverageShsOutDil": 86339000,
        "link": "https://www.sec.gov/Archives/edgar/data/109380/000095014900000683/0000950149-00-000683-index.htm",
        "finalLink": "https://www.sec.gov/Archives/edgar/data/109380/000095014900000683/"
    },
    {
        "date": "1999-09-30",
        "symbol": "ZION",
        "reportedCurrency": "USD",
        "cik": "0000109380",
        "fillingDate": "1999-11-12",
        "acceptedDate": "1999-11-12 00:00:00",
        "calendarYear": "1999",
        "period": "Q3",
        "revenue": 407875000,
        "costOfRevenue": 160984000,
        "grossProfit": 246891000,
        "grossProfitRatio": 0.6053104505,
        "researchAndDevelopmentExpenses": 0,
        "generalAndAdministrativeExpenses": 86990000,
        "sellingAndMarketingExpenses": 4571000,
        "sellingGeneralAndAdministrativeExpenses": 91561000,
        "otherExpenses": 72279000,
        "operatingExpenses": 163840000,
        "costAndExpenses": 324824000,
        "interestIncome": 344284000,
        "interestExpense": 156467000,
        "depreciationAndAmortization": 27048000,
        "ebitda": 110099000,
        "ebitdaratio": 0.2699331903,
        "operatingIncome": 83051000,
        "operatingIncomeRatio": 0.2036187557,
        "totalOtherIncomeExpensesNet": 0,
        "incomeBeforeTax": 83051000,
        "incomeBeforeTaxRatio": 0.2036187557,
        "incomeTaxExpense": 29273000,
        "netIncome": 53778000,
        "netIncomeRatio": 0.1318492185,
        "eps": 0.69,
        "epsdiluted": 0.69,
        "weightedAverageShsOut": 77939000,
        "weightedAverageShsOutDil": 77939000,
        "link": "https://www.sec.gov/Archives/edgar/data/109380/000010938099000029/0000109380-99-000029-index.htm",
        "finalLink": "https://www.sec.gov/Archives/edgar/data/109380/000010938099000029/"
    },
    {
        "date": "1999-06-30",
        "symbol": "ZION",
        "reportedCurrency": "USD",
        "cik": "0000109380",
        "fillingDate": "1999-08-13",
        "acceptedDate": "1999-08-13 00:00:00",
        "calendarYear": "1999",
        "period": "Q2",
        "revenue": 396531000,
        "costOfRevenue": 152364000,
        "grossProfit": 244167000,
        "grossProfitRatio": 0.6157576583,
        "researchAndDevelopmentExpenses": 0,
        "generalAndAdministrativeExpenses": 86446000,
        "sellingAndMarketingExpenses": 6090000,
        "sellingGeneralAndAdministrativeExpenses": 92536000,
        "otherExpenses": 73854000,
        "operatingExpenses": 166390000,
        "costAndExpenses": 318754000,
        "interestIncome": 333524000,
        "interestExpense": 148221000,
        "depreciationAndAmortization": 20337000,
        "ebitda": 98114000,
        "ebitdaratio": 0.247430844,
        "operatingIncome": 77777000,
        "operatingIncomeRatio": 0.196143555,
        "totalOtherIncomeExpensesNet": 0,
        "incomeBeforeTax": 77777000,
        "incomeBeforeTaxRatio": 0.196143555,
        "incomeTaxExpense": 26944000,
        "netIncome": 50833000,
        "netIncomeRatio": 0.1281942648,
        "eps": 0.6,
        "epsdiluted": 0.59,
        "weightedAverageShsOut": 84396000,
        "weightedAverageShsOutDil": 85599000,
        "link": "https://www.sec.gov/Archives/edgar/data/109380/000010938099000016/0000109380-99-000016-index.htm",
        "finalLink": "https://www.sec.gov/Archives/edgar/data/109380/000010938099000016/"
    },
    {
        "date": "1999-03-31",
        "symbol": "ZION",
        "reportedCurrency": "USD",
        "cik": "0000109380",
        "fillingDate": "1999-05-14",
        "acceptedDate": "1999-05-14 00:00:00",
        "calendarYear": "1999",
        "period": "Q1",
        "revenue": 383650000,
        "costOfRevenue": 146056000,
        "grossProfit": 237594000,
        "grossProfitRatio": 0.6192988401,
        "researchAndDevelopmentExpenses": 0,
        "generalAndAdministrativeExpenses": 86282000,
        "sellingAndMarketingExpenses": 3152000,
        "sellingGeneralAndAdministrativeExpenses": 89434000,
        "otherExpenses": 74527000,
        "operatingExpenses": 163961000,
        "costAndExpenses": 310017000,
        "interestIncome": 318170000,
        "interestExpense": 141315000,
        "depreciationAndAmortization": 25832000,
        "ebitda": 99465000,
        "ebitdaratio": 0.259259742,
        "operatingIncome": 73633000,
        "operatingIncomeRatio": 0.1919275381,
        "totalOtherIncomeExpensesNet": 0,
        "incomeBeforeTax": 73633000,
        "incomeBeforeTaxRatio": 0.1919275381,
        "incomeTaxExpense": 26729000,
        "netIncome": 46904000,
        "netIncomeRatio": 0.1222572657,
        "eps": 0.56,
        "epsdiluted": 0.55,
        "weightedAverageShsOut": 85493000,
        "weightedAverageShsOutDil": 85493000,
        "link": "https://www.sec.gov/Archives/edgar/data/109380/000010938099000006/0000109380-99-000006-index.htm",
        "finalLink": "https://www.sec.gov/Archives/edgar/data/109380/000010938099000006/"
    },
    {
        "date": "1998-12-31",
        "symbol": "ZION",
        "reportedCurrency": "USD",
        "cik": "0000109380",
        "fillingDate": "1999-03-30",
        "acceptedDate": "1999-03-30 00:00:00",
        "calendarYear": "1998",
        "period": "Q4",
        "revenue": 366800000,
        "costOfRevenue": 136400000,
        "grossProfit": 230400000,
        "grossProfitRatio": 0.6281352236,
        "researchAndDevelopmentExpenses": 0,
        "generalAndAdministrativeExpenses": 82000000,
        "sellingAndMarketingExpenses": 4000000,
        "sellingGeneralAndAdministrativeExpenses": 86000000,
        "otherExpenses": 97600000,
        "operatingExpenses": 183600000,
        "costAndExpenses": 320000000,
        "interestIncome": 308300000,
        "interestExpense": 133500000,
        "depreciationAndAmortization": 17200000,
        "ebitda": 64000000,
        "ebitdaratio": 0.1744820065,
        "operatingIncome": 46800000,
        "operatingIncomeRatio": 0.1275899673,
        "totalOtherIncomeExpensesNet": 0,
        "incomeBeforeTax": 46800000,
        "incomeBeforeTaxRatio": 0.1275899673,
        "incomeTaxExpense": 14700000,
        "netIncome": 32100000,
        "netIncomeRatio": 0.0875136314,
        "eps": 0.41,
        "epsdiluted": 0.4,
        "weightedAverageShsOut": 78871000,
        "weightedAverageShsOutDil": 80164000,
        "link": "https://www.sec.gov/Archives/edgar/data/109380/000010938099000004/0000109380-99-000004-index.htm",
        "finalLink": "https://www.sec.gov/Archives/edgar/data/109380/000010938099000004/"
    },
    {
        "date": "1998-09-30",
        "symbol": "ZION",
        "reportedCurrency": "USD",
        "cik": "0000109380",
        "fillingDate": "1998-11-13",
        "acceptedDate": "1998-11-13 00:00:00",
        "calendarYear": "1998",
        "period": "Q3",
        "revenue": 284100000,
        "costOfRevenue": 106300000,
        "grossProfit": 177800000,
        "grossProfitRatio": 0.6258359732,
        "researchAndDevelopmentExpenses": 0,
        "generalAndAdministrativeExpenses": 60300000,
        "sellingAndMarketingExpenses": 2800000,
        "sellingGeneralAndAdministrativeExpenses": 63100000,
        "otherExpenses": 49700000,
        "operatingExpenses": 112800000,
        "costAndExpenses": 219100000,
        "interestIncome": 234500000,
        "interestExpense": 103800000,
        "depreciationAndAmortization": 12400000,
        "ebitda": 77400000,
        "ebitdaratio": 0.2724392819,
        "operatingIncome": 65000000,
        "operatingIncomeRatio": 0.2287926786,
        "totalOtherIncomeExpensesNet": 0,
        "incomeBeforeTax": 65000000,
        "incomeBeforeTaxRatio": 0.2287926786,
        "incomeTaxExpense": 22300000,
        "netIncome": 42700000,
        "netIncomeRatio": 0.1502991904,
        "eps": 0.55,
        "epsdiluted": 0.54,
        "weightedAverageShsOut": 77636000,
        "weightedAverageShsOutDil": 79074000,
        "link": "https://www.sec.gov/Archives/edgar/data/109380/000010938098000028/0000109380-98-000028-index.htm",
        "finalLink": "https://www.sec.gov/Archives/edgar/data/109380/000010938098000028/"
    },
    {
        "date": "1998-06-30",
        "symbol": "ZION",
        "reportedCurrency": "USD",
        "cik": "0000109380",
        "fillingDate": "1998-08-14",
        "acceptedDate": "1998-08-14 00:00:00",
        "calendarYear": "1998",
        "period": "Q2",
        "revenue": 266700000,
        "costOfRevenue": 100500000,
        "grossProfit": 166200000,
        "grossProfitRatio": 0.6231721035,
        "researchAndDevelopmentExpenses": 0,
        "generalAndAdministrativeExpenses": 54300000,
        "sellingAndMarketingExpenses": 2500000,
        "sellingGeneralAndAdministrativeExpenses": 56800000,
        "otherExpenses": 60600000,
        "operatingExpenses": 117400000,
        "costAndExpenses": 217900000,
        "interestIncome": 218900000,
        "interestExpense": 97200000,
        "depreciationAndAmortization": 12800000,
        "ebitda": 61600000,
        "ebitdaratio": 0.2309711286,
        "operatingIncome": 48800000,
        "operatingIncomeRatio": 0.1829771279,
        "totalOtherIncomeExpensesNet": 0,
        "incomeBeforeTax": 48800000,
        "incomeBeforeTaxRatio": 0.1829771279,
        "incomeTaxExpense": 15800000,
        "netIncome": 33000000,
        "netIncomeRatio": 0.1237345332,
        "eps": 0.44,
        "epsdiluted": 0.44,
        "weightedAverageShsOut": 75000000,
        "weightedAverageShsOutDil": 75000000,
        "link": "https://www.sec.gov/Archives/edgar/data/109380/000010938098000020/0000109380-98-000020-index.htm",
        "finalLink": "https://www.sec.gov/Archives/edgar/data/109380/000010938098000020/"
    },
    {
        "date": "1998-03-31",
        "symbol": "ZION",
        "reportedCurrency": "USD",
        "cik": "0000109380",
        "fillingDate": "1998-05-14",
        "acceptedDate": "1998-05-14 00:00:00",
        "calendarYear": "1998",
        "period": "Q1",
        "revenue": 259600000,
        "costOfRevenue": 101500000,
        "grossProfit": 158100000,
        "grossProfitRatio": 0.6090138675,
        "researchAndDevelopmentExpenses": 0,
        "generalAndAdministrativeExpenses": 53000000,
        "sellingAndMarketingExpenses": 2600000,
        "sellingGeneralAndAdministrativeExpenses": 55600000,
        "otherExpenses": 45400000,
        "operatingExpenses": 101000000,
        "costAndExpenses": 202500000,
        "interestIncome": 214500000,
        "interestExpense": 97900000,
        "depreciationAndAmortization": 9700000,
        "ebitda": 66800000,
        "ebitdaratio": 0.2573189522,
        "operatingIncome": 57100000,
        "operatingIncomeRatio": 0.219953775,
        "totalOtherIncomeExpensesNet": 0,
        "incomeBeforeTax": 57100000,
        "incomeBeforeTaxRatio": 0.219953775,
        "incomeTaxExpense": 18100000,
        "netIncome": 39000000,
        "netIncomeRatio": 0.1502311248,
        "eps": 0.54,
        "epsdiluted": 0.52,
        "weightedAverageShsOut": 72222000,
        "weightedAverageShsOutDil": 75000000,
        "link": "https://www.sec.gov/Archives/edgar/data/109380/000010938098000015/0000109380-98-000015-index.htm",
        "finalLink": "https://www.sec.gov/Archives/edgar/data/109380/000010938098000015/"
    },
    {
        "date": "1997-12-31",
        "symbol": "ZION",
        "reportedCurrency": "USD",
        "cik": "0000109380",
        "fillingDate": "1998-03-27",
        "acceptedDate": "1998-03-27 00:00:00",
        "calendarYear": "1997",
        "period": "Q4",
        "revenue": 269400000,
        "costOfRevenue": 103400000,
        "grossProfit": 166000000,
        "grossProfitRatio": 0.6161841128,
        "researchAndDevelopmentExpenses": 0,
        "generalAndAdministrativeExpenses": 55300000,
        "sellingAndMarketingExpenses": 2100000,
        "sellingGeneralAndAdministrativeExpenses": 57400000,
        "otherExpenses": 49900000,
        "operatingExpenses": 107300000,
        "costAndExpenses": 210700000,
        "interestIncome": 226500000,
        "interestExpense": 100100000,
        "depreciationAndAmortization": 10600000,
        "ebitda": 69300000,
        "ebitdaratio": 0.2572383073,
        "operatingIncome": 58700000,
        "operatingIncomeRatio": 0.217891611,
        "totalOtherIncomeExpensesNet": 0,
        "incomeBeforeTax": 58700000,
        "incomeBeforeTaxRatio": 0.217891611,
        "incomeTaxExpense": 20400000,
        "netIncome": 38300000,
        "netIncomeRatio": 0.1421677803,
        "eps": 0.56,
        "epsdiluted": 0.55,
        "weightedAverageShsOut": 68679000,
        "weightedAverageShsOutDil": 70000000,
        "link": "https://www.sec.gov/Archives/edgar/data/109380/000095014998000522/0000950149-98-000522-index.htm",
        "finalLink": "https://www.sec.gov/Archives/edgar/data/109380/000095014998000522/"
    },
    {
        "date": "1997-09-30",
        "symbol": "ZION",
        "reportedCurrency": "USD",
        "cik": "0000109380",
        "fillingDate": "1997-11-14",
        "acceptedDate": "1997-11-14 00:00:00",
        "calendarYear": "1997",
        "period": "Q3",
        "revenue": 243300000,
        "costOfRevenue": 97900000,
        "grossProfit": 145400000,
        "grossProfitRatio": 0.5976161118,
        "researchAndDevelopmentExpenses": 0,
        "generalAndAdministrativeExpenses": 48500000,
        "sellingAndMarketingExpenses": 1700000,
        "sellingGeneralAndAdministrativeExpenses": 50200000,
        "otherExpenses": 40300000,
        "operatingExpenses": 90500000,
        "costAndExpenses": 188400000,
        "interestIncome": 203300000,
        "interestExpense": 95800000,
        "depreciationAndAmortization": 12100000,
        "ebitda": 67000000,
        "ebitdaratio": 0.2753801891,
        "operatingIncome": 54900000,
        "operatingIncomeRatio": 0.225647349,
        "totalOtherIncomeExpensesNet": 0,
        "incomeBeforeTax": 54900000,
        "incomeBeforeTaxRatio": 0.225647349,
        "incomeTaxExpense": 19200000,
        "netIncome": 35700000,
        "netIncomeRatio": 0.1467324291,
        "eps": 0.5,
        "epsdiluted": 0.49,
        "weightedAverageShsOut": 71400000,
        "weightedAverageShsOutDil": 72857000,
        "link": "https://www.sec.gov/Archives/edgar/data/109380/000010938097000004/0000109380-97-000004-index.htm",
        "finalLink": "https://www.sec.gov/Archives/edgar/data/109380/000010938097000004/"
    },
    {
        "date": "1997-06-30",
        "symbol": "ZION",
        "reportedCurrency": "USD",
        "cik": "0000109380",
        "fillingDate": "1997-08-12",
        "acceptedDate": "1997-08-12 00:00:00",
        "calendarYear": "1997",
        "period": "Q2",
        "revenue": 187800000,
        "costOfRevenue": 80400000,
        "grossProfit": 107400000,
        "grossProfitRatio": 0.571884984,
        "researchAndDevelopmentExpenses": 0,
        "generalAndAdministrativeExpenses": 34500000,
        "sellingAndMarketingExpenses": 1900000,
        "sellingGeneralAndAdministrativeExpenses": 36400000,
        "otherExpenses": 27700000,
        "operatingExpenses": 64100000,
        "costAndExpenses": 144500000,
        "interestIncome": 155600000,
        "interestExpense": 79600000,
        "depreciationAndAmortization": 5800000,
        "ebitda": 49100000,
        "ebitdaratio": 0.2614483493,
        "operatingIncome": 43300000,
        "operatingIncomeRatio": 0.2305644302,
        "totalOtherIncomeExpensesNet": 0,
        "incomeBeforeTax": 43300000,
        "incomeBeforeTaxRatio": 0.2305644302,
        "incomeTaxExpense": 15300000,
        "netIncome": 28000000,
        "netIncomeRatio": 0.1490947817,
        "eps": 0.47,
        "epsdiluted": 0.47,
        "weightedAverageShsOut": 59574000,
        "weightedAverageShsOutDil": 59574000,
        "link": "https://www.sec.gov/Archives/edgar/data/109380/000095014997001513/0000950149-97-001513-index.htm",
        "finalLink": "https://www.sec.gov/Archives/edgar/data/109380/000095014997001513/"
    },
    {
        "date": "1997-03-31",
        "symbol": "ZION",
        "reportedCurrency": "USD",
        "cik": "0000109380",
        "fillingDate": "1997-05-12",
        "acceptedDate": "1997-05-12 00:00:00",
        "calendarYear": "1997",
        "period": "Q1",
        "revenue": 194200000,
        "costOfRevenue": 79000000,
        "grossProfit": 115200000,
        "grossProfitRatio": 0.5932028836,
        "researchAndDevelopmentExpenses": 0,
        "generalAndAdministrativeExpenses": 37900000,
        "sellingAndMarketingExpenses": 1900000,
        "sellingGeneralAndAdministrativeExpenses": 39800000,
        "otherExpenses": 28400000,
        "operatingExpenses": 68200000,
        "costAndExpenses": 147200000,
        "interestIncome": 160100000,
        "interestExpense": 77200000,
        "depreciationAndAmortization": 6700000,
        "ebitda": 53700000,
        "ebitdaratio": 0.2765190525,
        "operatingIncome": 47000000,
        "operatingIncomeRatio": 0.2420185376,
        "totalOtherIncomeExpensesNet": 0,
        "incomeBeforeTax": 47000000,
        "incomeBeforeTaxRatio": 0.2420185376,
        "incomeTaxExpense": 16400000,
        "netIncome": 30600000,
        "netIncomeRatio": 0.157569516,
        "eps": 0.45,
        "epsdiluted": 0.45,
        "weightedAverageShsOut": 68000000,
        "weightedAverageShsOutDil": 68000000,
        "link": "https://www.sec.gov/Archives/edgar/data/109380/000095014997000965/0000950149-97-000965-index.htm",
        "finalLink": "https://www.sec.gov/Archives/edgar/data/109380/000095014997000965/"
    },
    {
        "date": "1996-12-31",
        "symbol": "ZION",
        "reportedCurrency": "USD",
        "cik": "0000109380",
        "fillingDate": "1997-03-26",
        "acceptedDate": "1997-03-26 00:00:00",
        "calendarYear": "1996",
        "period": "Q4",
        "revenue": 156600000,
        "costOfRevenue": 57300000,
        "grossProfit": 99300000,
        "grossProfitRatio": 0.6340996169,
        "researchAndDevelopmentExpenses": 0,
        "generalAndAdministrativeExpenses": 32200000,
        "sellingAndMarketingExpenses": 1300000,
        "sellingGeneralAndAdministrativeExpenses": 33500000,
        "otherExpenses": 25300000,
        "operatingExpenses": 58800000,
        "costAndExpenses": 116100000,
        "interestIncome": 127300000,
        "interestExpense": 56000000,
        "depreciationAndAmortization": 9900000,
        "ebitda": 50400000,
        "ebitdaratio": 0.3218390805,
        "operatingIncome": 40500000,
        "operatingIncomeRatio": 0.2586206897,
        "totalOtherIncomeExpensesNet": 0,
        "incomeBeforeTax": 40500000,
        "incomeBeforeTaxRatio": 0.2586206897,
        "incomeTaxExpense": 13600000,
        "netIncome": 26900000,
        "netIncomeRatio": 0.1717752235,
        "eps": 0.45,
        "epsdiluted": 0.45,
        "weightedAverageShsOut": 59333000,
        "weightedAverageShsOutDil": 59333000,
        "link": "https://www.sec.gov/Archives/edgar/data/109380/000095014997000649/0000950149-97-000649-index.htm",
        "finalLink": "https://www.sec.gov/Archives/edgar/data/109380/000095014997000649/"
    },
    {
        "date": "1996-11-01",
        "symbol": "ZION",
        "reportedCurrency": "USD",
        "cik": "0000109380",
        "fillingDate": "1996-11-12",
        "acceptedDate": "1996-11-12 00:00:00",
        "calendarYear": "1996",
        "period": "Q3",
        "revenue": 151100000,
        "costOfRevenue": 57100000,
        "grossProfit": 94000000,
        "grossProfitRatio": 0.6221045665,
        "researchAndDevelopmentExpenses": 0,
        "generalAndAdministrativeExpenses": 30500000,
        "sellingAndMarketingExpenses": 1100000,
        "sellingGeneralAndAdministrativeExpenses": 31600000,
        "otherExpenses": 22800000,
        "operatingExpenses": 54400000,
        "costAndExpenses": 111500000,
        "interestIncome": 122100000,
        "interestExpense": 56300000,
        "depreciationAndAmortization": 1000000,
        "ebitda": 40600000,
        "ebitdaratio": 0.2686962277,
        "operatingIncome": 39600000,
        "operatingIncomeRatio": 0.262078094,
        "totalOtherIncomeExpensesNet": 0,
        "incomeBeforeTax": 39600000,
        "incomeBeforeTaxRatio": 0.262078094,
        "incomeTaxExpense": 13800000,
        "netIncome": 25800000,
        "netIncomeRatio": 0.1707478491,
        "eps": 0.43,
        "epsdiluted": 0.43,
        "weightedAverageShsOut": 60000000,
        "weightedAverageShsOutDil": 60000000,
        "link": "https://www.sec.gov/Archives/edgar/data/109380/000095014996001824/0000950149-96-001824-index.htm",
        "finalLink": "https://www.sec.gov/Archives/edgar/data/109380/000095014996001824/"
    },
    {
        "date": "1996-06-30",
        "symbol": "ZION",
        "reportedCurrency": "USD",
        "cik": "0000109380",
        "fillingDate": "1996-08-12",
        "acceptedDate": "1996-08-12 00:00:00",
        "calendarYear": "1996",
        "period": "Q2",
        "revenue": 142600000,
        "costOfRevenue": 53400000,
        "grossProfit": 89200000,
        "grossProfitRatio": 0.6255259467,
        "researchAndDevelopmentExpenses": 0,
        "generalAndAdministrativeExpenses": 28400000,
        "sellingAndMarketingExpenses": 1500000,
        "sellingGeneralAndAdministrativeExpenses": 29900000,
        "otherExpenses": 21400000,
        "operatingExpenses": 51300000,
        "costAndExpenses": 104700000,
        "interestIncome": 116100000,
        "interestExpense": 52600000,
        "depreciationAndAmortization": 5700000,
        "ebitda": 43600000,
        "ebitdaratio": 0.3057503506,
        "operatingIncome": 37900000,
        "operatingIncomeRatio": 0.2657784011,
        "totalOtherIncomeExpensesNet": 0,
        "incomeBeforeTax": 37900000,
        "incomeBeforeTaxRatio": 0.2657784011,
        "incomeTaxExpense": 12800000,
        "netIncome": 25100000,
        "netIncomeRatio": 0.1760168303,
        "eps": 0.43,
        "epsdiluted": 0.43,
        "weightedAverageShsOut": 58372000,
        "weightedAverageShsOutDil": 58372000,
        "link": "https://www.sec.gov/Archives/edgar/data/109380/000095014996001181/0000950149-96-001181-index.htm",
        "finalLink": "https://www.sec.gov/Archives/edgar/data/109380/000095014996001181/"
    },
    {
        "date": "1996-03-31",
        "symbol": "ZION",
        "reportedCurrency": "USD",
        "cik": "0000109380",
        "fillingDate": "1996-05-10",
        "acceptedDate": "1996-05-10 00:00:00",
        "calendarYear": "1996",
        "period": "Q1",
        "revenue": 139600000,
        "costOfRevenue": 54200000,
        "grossProfit": 85400000,
        "grossProfitRatio": 0.611747851,
        "researchAndDevelopmentExpenses": 0,
        "generalAndAdministrativeExpenses": 27000000,
        "sellingAndMarketingExpenses": 1500000,
        "sellingGeneralAndAdministrativeExpenses": 28500000,
        "otherExpenses": 21200000,
        "operatingExpenses": 49700000,
        "costAndExpenses": 103900000,
        "interestIncome": 113500000,
        "interestExpense": 53600000,
        "depreciationAndAmortization": 5300000,
        "ebitda": 41000000,
        "ebitdaratio": 0.2936962751,
        "operatingIncome": 35700000,
        "operatingIncomeRatio": 0.255730659,
        "totalOtherIncomeExpensesNet": 0,
        "incomeBeforeTax": 35700000,
        "incomeBeforeTaxRatio": 0.255730659,
        "incomeTaxExpense": 12000000,
        "netIncome": 23700000,
        "netIncomeRatio": 0.1697707736,
        "eps": 0.4,
        "epsdiluted": 0.4,
        "weightedAverageShsOut": 59250000,
        "weightedAverageShsOutDil": 59250000,
        "link": "https://www.sec.gov/Archives/edgar/data/109380/000095014996000510/0000950149-96-000510-index.htm",
        "finalLink": "https://www.sec.gov/Archives/edgar/data/109380/000095014996000510/"
    },
    {
        "date": "1995-12-31",
        "symbol": "ZION",
        "reportedCurrency": "USD",
        "cik": "0000109380",
        "fillingDate": "1996-03-22",
        "acceptedDate": "1996-03-22 00:00:00",
        "calendarYear": "1995",
        "period": "Q4",
        "revenue": 138300000,
        "costOfRevenue": 54200000,
        "grossProfit": 84100000,
        "grossProfitRatio": 0.6080983369,
        "researchAndDevelopmentExpenses": 0,
        "generalAndAdministrativeExpenses": 28100000,
        "sellingAndMarketingExpenses": 5200000,
        "sellingGeneralAndAdministrativeExpenses": 33300000,
        "otherExpenses": 17600000,
        "operatingExpenses": 50900000,
        "costAndExpenses": 105100000,
        "interestIncome": 113700000,
        "interestExpense": 53700000,
        "depreciationAndAmortization": 4700000,
        "ebitda": 37900000,
        "ebitdaratio": 0.2740419378,
        "operatingIncome": 33200000,
        "operatingIncomeRatio": 0.2400578453,
        "totalOtherIncomeExpensesNet": 0,
        "incomeBeforeTax": 33200000,
        "incomeBeforeTaxRatio": 0.2400578453,
        "incomeTaxExpense": 10700000,
        "netIncome": 22500000,
        "netIncomeRatio": 0.1626898048,
        "eps": 0.38,
        "epsdiluted": 0.38,
        "weightedAverageShsOut": 59250000,
        "weightedAverageShsOutDil": 59250000,
        "link": "https://www.sec.gov/Archives/edgar/data/109380/000095014996000262/0000950149-96-000262-index.htm",
        "finalLink": "https://www.sec.gov/Archives/edgar/data/109380/000095014996000262/"
    },
    {
        "date": "1995-09-30",
        "symbol": "ZION",
        "reportedCurrency": "USD",
        "cik": "0000109380",
        "fillingDate": "1995-11-08",
        "acceptedDate": "1995-11-08 00:00:00",
        "calendarYear": "1995",
        "period": "Q3",
        "revenue": 137500000,
        "costOfRevenue": 56500000,
        "grossProfit": 81000000,
        "grossProfitRatio": 0.5890909091,
        "researchAndDevelopmentExpenses": 0,
        "generalAndAdministrativeExpenses": 26600000,
        "sellingAndMarketingExpenses": 0,
        "sellingGeneralAndAdministrativeExpenses": 26600000,
        "otherExpenses": 20300000,
        "operatingExpenses": 46900000,
        "costAndExpenses": 103400000,
        "interestIncome": 113600000,
        "interestExpense": 55700000,
        "depreciationAndAmortization": 4600000,
        "ebitda": 38700000,
        "ebitdaratio": 0.2814545455,
        "operatingIncome": 34100000,
        "operatingIncomeRatio": 0.248,
        "totalOtherIncomeExpensesNet": 0,
        "incomeBeforeTax": 34100000,
        "incomeBeforeTaxRatio": 0.248,
        "incomeTaxExpense": 11800000,
        "netIncome": 22300000,
        "netIncomeRatio": 0.1621818182,
        "eps": 0.38,
        "epsdiluted": 0.38,
        "weightedAverageShsOut": 58684000,
        "weightedAverageShsOutDil": 58684000,
        "link": "https://www.sec.gov/Archives/edgar/data/109380/000095014995000717/0000950149-95-000717-index.htm",
        "finalLink": "https://www.sec.gov/Archives/edgar/data/109380/000095014995000717/"
    },
    {
        "date": "1995-06-30",
        "symbol": "ZION",
        "reportedCurrency": "USD",
        "cik": "0000109380",
        "fillingDate": "1995-08-14",
        "acceptedDate": "1995-08-14 00:00:00",
        "calendarYear": "1995",
        "period": "Q2",
        "revenue": 127500000,
        "costOfRevenue": 50400000,
        "grossProfit": 77100000,
        "grossProfitRatio": 0.6047058824,
        "researchAndDevelopmentExpenses": 0,
        "generalAndAdministrativeExpenses": 24900000,
        "sellingAndMarketingExpenses": 0,
        "sellingGeneralAndAdministrativeExpenses": 24900000,
        "otherExpenses": 21000000,
        "operatingExpenses": 45900000,
        "costAndExpenses": 96300000,
        "interestIncome": 105400000,
        "interestExpense": 49500000,
        "depreciationAndAmortization": 5500000,
        "ebitda": 36700000,
        "ebitdaratio": 0.2878431373,
        "operatingIncome": 31200000,
        "operatingIncomeRatio": 0.2447058824,
        "totalOtherIncomeExpensesNet": 0,
        "incomeBeforeTax": 31200000,
        "incomeBeforeTaxRatio": 0.2447058824,
        "incomeTaxExpense": 10700000,
        "netIncome": 20500000,
        "netIncomeRatio": 0.1607843137,
        "eps": 0.35,
        "epsdiluted": 0.35,
        "weightedAverageShsOut": 58571000,
        "weightedAverageShsOutDil": 58571000,
        "link": "https://www.sec.gov/Archives/edgar/data/109380/000010938095000006/0000109380-95-000006-index.htm",
        "finalLink": "https://www.sec.gov/Archives/edgar/data/109380/000010938095000006/"
    },
    {
        "date": "1995-03-31",
        "symbol": "ZION",
        "reportedCurrency": "USD",
        "cik": "0000109380",
        "fillingDate": "1995-05-09",
        "acceptedDate": "1995-05-09 00:00:00",
        "calendarYear": "1995",
        "period": "Q1",
        "revenue": 113800000,
        "costOfRevenue": 45200000,
        "grossProfit": 68600000,
        "grossProfitRatio": 0.6028119508,
        "researchAndDevelopmentExpenses": 0,
        "generalAndAdministrativeExpenses": 23500000,
        "sellingAndMarketingExpenses": 0,
        "sellingGeneralAndAdministrativeExpenses": 23500000,
        "otherExpenses": 21300000,
        "operatingExpenses": 44800000,
        "costAndExpenses": 90000000,
        "interestIncome": 97800000,
        "interestExpense": 44600000,
        "depreciationAndAmortization": 3300000,
        "ebitda": 27100000,
        "ebitdaratio": 0.2381370826,
        "operatingIncome": 23800000,
        "operatingIncomeRatio": 0.2091388401,
        "totalOtherIncomeExpensesNet": 0,
        "incomeBeforeTax": 23800000,
        "incomeBeforeTaxRatio": 0.2091388401,
        "incomeTaxExpense": 7800000,
        "netIncome": 16000000,
        "netIncomeRatio": 0.1405975395,
        "eps": 0.27,
        "epsdiluted": 0.27,
        "weightedAverageShsOut": 59259000,
        "weightedAverageShsOutDil": 59259000,
        "link": "https://www.sec.gov/Archives/edgar/data/109380/000010938095000002/0000109380-95-000002-index.htm",
        "finalLink": "https://www.sec.gov/Archives/edgar/data/109380/000010938095000002/"
    },
    {
        "date": "1994-12-31",
        "symbol": "ZION",
        "reportedCurrency": "USD",
        "cik": "0000109380",
        "fillingDate": "1995-03-28",
        "acceptedDate": "1995-03-28 00:00:00",
        "calendarYear": "1994",
        "period": "Q4",
        "revenue": 113300000,
        "costOfRevenue": 42900000,
        "grossProfit": 70400000,
        "grossProfitRatio": 0.6213592233,
        "researchAndDevelopmentExpenses": 0,
        "generalAndAdministrativeExpenses": 24600000,
        "sellingAndMarketingExpenses": 0,
        "sellingGeneralAndAdministrativeExpenses": 24600000,
        "otherExpenses": 21000000,
        "operatingExpenses": 45600000,
        "costAndExpenses": 88500000,
        "interestIncome": 95100000,
        "interestExpense": 41900000,
        "depreciationAndAmortization": 4100000,
        "ebitda": 28900000,
        "ebitdaratio": 0.2550750221,
        "operatingIncome": 24800000,
        "operatingIncomeRatio": 0.2188879082,
        "totalOtherIncomeExpensesNet": 0,
        "incomeBeforeTax": 24800000,
        "incomeBeforeTaxRatio": 0.2188879082,
        "incomeTaxExpense": 7500000,
        "netIncome": 17300000,
        "netIncomeRatio": 0.1526919682,
        "eps": 0.29,
        "epsdiluted": 0.29,
        "weightedAverageShsOut": 59241000,
        "weightedAverageShsOutDil": 59259000,
        "link": "https://www.sec.gov/Archives/edgar/data/109380/000095014995000149/0000950149-95-000149-index.htm",
        "finalLink": "https://www.sec.gov/Archives/edgar/data/109380/000095014995000149/"
    },
    {
        "date": "1994-09-30",
        "symbol": "ZION",
        "reportedCurrency": "USD",
        "cik": "0000109380",
        "fillingDate": "1994-11-09",
        "acceptedDate": "1994-11-09 00:00:00",
        "calendarYear": "1994",
        "period": "Q3",
        "revenue": 115100000,
        "costOfRevenue": 43500000,
        "grossProfit": 71600000,
        "grossProfitRatio": 0.6220677672,
        "researchAndDevelopmentExpenses": 0,
        "generalAndAdministrativeExpenses": 22900000,
        "sellingAndMarketingExpenses": 0,
        "sellingGeneralAndAdministrativeExpenses": 22900000,
        "otherExpenses": 21900000,
        "operatingExpenses": 44800000,
        "costAndExpenses": 88300000,
        "interestIncome": 95000000,
        "interestExpense": 43100000,
        "depreciationAndAmortization": 4900000,
        "ebitda": 31700000,
        "ebitdaratio": 0.2754126846,
        "operatingIncome": 26800000,
        "operatingIncomeRatio": 0.2328410078,
        "totalOtherIncomeExpensesNet": 0,
        "incomeBeforeTax": 26800000,
        "incomeBeforeTaxRatio": 0.2328410078,
        "incomeTaxExpense": 9100000,
        "netIncome": 17700000,
        "netIncomeRatio": 0.1537793223,
        "eps": 0.3,
        "epsdiluted": 0.3,
        "weightedAverageShsOut": 59000000,
        "weightedAverageShsOutDil": 59000000,
        "link": "https://www.sec.gov/Archives/edgar/data/109380/000010938094000004/0000109380-94-000004-index.htm",
        "finalLink": "https://www.sec.gov/Archives/edgar/data/109380/000010938094000004/"
    },
    {
        "date": "1994-06-30",
        "symbol": "ZION",
        "reportedCurrency": "USD",
        "cik": "0000109380",
        "fillingDate": "1994-08-12",
        "acceptedDate": "1994-08-12 00:00:00",
        "calendarYear": "1994",
        "period": "Q2",
        "revenue": 105300000,
        "costOfRevenue": 38600000,
        "grossProfit": 66700000,
        "grossProfitRatio": 0.6334283001,
        "researchAndDevelopmentExpenses": 0,
        "generalAndAdministrativeExpenses": 22800000,
        "sellingAndMarketingExpenses": 0,
        "sellingGeneralAndAdministrativeExpenses": 22800000,
        "otherExpenses": 19200000,
        "operatingExpenses": 42000000,
        "costAndExpenses": 80600000,
        "interestIncome": 86800000,
        "interestExpense": 38100000,
        "depreciationAndAmortization": 4100000,
        "ebitda": 28800000,
        "ebitdaratio": 0.2735042735,
        "operatingIncome": 24700000,
        "operatingIncomeRatio": 0.2345679012,
        "totalOtherIncomeExpensesNet": 0,
        "incomeBeforeTax": 24700000,
        "incomeBeforeTaxRatio": 0.2345679012,
        "incomeTaxExpense": 8300000,
        "netIncome": 16400000,
        "netIncomeRatio": 0.1557454891,
        "eps": 0.28,
        "epsdiluted": 0.28,
        "weightedAverageShsOut": 58571000,
        "weightedAverageShsOutDil": 58571000,
        "link": "https://www.sec.gov/Archives/edgar/data/109380/000095014994000166/0000950149-94-000166-index.htm",
        "finalLink": "https://www.sec.gov/Archives/edgar/data/109380/000095014994000166/"
    },
    {
        "date": "1994-03-31",
        "symbol": "ZION",
        "reportedCurrency": "USD",
        "cik": "0000109380",
        "fillingDate": "1994-05-11",
        "acceptedDate": "1994-05-11 00:00:00",
        "calendarYear": "1994",
        "period": "Q1",
        "revenue": 93600000,
        "costOfRevenue": 32700000,
        "grossProfit": 60900000,
        "grossProfitRatio": 0.6506410256,
        "researchAndDevelopmentExpenses": 0,
        "generalAndAdministrativeExpenses": 23000000,
        "sellingAndMarketingExpenses": 0,
        "sellingGeneralAndAdministrativeExpenses": 23000000,
        "otherExpenses": 19500000,
        "operatingExpenses": 42500000,
        "costAndExpenses": 75200000,
        "interestIncome": 77200000,
        "interestExpense": 32400000,
        "depreciationAndAmortization": 4600000,
        "ebitda": 23000000,
        "ebitdaratio": 0.2457264957,
        "operatingIncome": 18400000,
        "operatingIncomeRatio": 0.1965811966,
        "totalOtherIncomeExpensesNet": 0,
        "incomeBeforeTax": 18400000,
        "incomeBeforeTaxRatio": 0.1965811966,
        "incomeTaxExpense": 6000000,
        "netIncome": 12400000,
        "netIncomeRatio": 0.1324786325,
        "eps": 0.22,
        "epsdiluted": 0.22,
        "weightedAverageShsOut": 56364000,
        "weightedAverageShsOutDil": 56364000,
        "link": "https://www.sec.gov/Archives/edgar/data/109380/000095014994000101/0000950149-94-000101-index.htm",
        "finalLink": "https://www.sec.gov/Archives/edgar/data/109380/000095014994000101/"
    },
    {
        "date": "1993-12-31",
        "symbol": "ZION",
        "reportedCurrency": "USD",
        "cik": "0000109380",
        "fillingDate": "1994-03-29",
        "acceptedDate": "1994-03-29 00:00:00",
        "calendarYear": "1993",
        "period": "Q4",
        "revenue": 98600000,
        "costOfRevenue": 33400000,
        "grossProfit": 65200000,
        "grossProfitRatio": 0.6612576065,
        "researchAndDevelopmentExpenses": 0,
        "generalAndAdministrativeExpenses": 22000000,
        "sellingAndMarketingExpenses": 0,
        "sellingGeneralAndAdministrativeExpenses": 22000000,
        "otherExpenses": 19800000,
        "operatingExpenses": 41800000,
        "costAndExpenses": 75200000,
        "interestIncome": 76400000,
        "interestExpense": 32800000,
        "depreciationAndAmortization": 4700000,
        "ebitda": 28100000,
        "ebitdaratio": 0.284989858,
        "operatingIncome": 23400000,
        "operatingIncomeRatio": 0.2373225152,
        "totalOtherIncomeExpensesNet": 0,
        "incomeBeforeTax": 23400000,
        "incomeBeforeTaxRatio": 0.2373225152,
        "incomeTaxExpense": 7700000,
        "netIncome": 15700000,
        "netIncomeRatio": 0.1592292089,
        "eps": 0.28,
        "epsdiluted": 0.28,
        "weightedAverageShsOut": 56364000,
        "weightedAverageShsOutDil": 56364000,
        "link": "https://www.sec.gov/Archives/edgar/data/109380/000095014994000073/0000950149-94-000073-index.htm",
        "finalLink": "https://www.sec.gov/Archives/edgar/data/109380/000095014994000073/"
    },
    {
        "date": "1993-09-30",
        "symbol": "ZION",
        "reportedCurrency": "USD",
        "cik": "0000109380",
        "fillingDate": "1993-09-30",
        "acceptedDate": "1993-09-29 20:00:00",
        "calendarYear": "1993",
        "period": "Q3",
        "revenue": 89700000,
        "costOfRevenue": 30200000,
        "grossProfit": 59500000,
        "grossProfitRatio": 0.6633221851,
        "researchAndDevelopmentExpenses": 0,
        "generalAndAdministrativeExpenses": 21000000,
        "sellingAndMarketingExpenses": 0,
        "sellingGeneralAndAdministrativeExpenses": 21000000,
        "otherExpenses": 18800000,
        "operatingExpenses": 39800000,
        "costAndExpenses": 70000000,
        "interestIncome": 67700000,
        "interestExpense": 29800000,
        "depreciationAndAmortization": 4400000,
        "ebitda": 24100000,
        "ebitdaratio": 0.2686733556,
        "operatingIncome": 19700000,
        "operatingIncomeRatio": 0.2196209588,
        "totalOtherIncomeExpensesNet": 0,
        "incomeBeforeTax": 19700000,
        "incomeBeforeTaxRatio": 0.2196209588,
        "incomeTaxExpense": 6300000,
        "netIncome": 13400000,
        "netIncomeRatio": 0.149386845,
        "eps": 0.27,
        "epsdiluted": 0.27,
        "weightedAverageShsOut": 49630000,
        "weightedAverageShsOutDil": 49630000,
        "link": "",
        "finalLink": ""
    },
    {
        "date": "1993-06-30",
        "symbol": "ZION",
        "reportedCurrency": "USD",
        "cik": "0000109380",
        "fillingDate": "1993-06-30",
        "acceptedDate": "1993-06-29 20:00:00",
        "calendarYear": "1993",
        "period": "Q2",
        "revenue": 81900000,
        "costOfRevenue": 24200000,
        "grossProfit": 57700000,
        "grossProfitRatio": 0.7045177045,
        "researchAndDevelopmentExpenses": 0,
        "generalAndAdministrativeExpenses": 18900000,
        "sellingAndMarketingExpenses": 0,
        "sellingGeneralAndAdministrativeExpenses": 18900000,
        "otherExpenses": 16900000,
        "operatingExpenses": 35800000,
        "costAndExpenses": 60000000,
        "interestIncome": 63200000,
        "interestExpense": 24000000,
        "depreciationAndAmortization": 4200000,
        "ebitda": 26100000,
        "ebitdaratio": 0.3186813187,
        "operatingIncome": 21900000,
        "operatingIncomeRatio": 0.2673992674,
        "totalOtherIncomeExpensesNet": 0,
        "incomeBeforeTax": 21900000,
        "incomeBeforeTaxRatio": 0.2673992674,
        "incomeTaxExpense": 7100000,
        "netIncome": 14800000,
        "netIncomeRatio": 0.1807081807,
        "eps": 0.3,
        "epsdiluted": 0.3,
        "weightedAverageShsOut": 49333000,
        "weightedAverageShsOutDil": 49333000,
        "link": "",
        "finalLink": ""
    },
    {
        "date": "1993-03-31",
        "symbol": "ZION",
        "reportedCurrency": "USD",
        "cik": "0000109380",
        "fillingDate": "1993-03-31",
        "acceptedDate": "1993-03-30 19:00:00",
        "calendarYear": "1993",
        "period": "Q1",
        "revenue": 75700000,
        "costOfRevenue": 25600000,
        "grossProfit": 50100000,
        "grossProfitRatio": 0.6618229855,
        "researchAndDevelopmentExpenses": 0,
        "generalAndAdministrativeExpenses": 17300000,
        "sellingAndMarketingExpenses": 0,
        "sellingGeneralAndAdministrativeExpenses": 17300000,
        "otherExpenses": 21700000,
        "operatingExpenses": 39000000,
        "costAndExpenses": 64600000,
        "interestIncome": 60500000,
        "interestExpense": 24400000,
        "depreciationAndAmortization": 3700000,
        "ebitda": 14800000,
        "ebitdaratio": 0.1955085865,
        "operatingIncome": 11100000,
        "operatingIncomeRatio": 0.1466314399,
        "totalOtherIncomeExpensesNet": 0,
        "incomeBeforeTax": 11100000,
        "incomeBeforeTaxRatio": 0.1466314399,
        "incomeTaxExpense": 3600000,
        "netIncome": 9100000,
        "netIncomeRatio": 0.1202113606,
        "eps": 0.18,
        "epsdiluted": 0.18,
        "weightedAverageShsOut": 50556000,
        "weightedAverageShsOutDil": 50556000,
        "link": "",
        "finalLink": ""
    },
    {
        "date": "1992-12-31",
        "symbol": "ZION",
        "reportedCurrency": "USD",
        "cik": "0000109380",
        "fillingDate": "1992-12-31",
        "acceptedDate": "1992-12-30 19:00:00",
        "calendarYear": "1992",
        "period": "Q4",
        "revenue": 83600000,
        "costOfRevenue": 27800000,
        "grossProfit": 55800000,
        "grossProfitRatio": 0.6674641148,
        "researchAndDevelopmentExpenses": 0,
        "generalAndAdministrativeExpenses": 18000000,
        "sellingAndMarketingExpenses": 0,
        "sellingGeneralAndAdministrativeExpenses": 18000000,
        "otherExpenses": 16400000,
        "operatingExpenses": 34400000,
        "costAndExpenses": 62200000,
        "interestIncome": 65400000,
        "interestExpense": 26200000,
        "depreciationAndAmortization": 11600000,
        "ebitda": 33000000,
        "ebitdaratio": 0.3947368421,
        "operatingIncome": 21400000,
        "operatingIncomeRatio": 0.2559808612,
        "totalOtherIncomeExpensesNet": 0,
        "incomeBeforeTax": 21400000,
        "incomeBeforeTaxRatio": 0.2559808612,
        "incomeTaxExpense": 7000000,
        "netIncome": 14400000,
        "netIncomeRatio": 0.1722488038,
        "eps": 0.28,
        "epsdiluted": 0.28,
        "weightedAverageShsOut": 49815000,
        "weightedAverageShsOutDil": 50556000,
        "link": "",
        "finalLink": ""
    },
    {
        "date": "1992-09-30",
        "symbol": "ZION",
        "reportedCurrency": "USD",
        "cik": "0000109380",
        "fillingDate": "1992-09-30",
        "acceptedDate": "1992-09-29 20:00:00",
        "calendarYear": "1992",
        "period": "Q3",
        "revenue": 79100000,
        "costOfRevenue": 28700000,
        "grossProfit": 50400000,
        "grossProfitRatio": 0.6371681416,
        "researchAndDevelopmentExpenses": 0,
        "generalAndAdministrativeExpenses": 16400000,
        "sellingAndMarketingExpenses": 0,
        "sellingGeneralAndAdministrativeExpenses": 16400000,
        "otherExpenses": 15800000,
        "operatingExpenses": 32200000,
        "costAndExpenses": 60900000,
        "interestIncome": 64000000,
        "interestExpense": 26800000,
        "depreciationAndAmortization": 1400000,
        "ebitda": 19600000,
        "ebitdaratio": 0.2477876106,
        "operatingIncome": 18200000,
        "operatingIncomeRatio": 0.2300884956,
        "totalOtherIncomeExpensesNet": 0,
        "incomeBeforeTax": 18200000,
        "incomeBeforeTaxRatio": 0.2300884956,
        "incomeTaxExpense": 6200000,
        "netIncome": 12000000,
        "netIncomeRatio": 0.1517067004,
        "eps": 0.24,
        "epsdiluted": 0.24,
        "weightedAverageShsOut": 50000000,
        "weightedAverageShsOutDil": 50000000,
        "link": "",
        "finalLink": ""
    },
    {
        "date": "1992-06-30",
        "symbol": "ZION",
        "reportedCurrency": "USD",
        "cik": "0000109380",
        "fillingDate": "1992-06-30",
        "acceptedDate": "1992-06-29 20:00:00",
        "calendarYear": "1992",
        "period": "Q2",
        "revenue": 78700000,
        "costOfRevenue": 33100000,
        "grossProfit": 45600000,
        "grossProfitRatio": 0.5794155019,
        "researchAndDevelopmentExpenses": 0,
        "generalAndAdministrativeExpenses": 16100000,
        "sellingAndMarketingExpenses": 0,
        "sellingGeneralAndAdministrativeExpenses": 16100000,
        "otherExpenses": 14800000,
        "operatingExpenses": 30900000,
        "costAndExpenses": 64000000,
        "interestIncome": 65200000,
        "interestExpense": 30200000,
        "depreciationAndAmortization": 1400000,
        "ebitda": 16100000,
        "ebitdaratio": 0.2045743329,
        "operatingIncome": 14700000,
        "operatingIncomeRatio": 0.1867852605,
        "totalOtherIncomeExpensesNet": 0,
        "incomeBeforeTax": 14700000,
        "incomeBeforeTaxRatio": 0.1867852605,
        "incomeTaxExpense": 5300000,
        "netIncome": 9400000,
        "netIncomeRatio": 0.1194409149,
        "eps": 0.19,
        "epsdiluted": 0.19,
        "weightedAverageShsOut": 49474000,
        "weightedAverageShsOutDil": 49474000,
        "link": "",
        "finalLink": ""
    },
    {
        "date": "1992-03-31",
        "symbol": "ZION",
        "reportedCurrency": "USD",
        "cik": "0000109380",
        "fillingDate": "1992-03-31",
        "acceptedDate": "1992-03-30 19:00:00",
        "calendarYear": "1992",
        "period": "Q1",
        "revenue": 80900000,
        "costOfRevenue": 34900000,
        "grossProfit": 46000000,
        "grossProfitRatio": 0.5686032138,
        "researchAndDevelopmentExpenses": 0,
        "generalAndAdministrativeExpenses": 15500000,
        "sellingAndMarketingExpenses": 0,
        "sellingGeneralAndAdministrativeExpenses": 15500000,
        "otherExpenses": 20200000,
        "operatingExpenses": 35700000,
        "costAndExpenses": 70600000,
        "interestIncome": 63100000,
        "interestExpense": 31000000,
        "depreciationAndAmortization": 1400000,
        "ebitda": 11700000,
        "ebitdaratio": 0.1446229913,
        "operatingIncome": 10300000,
        "operatingIncomeRatio": 0.1273176761,
        "totalOtherIncomeExpensesNet": 0,
        "incomeBeforeTax": 10300000,
        "incomeBeforeTaxRatio": 0.1273176761,
        "incomeTaxExpense": 2700000,
        "netIncome": 7600000,
        "netIncomeRatio": 0.0939431397,
        "eps": 0.16,
        "epsdiluted": 0.16,
        "weightedAverageShsOut": 47500000,
        "weightedAverageShsOutDil": 47500000,
        "link": "",
        "finalLink": ""
    },
    {
        "date": "1991-12-31",
        "symbol": "ZION",
        "reportedCurrency": "USD",
        "cik": "0000109380",
        "fillingDate": "1991-12-31",
        "acceptedDate": "1991-12-30 19:00:00",
        "calendarYear": "1991",
        "period": "Q4",
        "revenue": 86900000,
        "costOfRevenue": 41900000,
        "grossProfit": 45000000,
        "grossProfitRatio": 0.5178365938,
        "researchAndDevelopmentExpenses": 0,
        "generalAndAdministrativeExpenses": 15200000,
        "sellingAndMarketingExpenses": 0,
        "sellingGeneralAndAdministrativeExpenses": 15200000,
        "otherExpenses": 20100000,
        "operatingExpenses": 35300000,
        "costAndExpenses": 77200000,
        "interestIncome": 70400000,
        "interestExpense": 36600000,
        "depreciationAndAmortization": 1300000,
        "ebitda": 11000000,
        "ebitdaratio": 0.1265822785,
        "operatingIncome": 9700000,
        "operatingIncomeRatio": 0.1116225547,
        "totalOtherIncomeExpensesNet": 0,
        "incomeBeforeTax": 9700000,
        "incomeBeforeTaxRatio": 0.1116225547,
        "incomeTaxExpense": 1700000,
        "netIncome": 8000000,
        "netIncomeRatio": 0.0920598389,
        "eps": 0.17,
        "epsdiluted": 0.17,
        "weightedAverageShsOut": 47500000,
        "weightedAverageShsOutDil": 47500000,
        "link": "",
        "finalLink": ""
    },
    {
        "date": "1991-09-30",
        "symbol": "ZION",
        "reportedCurrency": "USD",
        "cik": "0000109380",
        "fillingDate": "1991-09-30",
        "acceptedDate": "1991-09-29 20:00:00",
        "calendarYear": "1991",
        "period": "Q3",
        "revenue": 86000000,
        "costOfRevenue": 44500000,
        "grossProfit": 41500000,
        "grossProfitRatio": 0.4825581395,
        "researchAndDevelopmentExpenses": 0,
        "generalAndAdministrativeExpenses": 14500000,
        "sellingAndMarketingExpenses": 0,
        "sellingGeneralAndAdministrativeExpenses": 14500000,
        "otherExpenses": 16100000,
        "operatingExpenses": 30600000,
        "costAndExpenses": 75100000,
        "interestIncome": 71500000,
        "interestExpense": 38100000,
        "depreciationAndAmortization": 1400000,
        "ebitda": 12300000,
        "ebitdaratio": 0.1430232558,
        "operatingIncome": 10900000,
        "operatingIncomeRatio": 0.126744186,
        "totalOtherIncomeExpensesNet": 0,
        "incomeBeforeTax": 10900000,
        "incomeBeforeTaxRatio": 0.126744186,
        "incomeTaxExpense": 3800000,
        "netIncome": 7100000,
        "netIncomeRatio": 0.0825581395,
        "eps": 0.15,
        "epsdiluted": 0.15,
        "weightedAverageShsOut": 47333000,
        "weightedAverageShsOutDil": 47333000,
        "link": "",
        "finalLink": ""
    },
    {
        "date": "1991-06-30",
        "symbol": "ZION",
        "reportedCurrency": "USD",
        "cik": "0000109380",
        "fillingDate": "1991-06-30",
        "acceptedDate": "1991-06-29 20:00:00",
        "calendarYear": "1991",
        "period": "Q2",
        "revenue": 84000000,
        "costOfRevenue": 42600000,
        "grossProfit": 41400000,
        "grossProfitRatio": 0.4928571429,
        "researchAndDevelopmentExpenses": 0,
        "generalAndAdministrativeExpenses": 14500000,
        "sellingAndMarketingExpenses": 0,
        "sellingGeneralAndAdministrativeExpenses": 14500000,
        "otherExpenses": 15800000,
        "operatingExpenses": 30300000,
        "costAndExpenses": 72900000,
        "interestIncome": 69300000,
        "interestExpense": 37600000,
        "depreciationAndAmortization": 1300000,
        "ebitda": 12400000,
        "ebitdaratio": 0.1476190476,
        "operatingIncome": 11100000,
        "operatingIncomeRatio": 0.1321428571,
        "totalOtherIncomeExpensesNet": 0,
        "incomeBeforeTax": 11100000,
        "incomeBeforeTaxRatio": 0.1321428571,
        "incomeTaxExpense": 3900000,
        "netIncome": 7200000,
        "netIncomeRatio": 0.0857142857,
        "eps": 0.15,
        "epsdiluted": 0.15,
        "weightedAverageShsOut": 48000000,
        "weightedAverageShsOutDil": 48000000,
        "link": "",
        "finalLink": ""
    },
    {
        "date": "1991-03-31",
        "symbol": "ZION",
        "reportedCurrency": "USD",
        "cik": "0000109380",
        "fillingDate": "1991-03-31",
        "acceptedDate": "1991-03-30 19:00:00",
        "calendarYear": "1991",
        "period": "Q1",
        "revenue": 87700000,
        "costOfRevenue": 48700000,
        "grossProfit": 39000000,
        "grossProfitRatio": 0.4446978335,
        "researchAndDevelopmentExpenses": 0,
        "generalAndAdministrativeExpenses": 14300000,
        "sellingAndMarketingExpenses": 0,
        "sellingGeneralAndAdministrativeExpenses": 14300000,
        "otherExpenses": 14300000,
        "operatingExpenses": 28600000,
        "costAndExpenses": 77300000,
        "interestIncome": 74500000,
        "interestExpense": 41900000,
        "depreciationAndAmortization": 1300000,
        "ebitda": 11700000,
        "ebitdaratio": 0.1334093501,
        "operatingIncome": 10400000,
        "operatingIncomeRatio": 0.1185860889,
        "totalOtherIncomeExpensesNet": 0,
        "incomeBeforeTax": 10400000,
        "incomeBeforeTaxRatio": 0.1185860889,
        "incomeTaxExpense": 3600000,
        "netIncome": 6800000,
        "netIncomeRatio": 0.0775370582,
        "eps": 0.14,
        "epsdiluted": 0.14,
        "weightedAverageShsOut": 48571000,
        "weightedAverageShsOutDil": 48571000,
        "link": "",
        "finalLink": ""
    },
    {
        "date": "1990-12-31",
        "symbol": "ZION",
        "reportedCurrency": "USD",
        "cik": "0000109380",
        "fillingDate": "1990-12-31",
        "acceptedDate": "1990-12-30 19:00:00",
        "calendarYear": "1990",
        "period": "Q4",
        "revenue": 90800000,
        "costOfRevenue": 47500000,
        "grossProfit": 43300000,
        "grossProfitRatio": 0.4768722467,
        "researchAndDevelopmentExpenses": 0,
        "generalAndAdministrativeExpenses": 15200000,
        "sellingAndMarketingExpenses": 0,
        "sellingGeneralAndAdministrativeExpenses": 15200000,
        "otherExpenses": 16000000,
        "operatingExpenses": 31200000,
        "costAndExpenses": 78700000,
        "interestIncome": 68700000,
        "interestExpense": 43000000,
        "depreciationAndAmortization": 1400000,
        "ebitda": 13500000,
        "ebitdaratio": 0.1486784141,
        "operatingIncome": 12100000,
        "operatingIncomeRatio": 0.1332599119,
        "totalOtherIncomeExpensesNet": 0,
        "incomeBeforeTax": 12100000,
        "incomeBeforeTaxRatio": 0.1332599119,
        "incomeTaxExpense": 4400000,
        "netIncome": 7700000,
        "netIncomeRatio": 0.0848017621,
        "eps": 0.16,
        "epsdiluted": 0.16,
        "weightedAverageShsOut": 48250000,
        "weightedAverageShsOutDil": 48571000,
        "link": "",
        "finalLink": ""
    },
    {
        "date": "1990-09-30",
        "symbol": "ZION",
        "reportedCurrency": "USD",
        "cik": "0000109380",
        "fillingDate": "1990-09-30",
        "acceptedDate": "1990-09-29 20:00:00",
        "calendarYear": "1990",
        "period": "Q3",
        "revenue": 86900000,
        "costOfRevenue": 46300000,
        "grossProfit": 40600000,
        "grossProfitRatio": 0.4672036824,
        "researchAndDevelopmentExpenses": 0,
        "generalAndAdministrativeExpenses": 13900000,
        "sellingAndMarketingExpenses": 0,
        "sellingGeneralAndAdministrativeExpenses": 13900000,
        "otherExpenses": 16800000,
        "operatingExpenses": 30700000,
        "costAndExpenses": 77000000,
        "interestIncome": 76000000,
        "interestExpense": 42000000,
        "depreciationAndAmortization": 1300000,
        "ebitda": 11200000,
        "ebitdaratio": 0.1288837745,
        "operatingIncome": 9900000,
        "operatingIncomeRatio": 0.1139240506,
        "totalOtherIncomeExpensesNet": 0,
        "incomeBeforeTax": 9900000,
        "incomeBeforeTaxRatio": 0.1139240506,
        "incomeTaxExpense": 3100000,
        "netIncome": 6800000,
        "netIncomeRatio": 0.0782508631,
        "eps": 0.14,
        "epsdiluted": 0.14,
        "weightedAverageShsOut": 48571429,
        "weightedAverageShsOutDil": 48571429,
        "link": "",
        "finalLink": ""
    },
    {
        "date": "1990-06-30",
        "symbol": "ZION",
        "reportedCurrency": "USD",
        "cik": "0000109380",
        "fillingDate": "1990-06-30",
        "acceptedDate": "1990-06-29 20:00:00",
        "calendarYear": "1990",
        "period": "Q2",
        "revenue": 86400000,
        "costOfRevenue": 46300000,
        "grossProfit": 40100000,
        "grossProfitRatio": 0.4641203704,
        "researchAndDevelopmentExpenses": 0,
        "generalAndAdministrativeExpenses": 14000000,
        "sellingAndMarketingExpenses": 0,
        "sellingGeneralAndAdministrativeExpenses": 14000000,
        "otherExpenses": 17900000,
        "operatingExpenses": 31900000,
        "costAndExpenses": 78200000,
        "interestIncome": 74000000,
        "interestExpense": 41800000,
        "depreciationAndAmortization": 1400000,
        "ebitda": 9600000,
        "ebitdaratio": 0.1111111111,
        "operatingIncome": 8200000,
        "operatingIncomeRatio": 0.0949074074,
        "totalOtherIncomeExpensesNet": 0,
        "incomeBeforeTax": 8200000,
        "incomeBeforeTaxRatio": 0.0949074074,
        "incomeTaxExpense": 2100000,
        "netIncome": 6100000,
        "netIncomeRatio": 0.0706018519,
        "eps": 0.13,
        "epsdiluted": 0.13,
        "weightedAverageShsOut": 46923077,
        "weightedAverageShsOutDil": 46923077,
        "link": "",
        "finalLink": ""
    },
    {
        "date": "1990-03-31",
        "symbol": "ZION",
        "reportedCurrency": "USD",
        "cik": "0000109380",
        "fillingDate": "1990-03-31",
        "acceptedDate": "1990-03-30 19:00:00",
        "calendarYear": "1990",
        "period": "Q1",
        "revenue": 80400000,
        "costOfRevenue": 44100000,
        "grossProfit": 36300000,
        "grossProfitRatio": 0.4514925373,
        "researchAndDevelopmentExpenses": 0,
        "generalAndAdministrativeExpenses": 13200000,
        "sellingAndMarketingExpenses": 0,
        "sellingGeneralAndAdministrativeExpenses": 13200000,
        "otherExpenses": 15100000,
        "operatingExpenses": 28300000,
        "costAndExpenses": 72400000,
        "interestIncome": 68700000,
        "interestExpense": 39400000,
        "depreciationAndAmortization": 1300000,
        "ebitda": 9300000,
        "ebitdaratio": 0.1156716418,
        "operatingIncome": 8000000,
        "operatingIncomeRatio": 0.0995024876,
        "totalOtherIncomeExpensesNet": 0,
        "incomeBeforeTax": 8000000,
        "incomeBeforeTaxRatio": 0.0995024876,
        "incomeTaxExpense": 2000000,
        "netIncome": 6000000,
        "netIncomeRatio": 0.0746268657,
        "eps": 0.13,
        "epsdiluted": 0.13,
        "weightedAverageShsOut": 46153846,
        "weightedAverageShsOutDil": 46153846,
        "link": "",
        "finalLink": ""
    },
    {
        "date": "1989-12-31",
        "symbol": "ZION",
        "reportedCurrency": "USD",
        "cik": "0000109380",
        "fillingDate": "1989-12-31",
        "acceptedDate": "1989-12-31 00:00:00",
        "calendarYear": "1989",
        "period": "Q4",
        "revenue": 82700000,
        "costOfRevenue": 46500000,
        "grossProfit": 36200000,
        "grossProfitRatio": 0.4377267231,
        "researchAndDevelopmentExpenses": 0,
        "generalAndAdministrativeExpenses": 13700000,
        "sellingAndMarketingExpenses": 0,
        "sellingGeneralAndAdministrativeExpenses": 13700000,
        "otherExpenses": 15600000,
        "operatingExpenses": 29300000,
        "costAndExpenses": 75800000,
        "interestIncome": 71900000,
        "interestExpense": 41200000,
        "depreciationAndAmortization": 1400000,
        "ebitda": 8300000,
        "ebitdaratio": 0.100362757,
        "operatingIncome": 6900000,
        "operatingIncomeRatio": 0.0834340992,
        "totalOtherIncomeExpensesNet": 0,
        "incomeBeforeTax": 6900000,
        "incomeBeforeTaxRatio": 0.0834340992,
        "incomeTaxExpense": 2400000,
        "netIncome": 6300000,
        "netIncomeRatio": 0.0761789601,
        "eps": 0.14,
        "epsdiluted": 0.14,
        "weightedAverageShsOut": 46153846,
        "weightedAverageShsOutDil": 46153846,
        "link": null,
        "finalLink": null
    },
    {
        "date": "1989-09-30",
        "symbol": "ZION",
        "reportedCurrency": "USD",
        "cik": "0000109380",
        "fillingDate": "1989-09-30",
        "acceptedDate": "1989-09-30 00:00:00",
        "calendarYear": "1989",
        "period": "Q3",
        "revenue": 81000000,
        "costOfRevenue": 48300000,
        "grossProfit": 32700000,
        "grossProfitRatio": 0.4037037037,
        "researchAndDevelopmentExpenses": 0,
        "generalAndAdministrativeExpenses": 12200000,
        "sellingAndMarketingExpenses": 0,
        "sellingGeneralAndAdministrativeExpenses": 12200000,
        "otherExpenses": 14800000,
        "operatingExpenses": 27000000,
        "costAndExpenses": 75300000,
        "interestIncome": 71100000,
        "interestExpense": 40400000,
        "depreciationAndAmortization": 1300000,
        "ebitda": 7000000,
        "ebitdaratio": 0.0864197531,
        "operatingIncome": 5700000,
        "operatingIncomeRatio": 0.0703703704,
        "totalOtherIncomeExpensesNet": 0,
        "incomeBeforeTax": 5700000,
        "incomeBeforeTaxRatio": 0.0703703704,
        "incomeTaxExpense": 1500000,
        "netIncome": 5400000,
        "netIncomeRatio": 0.0666666667,
        "eps": 0.12,
        "epsdiluted": 0.12,
        "weightedAverageShsOut": 45000000,
        "weightedAverageShsOutDil": 45000000,
        "link": null,
        "finalLink": null
    },
    {
        "date": "1989-06-30",
        "symbol": "ZION",
        "reportedCurrency": "USD",
        "cik": "0000109380",
        "fillingDate": "1989-06-30",
        "acceptedDate": "1989-06-29 20:00:00",
        "calendarYear": "1989",
        "period": "Q2",
        "revenue": 81300000,
        "costOfRevenue": 49000000,
        "grossProfit": 32300000,
        "grossProfitRatio": 0.3972939729,
        "researchAndDevelopmentExpenses": 0,
        "generalAndAdministrativeExpenses": 12000000,
        "sellingAndMarketingExpenses": 0,
        "sellingGeneralAndAdministrativeExpenses": 12000000,
        "otherExpenses": 16000000,
        "operatingExpenses": 28000000,
        "costAndExpenses": 77000000,
        "interestIncome": 71200000,
        "interestExpense": 41100000,
        "depreciationAndAmortization": 0,
        "ebitda": 4300000,
        "ebitdaratio": 0.0528905289,
        "operatingIncome": 4300000,
        "operatingIncomeRatio": 0.0528905289,
        "totalOtherIncomeExpensesNet": 0,
        "incomeBeforeTax": 4300000,
        "incomeBeforeTaxRatio": 0.0528905289,
        "incomeTaxExpense": 1000000,
        "netIncome": 4100000,
        "netIncomeRatio": 0.0504305043,
        "eps": 0.09,
        "epsdiluted": 0.09,
        "weightedAverageShsOut": 45555556,
        "weightedAverageShsOutDil": 45555556,
        "link": "",
        "finalLink": ""
    },
    {
        "date": "1989-03-31",
        "symbol": "ZION",
        "reportedCurrency": "USD",
        "cik": "0000109380",
        "fillingDate": "1989-03-31",
        "acceptedDate": "1989-03-30 19:00:00",
        "calendarYear": "1989",
        "period": "Q1",
        "revenue": 0,
        "costOfRevenue": 0,
        "grossProfit": 0,
        "grossProfitRatio": 0,
        "researchAndDevelopmentExpenses": 0,
        "generalAndAdministrativeExpenses": 0,
        "sellingAndMarketingExpenses": 0,
        "sellingGeneralAndAdministrativeExpenses": 0,
        "otherExpenses": 0,
        "operatingExpenses": 0,
        "costAndExpenses": 0,
        "interestIncome": 0,
        "interestExpense": 0,
        "depreciationAndAmortization": 0,
        "ebitda": 0,
        "ebitdaratio": 0,
        "operatingIncome": 0,
        "operatingIncomeRatio": 0,
        "totalOtherIncomeExpensesNet": 0,
        "incomeBeforeTax": 0,
        "incomeBeforeTaxRatio": 0,
        "incomeTaxExpense": 0,
        "netIncome": 0,
        "netIncomeRatio": 0,
        "eps": 0.04,
        "epsdiluted": 0.04,
        "weightedAverageShsOut": 47048000,
        "weightedAverageShsOutDil": 47048000,
        "link": "",
        "finalLink": ""
    },
    {
        "date": "1988-09-30",
        "symbol": "ZION",
        "reportedCurrency": "USD",
        "cik": "0000109380",
        "fillingDate": "1988-09-30",
        "acceptedDate": "1988-09-29 20:00:00",
        "calendarYear": "1988",
        "period": "Q3",
        "revenue": 0,
        "costOfRevenue": 0,
        "grossProfit": 0,
        "grossProfitRatio": 0,
        "researchAndDevelopmentExpenses": 0,
        "generalAndAdministrativeExpenses": 0,
        "sellingAndMarketingExpenses": 0,
        "sellingGeneralAndAdministrativeExpenses": 0,
        "otherExpenses": 0,
        "operatingExpenses": 0,
        "costAndExpenses": 0,
        "interestIncome": 0,
        "interestExpense": 0,
        "depreciationAndAmortization": 0,
        "ebitda": 0,
        "ebitdaratio": 0,
        "operatingIncome": 0,
        "operatingIncomeRatio": 0,
        "totalOtherIncomeExpensesNet": 0,
        "incomeBeforeTax": 0,
        "incomeBeforeTaxRatio": 0,
        "incomeTaxExpense": 0,
        "netIncome": 0,
        "netIncomeRatio": 0,
        "eps": -0.18,
        "epsdiluted": -0.18,
        "weightedAverageShsOut": 47056000,
        "weightedAverageShsOutDil": 47056000,
        "link": null,
        "finalLink": null
    },
    {
        "date": "1988-06-30",
        "symbol": "ZION",
        "reportedCurrency": "USD",
        "cik": "0000109380",
        "fillingDate": "1988-06-30",
        "acceptedDate": "1988-06-29 20:00:00",
        "calendarYear": "1988",
        "period": "Q2",
        "revenue": 0,
        "costOfRevenue": 0,
        "grossProfit": 0,
        "grossProfitRatio": 0,
        "researchAndDevelopmentExpenses": 0,
        "generalAndAdministrativeExpenses": 0,
        "sellingAndMarketingExpenses": 0,
        "sellingGeneralAndAdministrativeExpenses": 0,
        "otherExpenses": 0,
        "operatingExpenses": 0,
        "costAndExpenses": 0,
        "interestIncome": 0,
        "interestExpense": 0,
        "depreciationAndAmortization": 0,
        "ebitda": 0,
        "ebitdaratio": 0,
        "operatingIncome": 0,
        "operatingIncomeRatio": 0,
        "totalOtherIncomeExpensesNet": 0,
        "incomeBeforeTax": 0,
        "incomeBeforeTaxRatio": 0,
        "incomeTaxExpense": 0,
        "netIncome": 0,
        "netIncomeRatio": 0,
        "eps": -0.01,
        "epsdiluted": -0.01,
        "weightedAverageShsOut": 47056000,
        "weightedAverageShsOutDil": 47056000,
        "link": null,
        "finalLink": null
    },
    {
        "date": "1988-03-31",
        "symbol": "ZION",
        "reportedCurrency": "USD",
        "cik": "0000109380",
        "fillingDate": "1988-03-31",
        "acceptedDate": "1988-03-30 19:00:00",
        "calendarYear": "1988",
        "period": "Q1",
        "revenue": 0,
        "costOfRevenue": 0,
        "grossProfit": 0,
        "grossProfitRatio": 0,
        "researchAndDevelopmentExpenses": 0,
        "generalAndAdministrativeExpenses": 0,
        "sellingAndMarketingExpenses": 0,
        "sellingGeneralAndAdministrativeExpenses": 0,
        "otherExpenses": 0,
        "operatingExpenses": 0,
        "costAndExpenses": 0,
        "interestIncome": 0,
        "interestExpense": 0,
        "depreciationAndAmortization": 0,
        "ebitda": 0,
        "ebitdaratio": 0,
        "operatingIncome": 0,
        "operatingIncomeRatio": 0,
        "totalOtherIncomeExpensesNet": 0,
        "incomeBeforeTax": 0,
        "incomeBeforeTaxRatio": 0,
        "incomeTaxExpense": 0,
        "netIncome": 0,
        "netIncomeRatio": 0,
        "eps": 0.07,
        "epsdiluted": 0.07,
        "weightedAverageShsOut": 47040000,
        "weightedAverageShsOutDil": 47040000,
        "link": "",
        "finalLink": ""
    },
    {
        "date": "1987-09-30",
        "symbol": "ZION",
        "reportedCurrency": "USD",
        "cik": "0000109380",
        "fillingDate": "1987-09-30",
        "acceptedDate": "1987-09-29 20:00:00",
        "calendarYear": "1987",
        "period": "Q3",
        "revenue": 0,
        "costOfRevenue": 0,
        "grossProfit": 0,
        "grossProfitRatio": 0,
        "researchAndDevelopmentExpenses": 0,
        "generalAndAdministrativeExpenses": 0,
        "sellingAndMarketingExpenses": 0,
        "sellingGeneralAndAdministrativeExpenses": 0,
        "otherExpenses": 0,
        "operatingExpenses": 0,
        "costAndExpenses": 0,
        "interestIncome": 0,
        "interestExpense": 0,
        "depreciationAndAmortization": 0,
        "ebitda": 0,
        "ebitdaratio": 0,
        "operatingIncome": 0,
        "operatingIncomeRatio": 0,
        "totalOtherIncomeExpensesNet": 0,
        "incomeBeforeTax": 0,
        "incomeBeforeTaxRatio": 0,
        "incomeTaxExpense": 0,
        "netIncome": 0,
        "netIncomeRatio": 0,
        "eps": 0.09,
        "epsdiluted": 0.09,
        "weightedAverageShsOut": 45744000,
        "weightedAverageShsOutDil": 45744000,
        "link": null,
        "finalLink": null
    },
    {
        "date": "1987-06-30",
        "symbol": "ZION",
        "reportedCurrency": "USD",
        "cik": "0000109380",
        "fillingDate": "1987-06-30",
        "acceptedDate": "1987-06-29 20:00:00",
        "calendarYear": "1987",
        "period": "Q2",
        "revenue": 0,
        "costOfRevenue": 0,
        "grossProfit": 0,
        "grossProfitRatio": 0,
        "researchAndDevelopmentExpenses": 0,
        "generalAndAdministrativeExpenses": 0,
        "sellingAndMarketingExpenses": 0,
        "sellingGeneralAndAdministrativeExpenses": 0,
        "otherExpenses": 0,
        "operatingExpenses": 0,
        "costAndExpenses": 0,
        "interestIncome": 0,
        "interestExpense": 0,
        "depreciationAndAmortization": 0,
        "ebitda": 0,
        "ebitdaratio": 0,
        "operatingIncome": 0,
        "operatingIncomeRatio": 0,
        "totalOtherIncomeExpensesNet": 0,
        "incomeBeforeTax": 0,
        "incomeBeforeTaxRatio": 0,
        "incomeTaxExpense": 0,
        "netIncome": 0,
        "netIncomeRatio": 0,
        "eps": -0.36,
        "epsdiluted": -0.36,
        "weightedAverageShsOut": 45744000,
        "weightedAverageShsOutDil": 45744000,
        "link": null,
        "finalLink": null
    },
    {
        "date": "1987-03-31",
        "symbol": "ZION",
        "reportedCurrency": "USD",
        "cik": "0000109380",
        "fillingDate": "1987-03-31",
        "acceptedDate": "1987-03-30 19:00:00",
        "calendarYear": "1987",
        "period": "Q1",
        "revenue": 0,
        "costOfRevenue": 0,
        "grossProfit": 0,
        "grossProfitRatio": 0,
        "researchAndDevelopmentExpenses": 0,
        "generalAndAdministrativeExpenses": 0,
        "sellingAndMarketingExpenses": 0,
        "sellingGeneralAndAdministrativeExpenses": 0,
        "otherExpenses": 0,
        "operatingExpenses": 0,
        "costAndExpenses": 0,
        "interestIncome": 0,
        "interestExpense": 0,
        "depreciationAndAmortization": 0,
        "ebitda": 0,
        "ebitdaratio": 0,
        "operatingIncome": 0,
        "operatingIncomeRatio": 0,
        "totalOtherIncomeExpensesNet": 0,
        "incomeBeforeTax": 0,
        "incomeBeforeTaxRatio": 0,
        "incomeTaxExpense": 0,
        "netIncome": 0,
        "netIncomeRatio": 0,
        "eps": 0.1,
        "epsdiluted": 0.1,
        "weightedAverageShsOut": 45624000,
        "weightedAverageShsOutDil": 45624000,
        "link": "",
        "finalLink": ""
    },
    {
        "date": "1986-09-30",
        "symbol": "ZION",
        "reportedCurrency": "USD",
        "cik": "0000109380",
        "fillingDate": "1986-09-30",
        "acceptedDate": "1986-09-29 20:00:00",
        "calendarYear": "1986",
        "period": "Q3",
        "revenue": 0,
        "costOfRevenue": 0,
        "grossProfit": 0,
        "grossProfitRatio": 0,
        "researchAndDevelopmentExpenses": 0,
        "generalAndAdministrativeExpenses": 0,
        "sellingAndMarketingExpenses": 0,
        "sellingGeneralAndAdministrativeExpenses": 0,
        "otherExpenses": 0,
        "operatingExpenses": 0,
        "costAndExpenses": 0,
        "interestIncome": 0,
        "interestExpense": 0,
        "depreciationAndAmortization": 0,
        "ebitda": 0,
        "ebitdaratio": 0,
        "operatingIncome": 0,
        "operatingIncomeRatio": 0,
        "totalOtherIncomeExpensesNet": 0,
        "incomeBeforeTax": 0,
        "incomeBeforeTaxRatio": 0,
        "incomeTaxExpense": 0,
        "netIncome": 0,
        "netIncomeRatio": 0,
        "eps": 0.11,
        "epsdiluted": 0.11,
        "weightedAverageShsOut": 45624000,
        "weightedAverageShsOutDil": 45624000,
        "link": null,
        "finalLink": null
    },
    {
        "date": "1986-06-30",
        "symbol": "ZION",
        "reportedCurrency": "USD",
        "cik": "0000109380",
        "fillingDate": "1986-06-30",
        "acceptedDate": "1986-06-29 20:00:00",
        "calendarYear": "1986",
        "period": "Q2",
        "revenue": 0,
        "costOfRevenue": 0,
        "grossProfit": 0,
        "grossProfitRatio": 0,
        "researchAndDevelopmentExpenses": 0,
        "generalAndAdministrativeExpenses": 0,
        "sellingAndMarketingExpenses": 0,
        "sellingGeneralAndAdministrativeExpenses": 0,
        "otherExpenses": 0,
        "operatingExpenses": 0,
        "costAndExpenses": 0,
        "interestIncome": 0,
        "interestExpense": 0,
        "depreciationAndAmortization": 0,
        "ebitda": 0,
        "ebitdaratio": 0,
        "operatingIncome": 0,
        "operatingIncomeRatio": 0,
        "totalOtherIncomeExpensesNet": 0,
        "incomeBeforeTax": 0,
        "incomeBeforeTaxRatio": 0,
        "incomeTaxExpense": 0,
        "netIncome": 0,
        "netIncomeRatio": 0,
        "eps": 0.11,
        "epsdiluted": 0.11,
        "weightedAverageShsOut": 45680000,
        "weightedAverageShsOutDil": 45680000,
        "link": null,
        "finalLink": null
    },
    {
        "date": "1986-03-31",
        "symbol": "ZION",
        "reportedCurrency": "USD",
        "cik": "0000109380",
        "fillingDate": "1986-03-31",
        "acceptedDate": "1986-03-30 19:00:00",
        "calendarYear": "1986",
        "period": "Q1",
        "revenue": 0,
        "costOfRevenue": 0,
        "grossProfit": 0,
        "grossProfitRatio": 0,
        "researchAndDevelopmentExpenses": 0,
        "generalAndAdministrativeExpenses": 0,
        "sellingAndMarketingExpenses": 0,
        "sellingGeneralAndAdministrativeExpenses": 0,
        "otherExpenses": 0,
        "operatingExpenses": 0,
        "costAndExpenses": 0,
        "interestIncome": 0,
        "interestExpense": 0,
        "depreciationAndAmortization": 0,
        "ebitda": 0,
        "ebitdaratio": 0,
        "operatingIncome": 0,
        "operatingIncomeRatio": 0,
        "totalOtherIncomeExpensesNet": 0,
        "incomeBeforeTax": 0,
        "incomeBeforeTaxRatio": 0,
        "incomeTaxExpense": 0,
        "netIncome": 0,
        "netIncomeRatio": 0,
        "eps": 0.14,
        "epsdiluted": 0.14,
        "weightedAverageShsOut": 45680000,
        "weightedAverageShsOutDil": 45680000,
        "link": "",
        "finalLink": ""
    },
    {
        "date": "1985-09-30",
        "symbol": "ZION",
        "reportedCurrency": "USD",
        "cik": "0000109380",
        "fillingDate": "1985-09-30",
        "acceptedDate": "1985-09-29 20:00:00",
        "calendarYear": "1985",
        "period": "Q3",
        "revenue": 0,
        "costOfRevenue": 0,
        "grossProfit": 0,
        "grossProfitRatio": 0,
        "researchAndDevelopmentExpenses": 0,
        "generalAndAdministrativeExpenses": 0,
        "sellingAndMarketingExpenses": 0,
        "sellingGeneralAndAdministrativeExpenses": 0,
        "otherExpenses": 0,
        "operatingExpenses": 0,
        "costAndExpenses": 0,
        "interestIncome": 0,
        "interestExpense": 0,
        "depreciationAndAmortization": 0,
        "ebitda": 0,
        "ebitdaratio": 0,
        "operatingIncome": 0,
        "operatingIncomeRatio": 0,
        "totalOtherIncomeExpensesNet": 0,
        "incomeBeforeTax": 0,
        "incomeBeforeTaxRatio": 0,
        "incomeTaxExpense": 0,
        "netIncome": 0,
        "netIncomeRatio": 0,
        "eps": 0.15,
        "epsdiluted": 0.15,
        "weightedAverageShsOut": 45424000,
        "weightedAverageShsOutDil": 45424000,
        "link": null,
        "finalLink": null
    }
]