[
    {
        "date": "2025-09-30",
        "symbol": "AAL",
        "reportedCurrency": "USD",
        "cik": "0000006201",
        "fillingDate": "2025-10-23",
        "acceptedDate": "2025-10-23 07:02:07",
        "calendarYear": "2025",
        "period": "Q3",
        "revenue": 13691000000,
        "costOfRevenue": 11316000000,
        "grossProfit": 2375000000,
        "grossProfitRatio": 0.1734716237,
        "researchAndDevelopmentExpenses": 0,
        "generalAndAdministrativeExpenses": 0,
        "sellingAndMarketingExpenses": 0,
        "sellingGeneralAndAdministrativeExpenses": 483000000,
        "otherExpenses": 1734000000,
        "operatingExpenses": 2217000000,
        "costAndExpenses": 13533000000,
        "interestIncome": 90000000,
        "interestExpense": 432000000,
        "depreciationAndAmortization": 474000000,
        "ebitda": 764000000,
        "ebitdaratio": 0.0558030823,
        "operatingIncome": 158000000,
        "operatingIncomeRatio": 0.011540428,
        "totalOtherIncomeExpensesNet": -300000000,
        "incomeBeforeTax": -142000000,
        "incomeBeforeTaxRatio": -0.0103717771,
        "incomeTaxExpense": -28000000,
        "netIncome": -114000000,
        "netIncomeRatio": -0.0083266379,
        "eps": -0.17,
        "epsdiluted": -0.17,
        "weightedAverageShsOut": 660358000,
        "weightedAverageShsOutDil": 660358000,
        "link": "https://www.sec.gov/Archives/edgar/data/6201/000000620125000052/0000006201-25-000052-index.htm",
        "finalLink": "https://www.sec.gov/Archives/edgar/data/4515/000000620125000052/aal-20250930.htm"
    },
    {
        "date": "2025-06-30",
        "symbol": "AAL",
        "reportedCurrency": "USD",
        "cik": "0000006201",
        "fillingDate": "2025-07-24",
        "acceptedDate": "2025-07-24 07:02:11",
        "calendarYear": "2025",
        "period": "Q2",
        "revenue": 14392000000,
        "costOfRevenue": 10976000000,
        "grossProfit": 3416000000,
        "grossProfitRatio": 0.2373540856,
        "researchAndDevelopmentExpenses": 0,
        "generalAndAdministrativeExpenses": 0,
        "sellingAndMarketingExpenses": 0,
        "sellingGeneralAndAdministrativeExpenses": 535000000,
        "otherExpenses": 1699000000,
        "operatingExpenses": 2234000000,
        "costAndExpenses": 13210000000,
        "interestIncome": 100000000,
        "interestExpense": 433000000,
        "depreciationAndAmortization": 476000000,
        "ebitda": 1747000000,
        "ebitdaratio": 0.1213868816,
        "operatingIncome": 1182000000,
        "operatingIncomeRatio": 0.0821289605,
        "totalOtherIncomeExpensesNet": -344000000,
        "incomeBeforeTax": 838000000,
        "incomeBeforeTaxRatio": 0.0582267927,
        "incomeTaxExpense": 239000000,
        "netIncome": 599000000,
        "netIncomeRatio": 0.0416203446,
        "eps": 0.91,
        "epsdiluted": 0.91,
        "weightedAverageShsOut": 660127000,
        "weightedAverageShsOutDil": 660367000,
        "link": "https://www.sec.gov/Archives/edgar/data/6201/000000620125000038/0000006201-25-000038-index.htm",
        "finalLink": "https://www.sec.gov/Archives/edgar/data/4515/000000620125000038/aal-20250630.htm"
    },
    {
        "date": "2025-03-31",
        "symbol": "AAL",
        "reportedCurrency": "USD",
        "cik": "0000006201",
        "fillingDate": "2025-04-24",
        "acceptedDate": "2025-04-24 07:01:03",
        "calendarYear": "2025",
        "period": "Q1",
        "revenue": 12551000000,
        "costOfRevenue": 10673000000,
        "grossProfit": 1878000000,
        "grossProfitRatio": 0.1496295116,
        "researchAndDevelopmentExpenses": 0,
        "generalAndAdministrativeExpenses": 0,
        "sellingAndMarketingExpenses": 0,
        "sellingGeneralAndAdministrativeExpenses": 450000000,
        "otherExpenses": 1628000000,
        "operatingExpenses": 2078000000,
        "costAndExpenses": 12751000000,
        "interestIncome": 94000000,
        "interestExpense": 428000000,
        "depreciationAndAmortization": 468000000,
        "ebitda": 248000000,
        "ebitdaratio": 0.0197593817,
        "operatingIncome": -200000000,
        "operatingIncomeRatio": -0.0159349853,
        "totalOtherIncomeExpensesNet": -448000000,
        "incomeBeforeTax": -648000000,
        "incomeBeforeTaxRatio": -0.0516293522,
        "incomeTaxExpense": -175000000,
        "netIncome": -473000000,
        "netIncomeRatio": -0.0376862401,
        "eps": -0.72,
        "epsdiluted": -0.72,
        "weightedAverageShsOut": 658880000,
        "weightedAverageShsOutDil": 658880000,
        "link": "https://www.sec.gov/Archives/edgar/data/6201/000000620125000023/0000006201-25-000023-index.htm",
        "finalLink": "https://www.sec.gov/Archives/edgar/data/4515/000000620125000023/aal-20250331.htm"
    },
    {
        "date": "2024-12-31",
        "symbol": "AAL",
        "reportedCurrency": "USD",
        "cik": "0000006201",
        "fillingDate": "2025-02-19",
        "acceptedDate": "2025-02-19 16:35:55",
        "calendarYear": "2024",
        "period": "Q4",
        "revenue": 13660000000,
        "costOfRevenue": 10475000000,
        "grossProfit": 3185000000,
        "grossProfitRatio": 0.2331625183,
        "researchAndDevelopmentExpenses": 0,
        "generalAndAdministrativeExpenses": 0,
        "sellingAndMarketingExpenses": 0,
        "sellingGeneralAndAdministrativeExpenses": 480000000,
        "otherExpenses": 1585000000,
        "operatingExpenses": 2065000000,
        "costAndExpenses": 12540000000,
        "interestIncome": 105000000,
        "interestExpense": 470000000,
        "depreciationAndAmortization": 0,
        "ebitda": 1265000000,
        "ebitdaratio": 0.0926061493,
        "operatingIncome": 1120000000,
        "operatingIncomeRatio": 0.0819912152,
        "totalOtherIncomeExpensesNet": -325000000,
        "incomeBeforeTax": 795000000,
        "incomeBeforeTaxRatio": 0.0581991215,
        "incomeTaxExpense": 205000000,
        "netIncome": 590000000,
        "netIncomeRatio": 0.0431918009,
        "eps": 0.9,
        "epsdiluted": 0.82,
        "weightedAverageShsOut": 656996000,
        "weightedAverageShsOutDil": 721300000,
        "link": "https://www.sec.gov/Archives/edgar/data/6201/000000620125000010/0000006201-25-000010-index.htm",
        "finalLink": "https://www.sec.gov/Archives/edgar/data/4515/000000620125000010/aal-20241231.htm"
    },
    {
        "date": "2024-09-30",
        "symbol": "AAL",
        "reportedCurrency": "USD",
        "cik": "0000006201",
        "fillingDate": "2024-10-24",
        "acceptedDate": "2024-10-24 07:01:40",
        "calendarYear": "2024",
        "period": "Q3",
        "revenue": 13647000000,
        "costOfRevenue": 10868000000,
        "grossProfit": 2779000000,
        "grossProfitRatio": 0.2036344984,
        "researchAndDevelopmentExpenses": 0,
        "generalAndAdministrativeExpenses": 0,
        "sellingAndMarketingExpenses": 0,
        "sellingGeneralAndAdministrativeExpenses": 468000000,
        "otherExpenses": 1668000000,
        "operatingExpenses": 2136000000,
        "costAndExpenses": 13004000000,
        "interestIncome": 117000000,
        "interestExpense": 480000000,
        "depreciationAndAmortization": 479000000,
        "ebitda": 703000000,
        "ebitdaratio": 0.0515131531,
        "operatingIncome": 643000000,
        "operatingIncomeRatio": 0.0471165824,
        "totalOtherIncomeExpensesNet": -899000000,
        "incomeBeforeTax": -256000000,
        "incomeBeforeTaxRatio": -0.0187587015,
        "incomeTaxExpense": -107000000,
        "netIncome": -149000000,
        "netIncomeRatio": -0.0109181505,
        "eps": -0.23,
        "epsdiluted": -0.23,
        "weightedAverageShsOut": 657424000,
        "weightedAverageShsOutDil": 657424000,
        "link": "https://www.sec.gov/Archives/edgar/data/6201/000000620124000060/0000006201-24-000060-index.htm",
        "finalLink": "https://www.sec.gov/Archives/edgar/data/4515/000000620124000060/aal-20240930.htm"
    },
    {
        "date": "2024-06-30",
        "symbol": "AAL",
        "reportedCurrency": "USD",
        "cik": "0000006201",
        "fillingDate": "2024-07-25",
        "acceptedDate": "2024-07-25 07:01:13",
        "calendarYear": "2024",
        "period": "Q2",
        "revenue": 14334000000,
        "costOfRevenue": 10854000000,
        "grossProfit": 3480000000,
        "grossProfitRatio": 0.2427794056,
        "researchAndDevelopmentExpenses": 0,
        "generalAndAdministrativeExpenses": 0,
        "sellingAndMarketingExpenses": 0,
        "sellingGeneralAndAdministrativeExpenses": 456000000,
        "otherExpenses": 1640000000,
        "operatingExpenses": 2096000000,
        "costAndExpenses": 12950000000,
        "interestIncome": 128000000,
        "interestExpense": 486000000,
        "depreciationAndAmortization": 474000000,
        "ebitda": 1988000000,
        "ebitdaratio": 0.1386912237,
        "operatingIncome": 1384000000,
        "operatingIncomeRatio": 0.0965536487,
        "totalOtherIncomeExpensesNet": -356000000,
        "incomeBeforeTax": 1028000000,
        "incomeBeforeTaxRatio": 0.0717175945,
        "incomeTaxExpense": 311000000,
        "netIncome": 717000000,
        "netIncomeRatio": 0.0500209293,
        "eps": 1.09,
        "epsdiluted": 1.01,
        "weightedAverageShsOut": 656965000,
        "weightedAverageShsOutDil": 720302000,
        "link": "https://www.sec.gov/Archives/edgar/data/6201/000000620124000048/0000006201-24-000048-index.htm",
        "finalLink": "https://www.sec.gov/Archives/edgar/data/4515/000000620124000048/aal-20240630.htm"
    },
    {
        "date": "2024-03-31",
        "symbol": "AAL",
        "reportedCurrency": "USD",
        "cik": "0000006201",
        "fillingDate": "2024-04-25",
        "acceptedDate": "2024-04-25 07:03:26",
        "calendarYear": "2024",
        "period": "Q1",
        "revenue": 12570000000,
        "costOfRevenue": 10549000000,
        "grossProfit": 2021000000,
        "grossProfitRatio": 0.160779634,
        "researchAndDevelopmentExpenses": 0,
        "generalAndAdministrativeExpenses": 0,
        "sellingAndMarketingExpenses": 0,
        "sellingGeneralAndAdministrativeExpenses": 408000000,
        "otherExpenses": 1536000000,
        "operatingExpenses": 1944000000,
        "costAndExpenses": 12493000000,
        "interestIncome": 118000000,
        "interestExpense": 497000000,
        "depreciationAndAmortization": 470000000,
        "ebitda": 554000000,
        "ebitdaratio": 0.0440731901,
        "operatingIncome": 77000000,
        "operatingIncomeRatio": 0.0061256961,
        "totalOtherIncomeExpensesNet": -490000000,
        "incomeBeforeTax": -413000000,
        "incomeBeforeTaxRatio": -0.0328560064,
        "incomeTaxExpense": -101000000,
        "netIncome": -312000000,
        "netIncomeRatio": -0.0248210024,
        "eps": -0.48,
        "epsdiluted": -0.48,
        "weightedAverageShsOut": 655847000,
        "weightedAverageShsOutDil": 655847000,
        "link": "https://www.sec.gov/Archives/edgar/data/6201/000000620124000032/0000006201-24-000032-index.htm",
        "finalLink": "https://www.sec.gov/Archives/edgar/data/4515/000000620124000032/aal-20240331.htm"
    },
    {
        "date": "2023-12-31",
        "symbol": "AAL",
        "reportedCurrency": "USD",
        "cik": "0000006201",
        "fillingDate": "2024-02-21",
        "acceptedDate": "2024-02-21 07:59:46",
        "calendarYear": "2023",
        "period": "Q4",
        "revenue": 13062000000,
        "costOfRevenue": 10435000000,
        "grossProfit": 2627000000,
        "grossProfitRatio": 0.2011177461,
        "researchAndDevelopmentExpenses": 0,
        "generalAndAdministrativeExpenses": 0,
        "sellingAndMarketingExpenses": 0,
        "sellingGeneralAndAdministrativeExpenses": 443000000,
        "otherExpenses": 1519000000,
        "operatingExpenses": 1962000000,
        "costAndExpenses": 12397000000,
        "interestIncome": 135000000,
        "interestExpense": 519000000,
        "depreciationAndAmortization": 559000000,
        "ebitda": 1110000000,
        "ebitdaratio": 0.0849793294,
        "operatingIncome": 665000000,
        "operatingIncomeRatio": 0.0509110397,
        "totalOtherIncomeExpensesNet": -633000000,
        "incomeBeforeTax": 32000000,
        "incomeBeforeTaxRatio": 0.0024498545,
        "incomeTaxExpense": 13000000,
        "netIncome": 19000000,
        "netIncomeRatio": 0.0014546011,
        "eps": 0.03,
        "epsdiluted": 0.03,
        "weightedAverageShsOut": 654725000,
        "weightedAverageShsOutDil": 657079000,
        "link": "https://www.sec.gov/Archives/edgar/data/6201/000000620124000010/0000006201-24-000010-index.htm",
        "finalLink": "https://www.sec.gov/Archives/edgar/data/4515/000000620124000010/aal-20231231.htm"
    },
    {
        "date": "2023-09-30",
        "symbol": "AAL",
        "reportedCurrency": "USD",
        "cik": "0000006201",
        "fillingDate": "2023-10-19",
        "acceptedDate": "2023-10-19 07:01:27",
        "calendarYear": "2023",
        "period": "Q3",
        "revenue": 13482000000,
        "costOfRevenue": 10793000000,
        "grossProfit": 2689000000,
        "grossProfitRatio": 0.19945112,
        "researchAndDevelopmentExpenses": 0,
        "generalAndAdministrativeExpenses": 0,
        "sellingAndMarketingExpenses": 0,
        "sellingGeneralAndAdministrativeExpenses": 430000000,
        "otherExpenses": 1531000000,
        "operatingExpenses": 1961000000,
        "costAndExpenses": 12754000000,
        "interestIncome": 168000000,
        "interestExpense": 537000000,
        "depreciationAndAmortization": 566000000,
        "ebitda": 413000000,
        "ebitdaratio": 0.0306334372,
        "operatingIncome": 728000000,
        "operatingIncomeRatio": 0.0539979232,
        "totalOtherIncomeExpensesNet": -1418000000,
        "incomeBeforeTax": -690000000,
        "incomeBeforeTaxRatio": -0.0511793502,
        "incomeTaxExpense": -145000000,
        "netIncome": -545000000,
        "netIncomeRatio": -0.0404242694,
        "eps": -0.83,
        "epsdiluted": -0.83,
        "weightedAverageShsOut": 654119000,
        "weightedAverageShsOutDil": 654119000,
        "link": "https://www.sec.gov/Archives/edgar/data/6201/000000620123000092/0000006201-23-000092-index.htm",
        "finalLink": "https://www.sec.gov/Archives/edgar/data/4515/000000620123000092/aal-20230930.htm"
    },
    {
        "date": "2023-06-30",
        "symbol": "AAL",
        "reportedCurrency": "USD",
        "cik": "0000006201",
        "fillingDate": "2023-07-20",
        "acceptedDate": "2023-07-20 07:01:30",
        "calendarYear": "2023",
        "period": "Q2",
        "revenue": 14055000000,
        "costOfRevenue": 9902000000,
        "grossProfit": 4153000000,
        "grossProfitRatio": 0.2954820349,
        "researchAndDevelopmentExpenses": 0,
        "generalAndAdministrativeExpenses": 0,
        "sellingAndMarketingExpenses": 0,
        "sellingGeneralAndAdministrativeExpenses": 489000000,
        "otherExpenses": 1495000000,
        "operatingExpenses": 1984000000,
        "costAndExpenses": 11886000000,
        "interestIncome": 162000000,
        "interestExpense": 548000000,
        "depreciationAndAmortization": 563000000,
        "ebitda": 2874000000,
        "ebitdaratio": 0.2044823906,
        "operatingIncome": 2169000000,
        "operatingIncomeRatio": 0.1543223052,
        "totalOtherIncomeExpensesNet": -406000000,
        "incomeBeforeTax": 1763000000,
        "incomeBeforeTaxRatio": 0.125435788,
        "incomeTaxExpense": 425000000,
        "netIncome": 1338000000,
        "netIncomeRatio": 0.0951974386,
        "eps": 2.05,
        "epsdiluted": 1.88,
        "weightedAverageShsOut": 653602000,
        "weightedAverageShsOutDil": 719345000,
        "link": "https://www.sec.gov/Archives/edgar/data/6201/000000620123000070/0000006201-23-000070-index.htm",
        "finalLink": "https://www.sec.gov/Archives/edgar/data/4515/000000620123000070/aal-20230630.htm"
    },
    {
        "date": "2023-03-31",
        "symbol": "AAL",
        "reportedCurrency": "USD",
        "cik": "0000006201",
        "fillingDate": "2023-04-27",
        "acceptedDate": "2023-04-27 07:01:48",
        "calendarYear": "2023",
        "period": "Q1",
        "revenue": 12189000000,
        "costOfRevenue": 9840000000,
        "grossProfit": 2349000000,
        "grossProfitRatio": 0.1927147428,
        "researchAndDevelopmentExpenses": 0,
        "generalAndAdministrativeExpenses": 0,
        "sellingAndMarketingExpenses": 0,
        "sellingGeneralAndAdministrativeExpenses": 438000000,
        "otherExpenses": 1460000000,
        "operatingExpenses": 1898000000,
        "costAndExpenses": 11738000000,
        "interestIncome": 125000000,
        "interestExpense": 540000000,
        "depreciationAndAmortization": 486000000,
        "ebitda": 1043000000,
        "ebitdaratio": 0.0855689556,
        "operatingIncome": 451000000,
        "operatingIncomeRatio": 0.0370005743,
        "totalOtherIncomeExpensesNet": -434000000,
        "incomeBeforeTax": 17000000,
        "incomeBeforeTaxRatio": 0.0013947001,
        "incomeTaxExpense": 7000000,
        "netIncome": 10000000,
        "netIncomeRatio": 0.0008204118,
        "eps": 0.02,
        "epsdiluted": 0.02,
        "weightedAverageShsOut": 652000000,
        "weightedAverageShsOutDil": 656707000,
        "link": "https://www.sec.gov/Archives/edgar/data/6201/000000620123000042/0000006201-23-000042-index.htm",
        "finalLink": "https://www.sec.gov/Archives/edgar/data/4515/000000620123000042/aal-20230331.htm"
    },
    {
        "date": "2022-12-31",
        "symbol": "AAL",
        "reportedCurrency": "USD",
        "cik": "0000006201",
        "fillingDate": "2023-02-22",
        "acceptedDate": "2023-02-22 08:01:45",
        "calendarYear": "2022",
        "period": "Q4",
        "revenue": 13189000000,
        "costOfRevenue": 9930000000,
        "grossProfit": 3259000000,
        "grossProfitRatio": 0.2470998559,
        "researchAndDevelopmentExpenses": 0,
        "generalAndAdministrativeExpenses": 0,
        "sellingAndMarketingExpenses": 0,
        "sellingGeneralAndAdministrativeExpenses": 484000000,
        "otherExpenses": 1385000000,
        "operatingExpenses": 1869000000,
        "costAndExpenses": 11799000000,
        "interestIncome": 109000000,
        "interestExpense": 532000000,
        "depreciationAndAmortization": 573000000,
        "ebitda": 2116000000,
        "ebitdaratio": 0.1604367276,
        "operatingIncome": 1390000000,
        "operatingIncomeRatio": 0.105390856,
        "totalOtherIncomeExpensesNet": -379000000,
        "incomeBeforeTax": 1011000000,
        "incomeBeforeTaxRatio": 0.0766547881,
        "incomeTaxExpense": 208000000,
        "netIncome": 803000000,
        "netIncomeRatio": 0.0608840701,
        "eps": 1.23,
        "epsdiluted": 1.14,
        "weightedAverageShsOut": 650944000,
        "weightedAverageShsOutDil": 716070000,
        "link": "https://www.sec.gov/Archives/edgar/data/6201/000000620123000018/0000006201-23-000018-index.htm",
        "finalLink": "https://www.sec.gov/Archives/edgar/data/4515/000000620123000018/aal-20221231.htm"
    },
    {
        "date": "2022-09-30",
        "symbol": "AAL",
        "reportedCurrency": "USD",
        "cik": "0000006201",
        "fillingDate": "2022-10-20",
        "acceptedDate": "2022-10-20 07:01:41",
        "calendarYear": "2022",
        "period": "Q3",
        "revenue": 13462000000,
        "costOfRevenue": 10636000000,
        "grossProfit": 2826000000,
        "grossProfitRatio": 0.2099242312,
        "researchAndDevelopmentExpenses": 0,
        "generalAndAdministrativeExpenses": 0,
        "sellingAndMarketingExpenses": 0,
        "sellingGeneralAndAdministrativeExpenses": 495000000,
        "otherExpenses": 1362000000,
        "operatingExpenses": 1857000000,
        "costAndExpenses": 12493000000,
        "interestIncome": 70000000,
        "interestExpense": 499000000,
        "depreciationAndAmortization": 572000000,
        "ebitda": 1729000000,
        "ebitdaratio": 0.1284355965,
        "operatingIncome": 969000000,
        "operatingIncomeRatio": 0.0719803892,
        "totalOtherIncomeExpensesNet": -311000000,
        "incomeBeforeTax": 658000000,
        "incomeBeforeTaxRatio": 0.0488783242,
        "incomeTaxExpense": 175000000,
        "netIncome": 483000000,
        "netIncomeRatio": 0.0358787699,
        "eps": 0.74,
        "epsdiluted": 0.69,
        "weightedAverageShsOut": 695817030,
        "weightedAverageShsOutDil": 715985000,
        "link": "https://www.sec.gov/Archives/edgar/data/6201/000000620122000086/0000006201-22-000086-index.htm",
        "finalLink": "https://www.sec.gov/Archives/edgar/data/4515/000000620122000086/aal-20220930.htm"
    },
    {
        "date": "2022-06-30",
        "symbol": "AAL",
        "reportedCurrency": "USD",
        "cik": "0000006201",
        "fillingDate": "2022-07-21",
        "acceptedDate": "2022-07-21 07:02:12",
        "calendarYear": "2022",
        "period": "Q2",
        "revenue": 13422000000,
        "costOfRevenue": 10517000000,
        "grossProfit": 2905000000,
        "grossProfitRatio": 0.2164357026,
        "researchAndDevelopmentExpenses": 0,
        "generalAndAdministrativeExpenses": 0,
        "sellingAndMarketingExpenses": 0,
        "sellingGeneralAndAdministrativeExpenses": 504000000,
        "otherExpenses": 1389000000,
        "operatingExpenses": 1893000000,
        "costAndExpenses": 12410000000,
        "interestIncome": 29000000,
        "interestExpense": 468000000,
        "depreciationAndAmortization": 571000000,
        "ebitda": 1642000000,
        "ebitdaratio": 0.1223364625,
        "operatingIncome": 1012000000,
        "operatingIncomeRatio": 0.0753985993,
        "totalOtherIncomeExpensesNet": -409000000,
        "incomeBeforeTax": 603000000,
        "incomeBeforeTaxRatio": 0.0449262405,
        "incomeTaxExpense": 127000000,
        "netIncome": 476000000,
        "netIncomeRatio": 0.0354641633,
        "eps": 0.73,
        "epsdiluted": 0.68,
        "weightedAverageShsOut": 650346000,
        "weightedAverageShsOutDil": 718532000,
        "link": "https://www.sec.gov/Archives/edgar/data/6201/000000620122000071/0000006201-22-000071-index.htm",
        "finalLink": "https://www.sec.gov/Archives/edgar/data/4515/000000620122000071/aal-20220630.htm"
    },
    {
        "date": "2022-03-31",
        "symbol": "AAL",
        "reportedCurrency": "USD",
        "cik": "0000006201",
        "fillingDate": "2022-04-21",
        "acceptedDate": "2022-04-21 07:04:39",
        "calendarYear": "2022",
        "period": "Q1",
        "revenue": 8899000000,
        "costOfRevenue": 8848000000,
        "grossProfit": 51000000,
        "grossProfitRatio": 0.005730981,
        "researchAndDevelopmentExpenses": 0,
        "generalAndAdministrativeExpenses": 0,
        "sellingAndMarketingExpenses": 0,
        "sellingGeneralAndAdministrativeExpenses": 332000000,
        "otherExpenses": 1285000000,
        "operatingExpenses": 1617000000,
        "costAndExpenses": 10465000000,
        "interestIncome": 8000000,
        "interestExpense": 463000000,
        "depreciationAndAmortization": 572000000,
        "ebitda": -1051000000,
        "ebitdaratio": -0.1181031577,
        "operatingIncome": -1566000000,
        "operatingIncomeRatio": -0.1759748286,
        "totalOtherIncomeExpensesNet": -520000000,
        "incomeBeforeTax": -2086000000,
        "incomeBeforeTaxRatio": -0.2344083605,
        "incomeTaxExpense": -451000000,
        "netIncome": -1635000000,
        "netIncomeRatio": -0.1837285088,
        "eps": -2.52,
        "epsdiluted": -2.52,
        "weightedAverageShsOut": 648809523,
        "weightedAverageShsOutDil": 649503000,
        "link": "https://www.sec.gov/Archives/edgar/data/6201/000000620122000046/0000006201-22-000046-index.htm",
        "finalLink": "https://www.sec.gov/Archives/edgar/data/4515/000000620122000046/aal-20220331.htm"
    },
    {
        "date": "2021-12-31",
        "symbol": "AAL",
        "reportedCurrency": "USD",
        "cik": "0000006201",
        "fillingDate": "2022-02-22",
        "acceptedDate": "2022-02-22 08:03:11",
        "calendarYear": "2021",
        "period": "Q4",
        "revenue": 9427000000,
        "costOfRevenue": 8663000000,
        "grossProfit": 764000000,
        "grossProfitRatio": 0.0810438103,
        "researchAndDevelopmentExpenses": 0,
        "generalAndAdministrativeExpenses": 0,
        "sellingAndMarketingExpenses": 0,
        "sellingGeneralAndAdministrativeExpenses": 353000000,
        "otherExpenses": 1211000000,
        "operatingExpenses": 1564000000,
        "costAndExpenses": 10227000000,
        "interestIncome": 5000000,
        "interestExpense": 468000000,
        "depreciationAndAmortization": 658000000,
        "ebitda": -65000000,
        "ebitdaratio": -0.0068950886,
        "operatingIncome": -800000000,
        "operatingIncomeRatio": -0.0848626286,
        "totalOtherIncomeExpensesNet": -391000000,
        "incomeBeforeTax": -1191000000,
        "incomeBeforeTaxRatio": -0.1263392384,
        "incomeTaxExpense": -260000000,
        "netIncome": -931000000,
        "netIncomeRatio": -0.0987588841,
        "eps": -1.44,
        "epsdiluted": -1.44,
        "weightedAverageShsOut": 648766000,
        "weightedAverageShsOutDil": 648766000,
        "link": "https://www.sec.gov/Archives/edgar/data/6201/000000620122000026/0000006201-22-000026-index.htm",
        "finalLink": "https://www.sec.gov/Archives/edgar/data/4515/000000620122000026/aal-20211231.htm"
    },
    {
        "date": "2021-09-30",
        "symbol": "AAL",
        "reportedCurrency": "USD",
        "cik": "0000006201",
        "fillingDate": "2021-10-21",
        "acceptedDate": "2021-10-21 07:02:47",
        "calendarYear": "2021",
        "period": "Q3",
        "revenue": 8969000000,
        "costOfRevenue": 8004000000,
        "grossProfit": 965000000,
        "grossProfitRatio": 0.1075928197,
        "researchAndDevelopmentExpenses": 0,
        "generalAndAdministrativeExpenses": 0,
        "sellingAndMarketingExpenses": 0,
        "sellingGeneralAndAdministrativeExpenses": 318000000,
        "otherExpenses": 1109000000,
        "operatingExpenses": 1427000000,
        "costAndExpenses": 9431000000,
        "interestIncome": 5000000,
        "interestExpense": 476000000,
        "depreciationAndAmortization": 558000000,
        "ebitda": 1240000000,
        "ebitdaratio": 0.138253986,
        "operatingIncome": -462000000,
        "operatingIncomeRatio": -0.0515107593,
        "totalOtherIncomeExpensesNet": 668000000,
        "incomeBeforeTax": 206000000,
        "incomeBeforeTaxRatio": 0.0229680009,
        "incomeTaxExpense": 37000000,
        "netIncome": 169000000,
        "netIncomeRatio": 0.0188426803,
        "eps": 0.26,
        "epsdiluted": 0.23,
        "weightedAverageShsOut": 648564000,
        "weightedAverageShsOutDil": 721142000,
        "link": "https://www.sec.gov/Archives/edgar/data/6201/000000620121000098/0000006201-21-000098-index.htm",
        "finalLink": "https://www.sec.gov/Archives/edgar/data/4515/000000620121000098/aal-20210930.htm"
    },
    {
        "date": "2021-06-30",
        "symbol": "AAL",
        "reportedCurrency": "USD",
        "cik": "0000006201",
        "fillingDate": "2021-07-22",
        "acceptedDate": "2021-07-22 09:26:09",
        "calendarYear": "2021",
        "period": "Q2",
        "revenue": 7478000000,
        "costOfRevenue": 7257000000,
        "grossProfit": 221000000,
        "grossProfitRatio": 0.0295533565,
        "researchAndDevelopmentExpenses": 0,
        "generalAndAdministrativeExpenses": 0,
        "sellingAndMarketingExpenses": 0,
        "sellingGeneralAndAdministrativeExpenses": 277000000,
        "otherExpenses": 958000000,
        "operatingExpenses": 1235000000,
        "costAndExpenses": 8492000000,
        "interestIncome": 5000000,
        "interestExpense": 486000000,
        "depreciationAndAmortization": 545000000,
        "ebitda": 1040000000,
        "ebitdaratio": 0.1390746189,
        "operatingIncome": -1014000000,
        "operatingIncomeRatio": -0.1355977534,
        "totalOtherIncomeExpensesNet": 1023000000,
        "incomeBeforeTax": 9000000,
        "incomeBeforeTaxRatio": 0.0012035304,
        "incomeTaxExpense": -10000000,
        "netIncome": 19000000,
        "netIncomeRatio": 0.0025407863,
        "eps": 0.0295,
        "epsdiluted": 0.0289,
        "weightedAverageShsOut": 644123000,
        "weightedAverageShsOutDil": 656372000,
        "link": "https://www.sec.gov/Archives/edgar/data/6201/000000620121000080/0000006201-21-000080-index.htm",
        "finalLink": "https://www.sec.gov/Archives/edgar/data/4515/000000620121000080/aal-20210630.htm"
    },
    {
        "date": "2021-03-31",
        "symbol": "AAL",
        "reportedCurrency": "USD",
        "cik": "0000006201",
        "fillingDate": "2021-04-22",
        "acceptedDate": "2021-04-22 07:01:55",
        "calendarYear": "2021",
        "period": "Q1",
        "revenue": 4008000000,
        "costOfRevenue": 6379000000,
        "grossProfit": -2371000000,
        "grossProfitRatio": -0.5915668663,
        "researchAndDevelopmentExpenses": 0,
        "generalAndAdministrativeExpenses": 0,
        "sellingAndMarketingExpenses": 0,
        "sellingGeneralAndAdministrativeExpenses": 151000000,
        "otherExpenses": 716000000,
        "operatingExpenses": 867000000,
        "costAndExpenses": 7246000000,
        "interestIncome": 4000000,
        "interestExpense": 371000000,
        "depreciationAndAmortization": 574000000,
        "ebitda": -628000000,
        "ebitdaratio": -0.1566866267,
        "operatingIncome": -3238000000,
        "operatingIncomeRatio": -0.8078842315,
        "totalOtherIncomeExpensesNet": 1665000000,
        "incomeBeforeTax": -1573000000,
        "incomeBeforeTaxRatio": -0.3924650699,
        "incomeTaxExpense": -323000000,
        "netIncome": -1250000000,
        "netIncomeRatio": -0.3118762475,
        "eps": -1.97,
        "epsdiluted": -1.97,
        "weightedAverageShsOut": 634609000,
        "weightedAverageShsOutDil": 634609000,
        "link": "https://www.sec.gov/Archives/edgar/data/6201/000000620121000054/0000006201-21-000054-index.htm",
        "finalLink": "https://www.sec.gov/Archives/edgar/data/4515/000000620121000054/aal-20210331.htm"
    },
    {
        "date": "2020-12-31",
        "symbol": "AAL",
        "reportedCurrency": "USD",
        "cik": "0000006201",
        "fillingDate": "2021-02-17",
        "acceptedDate": "2021-02-17 17:17:57",
        "calendarYear": "2020",
        "period": "Q4",
        "revenue": 4028000000,
        "costOfRevenue": 5751000000,
        "grossProfit": -1723000000,
        "grossProfitRatio": -0.42775571,
        "researchAndDevelopmentExpenses": 0,
        "generalAndAdministrativeExpenses": 0,
        "sellingAndMarketingExpenses": 0,
        "sellingGeneralAndAdministrativeExpenses": 95000000,
        "otherExpenses": 697000000,
        "operatingExpenses": 792000000,
        "costAndExpenses": 6543000000,
        "interestIncome": 5000000,
        "interestExpense": 376000000,
        "depreciationAndAmortization": 566000000,
        "ebitda": -1872000000,
        "ebitdaratio": -0.4647467726,
        "operatingIncome": -2515000000,
        "operatingIncomeRatio": -0.6243793446,
        "totalOtherIncomeExpensesNet": -294000000,
        "incomeBeforeTax": -2809000000,
        "incomeBeforeTaxRatio": -0.6973684211,
        "incomeTaxExpense": -631000000,
        "netIncome": -2178000000,
        "netIncomeRatio": -0.540714995,
        "eps": -3.81,
        "epsdiluted": -3.81,
        "weightedAverageShsOut": 571984000,
        "weightedAverageShsOutDil": 571984000,
        "link": "https://www.sec.gov/Archives/edgar/data/6201/000000620121000014/0000006201-21-000014-index.htm",
        "finalLink": "https://www.sec.gov/Archives/edgar/data/4515/000000620121000014/aal-20201231.htm"
    },
    {
        "date": "2020-09-30",
        "symbol": "AAL",
        "reportedCurrency": "USD",
        "cik": "0000006201",
        "fillingDate": "2020-10-22",
        "acceptedDate": "2020-10-22 07:01:54",
        "calendarYear": "2020",
        "period": "Q3",
        "revenue": 3173000000,
        "costOfRevenue": 5732000000,
        "grossProfit": -2559000000,
        "grossProfitRatio": -0.8064922786,
        "researchAndDevelopmentExpenses": 0,
        "generalAndAdministrativeExpenses": 0,
        "sellingAndMarketingExpenses": 0,
        "sellingGeneralAndAdministrativeExpenses": 97000000,
        "otherExpenses": 734000000,
        "operatingExpenses": 831000000,
        "costAndExpenses": 6563000000,
        "interestIncome": 5000000,
        "interestExpense": 340000000,
        "depreciationAndAmortization": 577000000,
        "ebitda": -2178000000,
        "ebitdaratio": -0.6864166404,
        "operatingIncome": -3390000000,
        "operatingIncomeRatio": -1.0683895367,
        "totalOtherIncomeExpensesNet": 295000000,
        "incomeBeforeTax": -3095000000,
        "incomeBeforeTaxRatio": -0.9754175859,
        "incomeTaxExpense": -696000000,
        "netIncome": -2399000000,
        "netIncomeRatio": -0.7560668137,
        "eps": -4.71,
        "epsdiluted": -4.71,
        "weightedAverageShsOut": 509049000,
        "weightedAverageShsOutDil": 509049000,
        "link": "https://www.sec.gov/Archives/edgar/data/6201/000000620120000101/0000006201-20-000101-index.htm",
        "finalLink": "https://www.sec.gov/Archives/edgar/data/4515/000000620120000101/aal-20200930.htm"
    },
    {
        "date": "2020-06-30",
        "symbol": "AAL",
        "reportedCurrency": "USD",
        "cik": "0000006201",
        "fillingDate": "2020-07-23",
        "acceptedDate": "2020-07-23 07:04:41",
        "calendarYear": "2020",
        "period": "Q2",
        "revenue": 1622000000,
        "costOfRevenue": 5076000000,
        "grossProfit": -3454000000,
        "grossProfitRatio": -2.1294697904,
        "researchAndDevelopmentExpenses": 0,
        "generalAndAdministrativeExpenses": 0,
        "sellingAndMarketingExpenses": 0,
        "sellingGeneralAndAdministrativeExpenses": 57000000,
        "otherExpenses": 647000000,
        "operatingExpenses": 704000000,
        "costAndExpenses": 5780000000,
        "interestIncome": 10000000,
        "interestExpense": 254000000,
        "depreciationAndAmortization": 583000000,
        "ebitda": -1822000000,
        "ebitdaratio": -1.1233045623,
        "operatingIncome": -4158000000,
        "operatingIncomeRatio": -2.5635018496,
        "totalOtherIncomeExpensesNet": 1499000000,
        "incomeBeforeTax": -2659000000,
        "incomeBeforeTaxRatio": -1.6393341554,
        "incomeTaxExpense": -592000000,
        "netIncome": -2067000000,
        "netIncomeRatio": -1.274352651,
        "eps": -4.82,
        "epsdiluted": -4.82,
        "weightedAverageShsOut": 428807000,
        "weightedAverageShsOutDil": 428807000,
        "link": "https://www.sec.gov/Archives/edgar/data/6201/000000620120000089/0000006201-20-000089-index.htm",
        "finalLink": "https://www.sec.gov/Archives/edgar/data/4515/000000620120000089/q2202010-q063020.htm"
    },
    {
        "date": "2020-03-31",
        "symbol": "AAL",
        "reportedCurrency": "USD",
        "cik": "0000006201",
        "fillingDate": "2020-04-30",
        "acceptedDate": "2020-04-30 07:34:05",
        "calendarYear": "2020",
        "period": "Q1",
        "revenue": 8515000000,
        "costOfRevenue": 8097000000,
        "grossProfit": 418000000,
        "grossProfitRatio": 0.0490898415,
        "researchAndDevelopmentExpenses": 0,
        "generalAndAdministrativeExpenses": 0,
        "sellingAndMarketingExpenses": 0,
        "sellingGeneralAndAdministrativeExpenses": 385000000,
        "otherExpenses": 1357000000,
        "operatingExpenses": 1742000000,
        "costAndExpenses": 9839000000,
        "interestIncome": 21000000,
        "interestExpense": 257000000,
        "depreciationAndAmortization": 643000000,
        "ebitda": -1990000000,
        "ebitdaratio": -0.2337052261,
        "operatingIncome": -1324000000,
        "operatingIncomeRatio": -0.1554903112,
        "totalOtherIncomeExpensesNet": -1566000000,
        "incomeBeforeTax": -2890000000,
        "incomeBeforeTaxRatio": -0.339401057,
        "incomeTaxExpense": -649000000,
        "netIncome": -2241000000,
        "netIncomeRatio": -0.2631826189,
        "eps": -5.26,
        "epsdiluted": -5.26,
        "weightedAverageShsOut": 425713000,
        "weightedAverageShsOutDil": 425713000,
        "link": "https://www.sec.gov/Archives/edgar/data/6201/000000620120000066/0000006201-20-000066-index.htm",
        "finalLink": "https://www.sec.gov/Archives/edgar/data/4515/000000620120000066/q1202010-q033120.htm"
    },
    {
        "date": "2019-12-31",
        "symbol": "AAL",
        "reportedCurrency": "USD",
        "cik": "0000006201",
        "fillingDate": "2020-02-19",
        "acceptedDate": "2020-02-19 07:31:30",
        "calendarYear": "2019",
        "period": "Q4",
        "revenue": 11313000000,
        "costOfRevenue": 8530000000,
        "grossProfit": 2783000000,
        "grossProfitRatio": 0.2460001768,
        "researchAndDevelopmentExpenses": 0,
        "generalAndAdministrativeExpenses": 0,
        "sellingAndMarketingExpenses": 0,
        "sellingGeneralAndAdministrativeExpenses": 408000000,
        "otherExpenses": 1498000000,
        "operatingExpenses": 1906000000,
        "costAndExpenses": 10436000000,
        "interestIncome": 24000000,
        "interestExpense": 265000000,
        "depreciationAndAmortization": 603000000,
        "ebitda": 1439000000,
        "ebitdaratio": 0.1271987978,
        "operatingIncome": 877000000,
        "operatingIncomeRatio": 0.0775214355,
        "totalOtherIncomeExpensesNet": -306000000,
        "incomeBeforeTax": 571000000,
        "incomeBeforeTaxRatio": 0.0504729073,
        "incomeTaxExpense": 157000000,
        "netIncome": 414000000,
        "netIncomeRatio": 0.0365950676,
        "eps": 0.95,
        "epsdiluted": 0.95,
        "weightedAverageShsOut": 434578000,
        "weightedAverageShsOutDil": 435659000,
        "link": "https://www.sec.gov/Archives/edgar/data/6201/000000620120000023/0000006201-20-000023-index.htm",
        "finalLink": "https://www.sec.gov/Archives/edgar/data/4515/000000620120000023/a10k123119.htm"
    },
    {
        "date": "2019-09-30",
        "symbol": "AAL",
        "reportedCurrency": "USD",
        "cik": "0000006201",
        "fillingDate": "2019-10-24",
        "acceptedDate": "2019-10-24 07:38:22",
        "calendarYear": "2019",
        "period": "Q3",
        "revenue": 11911000000,
        "costOfRevenue": 8849000000,
        "grossProfit": 3062000000,
        "grossProfitRatio": 0.2570732936,
        "researchAndDevelopmentExpenses": 0,
        "generalAndAdministrativeExpenses": 0,
        "sellingAndMarketingExpenses": 0,
        "sellingGeneralAndAdministrativeExpenses": 424000000,
        "otherExpenses": 1596000000,
        "operatingExpenses": 2020000000,
        "costAndExpenses": 10869000000,
        "interestIncome": 34000000,
        "interestExpense": 284000000,
        "depreciationAndAmortization": 583000000,
        "ebitda": 1424000000,
        "ebitdaratio": 0.119553354,
        "operatingIncome": 1042000000,
        "operatingIncomeRatio": 0.0874821593,
        "totalOtherIncomeExpensesNet": -485000000,
        "incomeBeforeTax": 557000000,
        "incomeBeforeTaxRatio": 0.0467634959,
        "incomeTaxExpense": 132000000,
        "netIncome": 425000000,
        "netIncomeRatio": 0.035681303,
        "eps": 0.96,
        "epsdiluted": 0.96,
        "weightedAverageShsOut": 441915000,
        "weightedAverageShsOutDil": 442401000,
        "link": "https://www.sec.gov/Archives/edgar/data/6201/000000620119000067/0000006201-19-000067-index.htm",
        "finalLink": "https://www.sec.gov/Archives/edgar/data/4515/000000620119000067/q3201910-q093019.htm"
    },
    {
        "date": "2019-06-30",
        "symbol": "AAL",
        "reportedCurrency": "USD",
        "cik": "0000006201",
        "fillingDate": "2019-07-25",
        "acceptedDate": "2019-07-25 07:36:28",
        "calendarYear": "2019",
        "period": "Q2",
        "revenue": 11960000000,
        "costOfRevenue": 8760000000,
        "grossProfit": 3200000000,
        "grossProfitRatio": 0.2675585284,
        "researchAndDevelopmentExpenses": 0,
        "generalAndAdministrativeExpenses": 0,
        "sellingAndMarketingExpenses": 0,
        "sellingGeneralAndAdministrativeExpenses": 401000000,
        "otherExpenses": 1525000000,
        "operatingExpenses": 1926000000,
        "costAndExpenses": 10686000000,
        "interestIncome": 35000000,
        "interestExpense": 275000000,
        "depreciationAndAmortization": 572000000,
        "ebitda": 1729000000,
        "ebitdaratio": 0.1445652174,
        "operatingIncome": 1274000000,
        "operatingIncomeRatio": 0.1065217391,
        "totalOtherIncomeExpensesNet": -392000000,
        "incomeBeforeTax": 882000000,
        "incomeBeforeTaxRatio": 0.0737458194,
        "incomeTaxExpense": 220000000,
        "netIncome": 662000000,
        "netIncomeRatio": 0.0553511706,
        "eps": 1.49,
        "epsdiluted": 1.49,
        "weightedAverageShsOut": 445008000,
        "weightedAverageShsOutDil": 445587000,
        "link": "https://www.sec.gov/Archives/edgar/data/6201/000000620119000053/0000006201-19-000053-index.htm",
        "finalLink": "https://www.sec.gov/Archives/edgar/data/4515/000000620119000053/aalq210-q063019.htm"
    },
    {
        "date": "2019-03-31",
        "symbol": "AAL",
        "reportedCurrency": "USD",
        "cik": "0000006201",
        "fillingDate": "2019-04-26",
        "acceptedDate": "2019-04-26 07:32:51",
        "calendarYear": "2019",
        "period": "Q1",
        "revenue": 10584000000,
        "costOfRevenue": 8205000000,
        "grossProfit": 2379000000,
        "grossProfitRatio": 0.2247732426,
        "researchAndDevelopmentExpenses": 0,
        "generalAndAdministrativeExpenses": 0,
        "sellingAndMarketingExpenses": 0,
        "sellingGeneralAndAdministrativeExpenses": 370000000,
        "otherExpenses": 1496000000,
        "operatingExpenses": 1866000000,
        "costAndExpenses": 10071000000,
        "interestIncome": 33000000,
        "interestExpense": 271000000,
        "depreciationAndAmortization": 559000000,
        "ebitda": 1075000000,
        "ebitdaratio": 0.1015684051,
        "operatingIncome": 513000000,
        "operatingIncomeRatio": 0.0484693878,
        "totalOtherIncomeExpensesNet": -268000000,
        "incomeBeforeTax": 245000000,
        "incomeBeforeTaxRatio": 0.0231481481,
        "incomeTaxExpense": 60000000,
        "netIncome": 185000000,
        "netIncomeRatio": 0.0174792139,
        "eps": 0.41,
        "epsdiluted": 0.41,
        "weightedAverageShsOut": 451951000,
        "weightedAverageShsOutDil": 453429000,
        "link": "https://www.sec.gov/Archives/edgar/data/6201/000000620119000023/0000006201-19-000023-index.htm",
        "finalLink": "https://www.sec.gov/Archives/edgar/data/4515/000000620119000023/aalq110-q033119.htm"
    },
    {
        "date": "2018-12-31",
        "symbol": "AAL",
        "reportedCurrency": "USD",
        "cik": "0000006201",
        "fillingDate": "2019-02-25",
        "acceptedDate": "2019-02-25 07:31:34",
        "calendarYear": "2018",
        "period": "Q4",
        "revenue": 10938000000,
        "costOfRevenue": 8577000000,
        "grossProfit": 2361000000,
        "grossProfitRatio": 0.2158529896,
        "researchAndDevelopmentExpenses": 0,
        "generalAndAdministrativeExpenses": 0,
        "sellingAndMarketingExpenses": 0,
        "sellingGeneralAndAdministrativeExpenses": 383000000,
        "otherExpenses": 1204000000,
        "operatingExpenses": 1587000000,
        "costAndExpenses": 10164000000,
        "interestIncome": 34000000,
        "interestExpense": 261000000,
        "depreciationAndAmortization": 99000000,
        "ebitda": 647000000,
        "ebitdaratio": 0.0591515816,
        "operatingIncome": 774000000,
        "operatingIncomeRatio": 0.0707624794,
        "totalOtherIncomeExpensesNet": -387000000,
        "incomeBeforeTax": 386000000,
        "incomeBeforeTaxRatio": 0.0352898153,
        "incomeTaxExpense": 68000000,
        "netIncome": 325000000,
        "netIncomeRatio": 0.0297129274,
        "eps": 0.71,
        "epsdiluted": 0.7,
        "weightedAverageShsOut": 460589000,
        "weightedAverageShsOutDil": 461915000,
        "link": "https://www.sec.gov/Archives/edgar/data/6201/000000620119000009/0000006201-19-000009-index.htm",
        "finalLink": "https://www.sec.gov/Archives/edgar/data/4515/000000620119000009/a10k123118.htm"
    },
    {
        "date": "2018-09-30",
        "symbol": "AAL",
        "reportedCurrency": "USD",
        "cik": "0000006201",
        "fillingDate": "2018-10-25",
        "acceptedDate": "2018-10-25 07:39:25",
        "calendarYear": "2018",
        "period": "Q3",
        "revenue": 11559000000,
        "costOfRevenue": 8773000000,
        "grossProfit": 2786000000,
        "grossProfitRatio": 0.2410243101,
        "researchAndDevelopmentExpenses": 0,
        "generalAndAdministrativeExpenses": 0,
        "sellingAndMarketingExpenses": 0,
        "sellingGeneralAndAdministrativeExpenses": 489000000,
        "otherExpenses": 1785000000,
        "operatingExpenses": 1892000000,
        "costAndExpenses": 10665000000,
        "interestIncome": 29000000,
        "interestExpense": 262000000,
        "depreciationAndAmortization": 72000000,
        "ebitda": 664000000,
        "ebitdaratio": 0.0574444156,
        "operatingIncome": 894000000,
        "operatingIncomeRatio": 0.0773423307,
        "totalOtherIncomeExpensesNet": -398000000,
        "incomeBeforeTax": 456000000,
        "incomeBeforeTaxRatio": 0.0394497794,
        "incomeTaxExpense": 115000000,
        "netIncome": 341000000,
        "netIncomeRatio": 0.0295008219,
        "eps": 0.74,
        "epsdiluted": 0.74,
        "weightedAverageShsOut": 460526000,
        "weightedAverageShsOutDil": 461507000,
        "link": "https://www.sec.gov/Archives/edgar/data/6201/000000620118000039/0000006201-18-000039-index.htm",
        "finalLink": "https://www.sec.gov/Archives/edgar/data/4515/000000620118000039/aalq310-q093018.htm"
    },
    {
        "date": "2018-06-30",
        "symbol": "AAL",
        "reportedCurrency": "USD",
        "cik": "0000006201",
        "fillingDate": "2018-07-26",
        "acceptedDate": "2018-07-26 07:33:23",
        "calendarYear": "2018",
        "period": "Q2",
        "revenue": 11643000000,
        "costOfRevenue": 8516000000,
        "grossProfit": 3127000000,
        "grossProfitRatio": 0.2685733917,
        "researchAndDevelopmentExpenses": 0,
        "generalAndAdministrativeExpenses": 0,
        "sellingAndMarketingExpenses": 0,
        "sellingGeneralAndAdministrativeExpenses": 481000000,
        "otherExpenses": 1844000000,
        "operatingExpenses": 1941000000,
        "costAndExpenses": 10457000000,
        "interestIncome": 30000000,
        "interestExpense": 263000000,
        "depreciationAndAmortization": 7000000,
        "ebitda": 966000000,
        "ebitdaratio": 0.0829683071,
        "operatingIncome": 1186000000,
        "operatingIncomeRatio": 0.1018637808,
        "totalOtherIncomeExpensesNet": -430000000,
        "incomeBeforeTax": 769000000,
        "incomeBeforeTaxRatio": 0.0660482693,
        "incomeTaxExpense": 203000000,
        "netIncome": 566000000,
        "netIncomeRatio": 0.0486129005,
        "eps": 1.22,
        "epsdiluted": 1.22,
        "weightedAverageShsOut": 463533000,
        "weightedAverageShsOutDil": 464618000,
        "link": "https://www.sec.gov/Archives/edgar/data/6201/000000620118000027/0000006201-18-000027-index.htm",
        "finalLink": "https://www.sec.gov/Archives/edgar/data/4515/000000620118000027/aalq210-q063018.htm"
    },
    {
        "date": "2018-03-31",
        "symbol": "AAL",
        "reportedCurrency": "USD",
        "cik": "0000006201",
        "fillingDate": "2018-04-26",
        "acceptedDate": "2018-04-26 07:33:16",
        "calendarYear": "2018",
        "period": "Q1",
        "revenue": 10401000000,
        "costOfRevenue": 7918000000,
        "grossProfit": 2483000000,
        "grossProfitRatio": 0.2387270455,
        "researchAndDevelopmentExpenses": 0,
        "generalAndAdministrativeExpenses": 0,
        "sellingAndMarketingExpenses": 0,
        "sellingGeneralAndAdministrativeExpenses": 441000000,
        "otherExpenses": 1794000000,
        "operatingExpenses": 1862000000,
        "costAndExpenses": 9780000000,
        "interestIncome": 25000000,
        "interestExpense": 262000000,
        "depreciationAndAmortization": 107000000,
        "ebitda": 453000000,
        "ebitdaratio": 0.0435535045,
        "operatingIncome": 621000000,
        "operatingIncomeRatio": 0.0597057975,
        "totalOtherIncomeExpensesNet": -383000000,
        "incomeBeforeTax": 273000000,
        "incomeBeforeTaxRatio": 0.0262474762,
        "incomeTaxExpense": 87000000,
        "netIncome": 186000000,
        "netIncomeRatio": 0.0178828959,
        "eps": 0.39,
        "epsdiluted": 0.39,
        "weightedAverageShsOut": 472297000,
        "weightedAverageShsOutDil": 474598000,
        "link": "https://www.sec.gov/Archives/edgar/data/6201/000000620118000016/0000006201-18-000016-index.htm",
        "finalLink": "https://www.sec.gov/Archives/edgar/data/4515/000000620118000016/aalq110-q033118.htm"
    },
    {
        "date": "2017-12-31",
        "symbol": "AAL",
        "reportedCurrency": "USD",
        "cik": "0000006201",
        "fillingDate": "2018-02-21",
        "acceptedDate": "2018-02-21 08:02:40",
        "calendarYear": "2017",
        "period": "Q4",
        "revenue": 10601000000,
        "costOfRevenue": 7805000000,
        "grossProfit": 2806000000,
        "grossProfitRatio": 0.2646920102,
        "researchAndDevelopmentExpenses": 0,
        "generalAndAdministrativeExpenses": 0,
        "sellingAndMarketingExpenses": 0,
        "sellingGeneralAndAdministrativeExpenses": 475000000,
        "otherExpenses": 1481000000,
        "operatingExpenses": 1864000000,
        "costAndExpenses": 9669000000,
        "interestIncome": 24000000,
        "interestExpense": 266000000,
        "depreciationAndAmortization": 1000000,
        "ebitda": 691000000,
        "ebitdaratio": 0.06518253,
        "operatingIncome": 942000000,
        "operatingIncomeRatio": 0.0888595416,
        "totalOtherIncomeExpensesNet": -534000000,
        "incomeBeforeTax": 425000000,
        "incomeBeforeTaxRatio": 0.0400905575,
        "incomeTaxExpense": 167000000,
        "netIncome": 258000000,
        "netIncomeRatio": 0.0243373267,
        "eps": 0.54,
        "epsdiluted": 0.54,
        "weightedAverageShsOut": 477165000,
        "weightedAverageShsOutDil": 479382000,
        "link": "https://www.sec.gov/Archives/edgar/data/6201/000000620118000009/0000006201-18-000009-index.htm",
        "finalLink": "https://www.sec.gov/Archives/edgar/data/4515/000000620118000009/a10k123117.htm"
    },
    {
        "date": "2017-09-30",
        "symbol": "AAL",
        "reportedCurrency": "USD",
        "cik": "0000006201",
        "fillingDate": "2017-10-26",
        "acceptedDate": "2017-10-26 08:01:31",
        "calendarYear": "2017",
        "period": "Q3",
        "revenue": 10878000000,
        "costOfRevenue": 7741000000,
        "grossProfit": 3224000000,
        "grossProfitRatio": 0.2963780107,
        "researchAndDevelopmentExpenses": 0,
        "generalAndAdministrativeExpenses": 0,
        "sellingAndMarketingExpenses": 0,
        "sellingGeneralAndAdministrativeExpenses": 495000000,
        "otherExpenses": 1823000000,
        "operatingExpenses": 1861000000,
        "costAndExpenses": 9602000000,
        "interestIncome": 25000000,
        "interestExpense": 266000000,
        "depreciationAndAmortization": 38000000,
        "ebitda": 1171000000,
        "ebitdaratio": 0.1076484648,
        "operatingIncome": 1363000000,
        "operatingIncomeRatio": 0.1252987682,
        "totalOtherIncomeExpensesNet": -300000000,
        "incomeBeforeTax": 1004000000,
        "incomeBeforeTaxRatio": 0.092296378,
        "incomeTaxExpense": 380000000,
        "netIncome": 624000000,
        "netIncomeRatio": 0.0573634859,
        "eps": 1.29,
        "epsdiluted": 1.28,
        "weightedAverageShsOut": 484772000,
        "weightedAverageShsOutDil": 486625000,
        "link": "https://www.sec.gov/Archives/edgar/data/6201/000162828017010177/0001628280-17-010177-index.htm",
        "finalLink": "https://www.sec.gov/Archives/edgar/data/4515/000162828017010177/aalq310-q93017.htm"
    },
    {
        "date": "2017-06-30",
        "symbol": "AAL",
        "reportedCurrency": "USD",
        "cik": "0000006201",
        "fillingDate": "2017-07-28",
        "acceptedDate": "2017-07-28 07:33:10",
        "calendarYear": "2017",
        "period": "Q2",
        "revenue": 11105000000,
        "costOfRevenue": 7616000000,
        "grossProfit": 3611000000,
        "grossProfitRatio": 0.3251688429,
        "researchAndDevelopmentExpenses": 0,
        "generalAndAdministrativeExpenses": 0,
        "sellingAndMarketingExpenses": 0,
        "sellingGeneralAndAdministrativeExpenses": 470000000,
        "otherExpenses": 1433000000,
        "operatingExpenses": 1809000000,
        "costAndExpenses": 9425000000,
        "interestIncome": 24000000,
        "interestExpense": 263000000,
        "depreciationAndAmortization": 19000000,
        "ebitda": 1446000000,
        "ebitdaratio": 0.1302116164,
        "operatingIncome": 1802000000,
        "operatingIncomeRatio": 0.1622692481,
        "totalOtherIncomeExpensesNet": -413000000,
        "incomeBeforeTax": 1291000000,
        "incomeBeforeTaxRatio": 0.1162539397,
        "incomeTaxExpense": 488000000,
        "netIncome": 803000000,
        "netIncomeRatio": 0.0723097704,
        "eps": 1.64,
        "epsdiluted": 1.63,
        "weightedAverageShsOut": 490818000,
        "weightedAverageShsOutDil": 492965000,
        "link": "https://www.sec.gov/Archives/edgar/data/6201/000119312517239325/0001193125-17-239325-index.htm",
        "finalLink": "https://www.sec.gov/Archives/edgar/data/4515/000119312517239325/d416225d10q.htm"
    },
    {
        "date": "2017-03-31",
        "symbol": "AAL",
        "reportedCurrency": "USD",
        "cik": "0000006201",
        "fillingDate": "2017-04-27",
        "acceptedDate": "2017-04-27 07:32:07",
        "calendarYear": "2017",
        "period": "Q1",
        "revenue": 9624000000,
        "costOfRevenue": 7224000000,
        "grossProfit": 2400000000,
        "grossProfitRatio": 0.2493765586,
        "researchAndDevelopmentExpenses": 0,
        "generalAndAdministrativeExpenses": 0,
        "sellingAndMarketingExpenses": 0,
        "sellingGeneralAndAdministrativeExpenses": 398000000,
        "otherExpenses": 1360000000,
        "operatingExpenses": 1678000000,
        "costAndExpenses": 8902000000,
        "interestIncome": 21000000,
        "interestExpense": 257000000,
        "depreciationAndAmortization": 21000000,
        "ebitda": 513000000,
        "ebitdaratio": 0.0533042394,
        "operatingIncome": 722000000,
        "operatingIncomeRatio": 0.0750207814,
        "totalOtherIncomeExpensesNet": -357000000,
        "incomeBeforeTax": 365000000,
        "incomeBeforeTaxRatio": 0.0379260183,
        "incomeTaxExpense": 131000000,
        "netIncome": 234000000,
        "netIncomeRatio": 0.0243142145,
        "eps": 0.46,
        "epsdiluted": 0.46,
        "weightedAverageShsOut": 503902000,
        "weightedAverageShsOutDil": 507797000,
        "link": "https://www.sec.gov/Archives/edgar/data/6201/000119312517140927/0001193125-17-140927-index.htm",
        "finalLink": "https://www.sec.gov/Archives/edgar/data/4515/000119312517140927/d358913d10q.htm"
    },
    {
        "date": "2016-12-31",
        "symbol": "AAL",
        "reportedCurrency": "USD",
        "cik": "0000006201",
        "fillingDate": "2017-02-22",
        "acceptedDate": "2017-02-22 08:01:43",
        "calendarYear": "2016",
        "period": "Q4",
        "revenue": 9789000000,
        "costOfRevenue": 7290000000,
        "grossProfit": 2499000000,
        "grossProfitRatio": 0.2552865461,
        "researchAndDevelopmentExpenses": 0,
        "generalAndAdministrativeExpenses": 0,
        "sellingAndMarketingExpenses": 0,
        "sellingGeneralAndAdministrativeExpenses": 334000000,
        "otherExpenses": 1139000000,
        "operatingExpenses": 1473000000,
        "costAndExpenses": 8763000000,
        "interestIncome": 18000000,
        "interestExpense": 254000000,
        "depreciationAndAmortization": -14000000,
        "ebitda": 753000000,
        "ebitdaratio": 0.0769230769,
        "operatingIncome": 1026000000,
        "operatingIncomeRatio": 0.1048115231,
        "totalOtherIncomeExpensesNet": -526000000,
        "incomeBeforeTax": 500000000,
        "incomeBeforeTaxRatio": 0.0510777403,
        "incomeTaxExpense": 211000000,
        "netIncome": 289000000,
        "netIncomeRatio": 0.0295229339,
        "eps": 0.56,
        "epsdiluted": 0.56,
        "weightedAverageShsOut": 514571000,
        "weightedAverageShsOutDil": 518358000,
        "link": "https://www.sec.gov/Archives/edgar/data/6201/000119312517051216/0001193125-17-051216-index.htm",
        "finalLink": "https://www.sec.gov/Archives/edgar/data/4515/000119312517051216/d286458d10k.htm"
    },
    {
        "date": "2016-09-30",
        "symbol": "AAL",
        "reportedCurrency": "USD",
        "cik": "0000006201",
        "fillingDate": "2016-10-20",
        "acceptedDate": "2016-10-20 07:37:14",
        "calendarYear": "2016",
        "period": "Q3",
        "revenue": 10594000000,
        "costOfRevenue": 7137000000,
        "grossProfit": 3457000000,
        "grossProfitRatio": 0.3263167831,
        "researchAndDevelopmentExpenses": 0,
        "generalAndAdministrativeExpenses": 0,
        "sellingAndMarketingExpenses": 0,
        "sellingGeneralAndAdministrativeExpenses": 437000000,
        "otherExpenses": 1385000000,
        "operatingExpenses": 1732000000,
        "costAndExpenses": 8869000000,
        "interestIncome": 16000000,
        "interestExpense": 250000000,
        "depreciationAndAmortization": 8000000,
        "ebitda": 1338000000,
        "ebitdaratio": 0.1262979045,
        "operatingIncome": 1725000000,
        "operatingIncomeRatio": 0.1628280159,
        "totalOtherIncomeExpensesNet": -536000000,
        "incomeBeforeTax": 1189000000,
        "incomeBeforeTaxRatio": 0.1122333396,
        "incomeTaxExpense": 452000000,
        "netIncome": 737000000,
        "netIncomeRatio": 0.0695676798,
        "eps": 1.4,
        "epsdiluted": 1.39,
        "weightedAverageShsOut": 525415000,
        "weightedAverageShsOutDil": 528510000,
        "link": "https://www.sec.gov/Archives/edgar/data/6201/000119312516742263/0001193125-16-742263-index.htm",
        "finalLink": "https://www.sec.gov/Archives/edgar/data/4515/000119312516742263/d247546d10q.htm"
    },
    {
        "date": "2016-06-30",
        "symbol": "AAL",
        "reportedCurrency": "USD",
        "cik": "0000006201",
        "fillingDate": "2016-07-22",
        "acceptedDate": "2016-07-22 07:37:14",
        "calendarYear": "2016",
        "period": "Q2",
        "revenue": 10363000000,
        "costOfRevenue": 7089000000,
        "grossProfit": 3274000000,
        "grossProfitRatio": 0.31593168,
        "researchAndDevelopmentExpenses": 0,
        "generalAndAdministrativeExpenses": 0,
        "sellingAndMarketingExpenses": 334000000,
        "sellingGeneralAndAdministrativeExpenses": 334000000,
        "otherExpenses": 1563000000,
        "operatingExpenses": 1461000000,
        "costAndExpenses": 8550000000,
        "interestIncome": 16000000,
        "interestExpense": 249000000,
        "depreciationAndAmortization": -9000000,
        "ebitda": 1618000000,
        "ebitdaratio": 0.1561323941,
        "operatingIncome": 1751000000,
        "operatingIncomeRatio": 0.1689665155,
        "totalOtherIncomeExpensesNet": -258000000,
        "incomeBeforeTax": 1493000000,
        "incomeBeforeTaxRatio": 0.1440702499,
        "incomeTaxExpense": 543000000,
        "netIncome": 950000000,
        "netIncomeRatio": 0.0916722957,
        "eps": 1.69,
        "epsdiluted": 1.68,
        "weightedAverageShsOut": 563000000,
        "weightedAverageShsOutDil": 566040000,
        "link": "https://www.sec.gov/Archives/edgar/data/6201/000119312516654354/0001193125-16-654354-index.htm",
        "finalLink": "https://www.sec.gov/Archives/edgar/data/4515/000119312516654354/d204187d10q.htm"
    },
    {
        "date": "2016-03-31",
        "symbol": "AAL",
        "reportedCurrency": "USD",
        "cik": "0000006201",
        "fillingDate": "2016-04-22",
        "acceptedDate": "2016-04-22 07:33:36",
        "calendarYear": "2016",
        "period": "Q1",
        "revenue": 9435000000,
        "costOfRevenue": 6615000000,
        "grossProfit": 2820000000,
        "grossProfitRatio": 0.2988871224,
        "researchAndDevelopmentExpenses": 0,
        "generalAndAdministrativeExpenses": 0,
        "sellingAndMarketingExpenses": 308000000,
        "sellingGeneralAndAdministrativeExpenses": 308000000,
        "otherExpenses": 1532000000,
        "operatingExpenses": 1386000000,
        "costAndExpenses": 8001000000,
        "interestIncome": 13000000,
        "interestExpense": 239000000,
        "depreciationAndAmortization": 21000000,
        "ebitda": 1233000000,
        "ebitdaratio": 0.1306836248,
        "operatingIncome": 1335000000,
        "operatingIncomeRatio": 0.1414944356,
        "totalOtherIncomeExpensesNet": -218000000,
        "incomeBeforeTax": 1117000000,
        "incomeBeforeTaxRatio": 0.1183889772,
        "incomeTaxExpense": 417000000,
        "netIncome": 700000000,
        "netIncomeRatio": 0.0741918389,
        "eps": 1.15,
        "epsdiluted": 1.14,
        "weightedAverageShsOut": 606245000,
        "weightedAverageShsOutDil": 611488000,
        "link": "https://www.sec.gov/Archives/edgar/data/6201/000119312516551225/0001193125-16-551225-index.htm",
        "finalLink": "https://www.sec.gov/Archives/edgar/data/4515/000119312516551225/d164093d10q.htm"
    },
    {
        "date": "2015-12-31",
        "symbol": "AAL",
        "reportedCurrency": "USD",
        "cik": "0000006201",
        "fillingDate": "2016-02-24",
        "acceptedDate": "2016-02-24 08:04:10",
        "calendarYear": "2015",
        "period": "Q4",
        "revenue": 9630000000,
        "costOfRevenue": 6682000000,
        "grossProfit": 2948000000,
        "grossProfitRatio": 0.3061266874,
        "researchAndDevelopmentExpenses": 0,
        "generalAndAdministrativeExpenses": 0,
        "sellingAndMarketingExpenses": 342000000,
        "sellingGeneralAndAdministrativeExpenses": 342000000,
        "otherExpenses": 1898000000,
        "operatingExpenses": 1439000000,
        "costAndExpenses": 8121000000,
        "interestIncome": 10000000,
        "interestExpense": 229000000,
        "depreciationAndAmortization": -594000000,
        "ebitda": 190000000,
        "ebitdaratio": 0.0197300104,
        "operatingIncome": 1068000000,
        "operatingIncomeRatio": 0.1109034268,
        "totalOtherIncomeExpensesNet": -823000000,
        "incomeBeforeTax": 244000000,
        "incomeBeforeTaxRatio": 0.025337487,
        "incomeTaxExpense": -3037000000,
        "netIncome": 3281000000,
        "netIncomeRatio": 0.3407061267,
        "eps": 5.24,
        "epsdiluted": 5.09,
        "weightedAverageShsOut": 626559000,
        "weightedAverageShsOutDil": 644140000,
        "link": "https://www.sec.gov/Archives/edgar/data/6201/000119312516474605/0001193125-16-474605-index.htm",
        "finalLink": "https://www.sec.gov/Archives/edgar/data/4515/000119312516474605/d78287d10k.htm"
    },
    {
        "date": "2015-09-30",
        "symbol": "AAL",
        "reportedCurrency": "USD",
        "cik": "0000006201",
        "fillingDate": "2015-10-23",
        "acceptedDate": "2015-10-23 07:01:48",
        "calendarYear": "2015",
        "period": "Q3",
        "revenue": 10706000000,
        "costOfRevenue": 7047000000,
        "grossProfit": 3659000000,
        "grossProfitRatio": 0.3417709695,
        "researchAndDevelopmentExpenses": 0,
        "generalAndAdministrativeExpenses": 0,
        "sellingAndMarketingExpenses": 366000000,
        "sellingGeneralAndAdministrativeExpenses": 366000000,
        "otherExpenses": 1630000000,
        "operatingExpenses": 1497000000,
        "costAndExpenses": 8544000000,
        "interestIncome": 10000000,
        "interestExpense": 219000000,
        "depreciationAndAmortization": -71000000,
        "ebitda": 1826000000,
        "ebitdaratio": 0.1705585653,
        "operatingIncome": 1999000000,
        "operatingIncomeRatio": 0.1867177284,
        "totalOtherIncomeExpensesNet": -290000000,
        "incomeBeforeTax": 1709000000,
        "incomeBeforeTaxRatio": 0.159630114,
        "incomeTaxExpense": 16000000,
        "netIncome": 1693000000,
        "netIncomeRatio": 0.1581356249,
        "eps": 2.56,
        "epsdiluted": 2.49,
        "weightedAverageShsOut": 661869000,
        "weightedAverageShsOutDil": 680739000,
        "link": "https://www.sec.gov/Archives/edgar/data/6201/000119312515351246/0001193125-15-351246-index.htm",
        "finalLink": "https://www.sec.gov/Archives/edgar/data/4515/000119312515351246/d14219d10q.htm"
    },
    {
        "date": "2015-06-30",
        "symbol": "AAL",
        "reportedCurrency": "USD",
        "cik": "0000006201",
        "fillingDate": "2015-07-24",
        "acceptedDate": "2015-07-24 07:02:53",
        "calendarYear": "2015",
        "period": "Q2",
        "revenue": 10827000000,
        "costOfRevenue": 7304000000,
        "grossProfit": 3523000000,
        "grossProfitRatio": 0.3253902281,
        "researchAndDevelopmentExpenses": 0,
        "generalAndAdministrativeExpenses": 0,
        "sellingAndMarketingExpenses": 350000000,
        "sellingGeneralAndAdministrativeExpenses": 350000000,
        "otherExpenses": 1592000000,
        "operatingExpenses": 1458000000,
        "costAndExpenses": 8762000000,
        "interestIncome": 10000000,
        "interestExpense": 223000000,
        "depreciationAndAmortization": 21000000,
        "ebitda": 1836000000,
        "ebitdaratio": 0.1695760599,
        "operatingIncome": 1921000000,
        "operatingIncomeRatio": 0.1774268034,
        "totalOtherIncomeExpensesNet": -202000000,
        "incomeBeforeTax": 1719000000,
        "incomeBeforeTaxRatio": 0.1587697423,
        "incomeTaxExpense": 15000000,
        "netIncome": 1704000000,
        "netIncomeRatio": 0.157384317,
        "eps": 2.47,
        "epsdiluted": 2.41,
        "weightedAverageShsOut": 688727000,
        "weightedAverageShsOutDil": 707611000,
        "link": "https://www.sec.gov/Archives/edgar/data/6201/000119312515261937/0001193125-15-261937-index.htm",
        "finalLink": "https://www.sec.gov/Archives/edgar/data/4515/000119312515261937/d945812d10q.htm"
    },
    {
        "date": "2015-03-31",
        "symbol": "AAL",
        "reportedCurrency": "USD",
        "cik": "0000006201",
        "fillingDate": "2015-04-24",
        "acceptedDate": "2015-04-24 07:05:48",
        "calendarYear": "2015",
        "period": "Q1",
        "revenue": 9827000000,
        "costOfRevenue": 6934000000,
        "grossProfit": 2893000000,
        "grossProfitRatio": 0.2943929989,
        "researchAndDevelopmentExpenses": 0,
        "generalAndAdministrativeExpenses": 0,
        "sellingAndMarketingExpenses": 336000000,
        "sellingGeneralAndAdministrativeExpenses": 336000000,
        "otherExpenses": 1677000000,
        "operatingExpenses": 1374000000,
        "costAndExpenses": 8308000000,
        "interestIncome": 10000000,
        "interestExpense": 210000000,
        "depreciationAndAmortization": -63000000,
        "ebitda": 1069000000,
        "ebitdaratio": 0.1087819273,
        "operatingIncome": 1216000000,
        "operatingIncomeRatio": 0.1237407144,
        "totalOtherIncomeExpensesNet": -273000000,
        "incomeBeforeTax": 943000000,
        "incomeBeforeTaxRatio": 0.0959601099,
        "incomeTaxExpense": 11000000,
        "netIncome": 932000000,
        "netIncomeRatio": 0.0948407449,
        "eps": 1.34,
        "epsdiluted": 1.3,
        "weightedAverageShsOut": 696415000,
        "weightedAverageShsOutDil": 716930000,
        "link": "https://www.sec.gov/Archives/edgar/data/6201/000119312515145178/0001193125-15-145178-index.htm",
        "finalLink": "https://www.sec.gov/Archives/edgar/data/4515/000119312515145178/d900175d10q.htm"
    },
    {
        "date": "2014-12-31",
        "symbol": "AAL",
        "reportedCurrency": "USD",
        "cik": "0000006201",
        "fillingDate": "2015-02-25",
        "acceptedDate": "2015-02-25 08:02:34",
        "calendarYear": "2014",
        "period": "Q4",
        "revenue": 10160000000,
        "costOfRevenue": 7508000000,
        "grossProfit": 2652000000,
        "grossProfitRatio": 0.261023622,
        "researchAndDevelopmentExpenses": 0,
        "generalAndAdministrativeExpenses": 0,
        "sellingAndMarketingExpenses": 348000000,
        "sellingGeneralAndAdministrativeExpenses": 348000000,
        "otherExpenses": 1803000000,
        "operatingExpenses": 1326000000,
        "costAndExpenses": 8834000000,
        "interestIncome": 9000000,
        "interestExpense": 220000000,
        "depreciationAndAmortization": -73000000,
        "ebitda": 713000000,
        "ebitdaratio": 0.0701771654,
        "operatingIncome": 860000000,
        "operatingIncomeRatio": 0.0846456693,
        "totalOtherIncomeExpensesNet": -293000000,
        "incomeBeforeTax": 567000000,
        "incomeBeforeTaxRatio": 0.0558070866,
        "incomeTaxExpense": -30000000,
        "netIncome": 597000000,
        "netIncomeRatio": 0.0587598425,
        "eps": 0.85,
        "epsdiluted": 0.82,
        "weightedAverageShsOut": 706185000,
        "weightedAverageShsOutDil": 724767000,
        "link": "https://www.sec.gov/Archives/edgar/data/6201/000119312515061145/0001193125-15-061145-index.htm",
        "finalLink": "https://www.sec.gov/Archives/edgar/data/4515/000119312515061145/d829913d10k.htm"
    },
    {
        "date": "2014-09-30",
        "symbol": "AAL",
        "reportedCurrency": "USD",
        "cik": "0000006201",
        "fillingDate": "2014-10-23",
        "acceptedDate": "2014-10-23 08:01:20",
        "calendarYear": "2014",
        "period": "Q3",
        "revenue": 11139000000,
        "costOfRevenue": 8234000000,
        "grossProfit": 2905000000,
        "grossProfitRatio": 0.2607954035,
        "researchAndDevelopmentExpenses": 0,
        "generalAndAdministrativeExpenses": 0,
        "sellingAndMarketingExpenses": 393000000,
        "sellingGeneralAndAdministrativeExpenses": 393000000,
        "otherExpenses": 1586000000,
        "operatingExpenses": 1424000000,
        "costAndExpenses": 9658000000,
        "interestIncome": 7000000,
        "interestExpense": 210000000,
        "depreciationAndAmortization": -101000000,
        "ebitda": 1080000000,
        "ebitdaratio": 0.0969566388,
        "operatingIncome": 1260000000,
        "operatingIncomeRatio": 0.1131160786,
        "totalOtherIncomeExpensesNet": -311000000,
        "incomeBeforeTax": 949000000,
        "incomeBeforeTaxRatio": 0.0851961576,
        "incomeTaxExpense": 7000000,
        "netIncome": 942000000,
        "netIncomeRatio": 0.084567735,
        "eps": 1.31,
        "epsdiluted": 1.28,
        "weightedAverageShsOut": 719067000,
        "weightedAverageShsOutDil": 735196000,
        "link": "https://www.sec.gov/Archives/edgar/data/6201/000000620114000018/0000006201-14-000018-index.htm",
        "finalLink": "https://www.sec.gov/Archives/edgar/data/4515/000000620114000018/aagaa10q-2014930.htm"
    },
    {
        "date": "2014-06-30",
        "symbol": "AAL",
        "reportedCurrency": "USD",
        "cik": "0000006201",
        "fillingDate": "2014-07-24",
        "acceptedDate": "2014-07-24 07:31:15",
        "calendarYear": "2014",
        "period": "Q2",
        "revenue": 11355000000,
        "costOfRevenue": 8236000000,
        "grossProfit": 3119000000,
        "grossProfitRatio": 0.2746807574,
        "researchAndDevelopmentExpenses": 0,
        "generalAndAdministrativeExpenses": 0,
        "sellingAndMarketingExpenses": 402000000,
        "sellingGeneralAndAdministrativeExpenses": 402000000,
        "otherExpenses": 1637000000,
        "operatingExpenses": 1469000000,
        "costAndExpenses": 9705000000,
        "interestIncome": 8000000,
        "interestExpense": 214000000,
        "depreciationAndAmortization": 19000000,
        "ebitda": 1649000000,
        "ebitdaratio": 0.145222369,
        "operatingIncome": 1399000000,
        "operatingIncomeRatio": 0.1232056363,
        "totalOtherIncomeExpensesNet": -195000000,
        "incomeBeforeTax": 1204000000,
        "incomeBeforeTaxRatio": 0.1060325848,
        "incomeTaxExpense": 340000000,
        "netIncome": 864000000,
        "netIncomeRatio": 0.0760898283,
        "eps": 1.2,
        "epsdiluted": 1.18,
        "weightedAverageShsOut": 720600000,
        "weightedAverageShsOutDil": 734767000,
        "link": "https://www.sec.gov/Archives/edgar/data/6201/000000620114000014/0000006201-14-000014-index.htm",
        "finalLink": "https://www.sec.gov/Archives/edgar/data/4515/000000620114000014/aagaa10q-2014630.htm"
    },
    {
        "date": "2014-03-31",
        "symbol": "AAL",
        "reportedCurrency": "USD",
        "cik": "0000006201",
        "fillingDate": "2014-04-24",
        "acceptedDate": "2014-04-24 08:01:00",
        "calendarYear": "2014",
        "period": "Q1",
        "revenue": 9995000000,
        "costOfRevenue": 7960000000,
        "grossProfit": 2035000000,
        "grossProfitRatio": 0.2036018009,
        "researchAndDevelopmentExpenses": 0,
        "generalAndAdministrativeExpenses": 0,
        "sellingAndMarketingExpenses": 401000000,
        "sellingGeneralAndAdministrativeExpenses": 401000000,
        "otherExpenses": 904000000,
        "operatingExpenses": 1442000000,
        "costAndExpenses": 9402000000,
        "interestIncome": 7000000,
        "interestExpense": 243000000,
        "depreciationAndAmortization": 6000000,
        "ebitda": 736000000,
        "ebitdaratio": 0.0736368184,
        "operatingIncome": 730000000,
        "operatingIncomeRatio": 0.0730365183,
        "totalOtherIncomeExpensesNet": -237000000,
        "incomeBeforeTax": 493000000,
        "incomeBeforeTaxRatio": 0.0493246623,
        "incomeTaxExpense": 13000000,
        "netIncome": 480000000,
        "netIncomeRatio": 0.048024012,
        "eps": 0.66,
        "epsdiluted": 0.65,
        "weightedAverageShsOut": 723971000,
        "weightedAverageShsOutDil": 741335000,
        "link": "https://www.sec.gov/Archives/edgar/data/6201/000000620114000011/0000006201-14-000011-index.htm",
        "finalLink": "https://www.sec.gov/Archives/edgar/data/4515/000000620114000011/aagaa10q-2014331.htm"
    },
    {
        "date": "2013-12-31",
        "symbol": "AAL",
        "reportedCurrency": "USD",
        "cik": "0000006201",
        "fillingDate": "2014-02-28",
        "acceptedDate": "2014-02-28 07:52:16",
        "calendarYear": "2013",
        "period": "Q4",
        "revenue": 7368000000,
        "costOfRevenue": 5773000000,
        "grossProfit": 1595000000,
        "grossProfitRatio": 0.2164766558,
        "researchAndDevelopmentExpenses": 0,
        "generalAndAdministrativeExpenses": 0,
        "sellingAndMarketingExpenses": 301000000,
        "sellingGeneralAndAdministrativeExpenses": 301000000,
        "otherExpenses": 1133000000,
        "operatingExpenses": 931000000,
        "costAndExpenses": 6704000000,
        "interestIncome": 6000000,
        "interestExpense": 214000000,
        "depreciationAndAmortization": -2232000000,
        "ebitda": -2440000000,
        "ebitdaratio": -0.3311617807,
        "operatingIncome": 161000000,
        "operatingIncomeRatio": 0.0218512486,
        "totalOtherIncomeExpensesNet": -2486000000,
        "incomeBeforeTax": -2325000000,
        "incomeBeforeTaxRatio": -0.3155537459,
        "incomeTaxExpense": -324000000,
        "netIncome": -2000000000,
        "netIncomeRatio": -0.2714440825,
        "eps": -8.74,
        "epsdiluted": -8.66,
        "weightedAverageShsOut": 228708297,
        "weightedAverageShsOutDil": 231062000,
        "link": "https://www.sec.gov/Archives/edgar/data/6201/000000620114000004/0000006201-14-000004-index.htm",
        "finalLink": "https://www.sec.gov/Archives/edgar/data/4515/000000620114000004/aagaa10k-20131231.htm"
    },
    {
        "date": "2013-09-30",
        "symbol": "AAL",
        "reportedCurrency": "USD",
        "cik": "0000006201",
        "fillingDate": "2013-10-17",
        "acceptedDate": "2013-10-17 16:28:46",
        "calendarYear": "2013",
        "period": "Q3",
        "revenue": 6828000000,
        "costOfRevenue": 5039000000,
        "grossProfit": 1789000000,
        "grossProfitRatio": 0.2620093732,
        "researchAndDevelopmentExpenses": 0,
        "generalAndAdministrativeExpenses": 0,
        "sellingAndMarketingExpenses": 294000000,
        "sellingGeneralAndAdministrativeExpenses": 294000000,
        "otherExpenses": 754000000,
        "operatingExpenses": 1076000000,
        "costAndExpenses": 6115000000,
        "interestIncome": 5000000,
        "interestExpense": 196000000,
        "depreciationAndAmortization": -213000000,
        "ebitda": 328000000,
        "ebitdaratio": 0.0480374927,
        "operatingIncome": 698000000,
        "operatingIncomeRatio": 0.1022261277,
        "totalOtherIncomeExpensesNet": -409000000,
        "incomeBeforeTax": 289000000,
        "incomeBeforeTaxRatio": 0.0423257176,
        "incomeTaxExpense": 0,
        "netIncome": 289000000,
        "netIncomeRatio": 0.0423257176,
        "eps": 1.16,
        "epsdiluted": 1,
        "weightedAverageShsOut": 249719000,
        "weightedAverageShsOutDil": 289036000,
        "link": "https://www.sec.gov/Archives/edgar/data/6201/000000620113000089/0000006201-13-000089-index.htm",
        "finalLink": "https://www.sec.gov/Archives/edgar/data/6201/000000620113000089/amr-10qx2013930.htm"
    },
    {
        "date": "2013-06-30",
        "symbol": "AAL",
        "reportedCurrency": "USD",
        "cik": "0000006201",
        "fillingDate": "2013-07-18",
        "acceptedDate": "2013-07-18 16:02:33",
        "calendarYear": "2013",
        "period": "Q2",
        "revenue": 6449000000,
        "costOfRevenue": 4883000000,
        "grossProfit": 1566000000,
        "grossProfitRatio": 0.2428283455,
        "researchAndDevelopmentExpenses": 0,
        "generalAndAdministrativeExpenses": 0,
        "sellingAndMarketingExpenses": 273000000,
        "sellingGeneralAndAdministrativeExpenses": 273000000,
        "otherExpenses": 742000000,
        "operatingExpenses": 1064000000,
        "costAndExpenses": 5947000000,
        "interestIncome": 5000000,
        "interestExpense": 156000000,
        "depreciationAndAmortization": -113000000,
        "ebitda": 299000000,
        "ebitdaratio": 0.0463637773,
        "operatingIncome": 489000000,
        "operatingIncomeRatio": 0.0758257094,
        "totalOtherIncomeExpensesNet": -269000000,
        "incomeBeforeTax": 220000000,
        "incomeBeforeTaxRatio": 0.0341138161,
        "incomeTaxExpense": 0,
        "netIncome": 220000000,
        "netIncomeRatio": 0.0341138161,
        "eps": 0.88,
        "epsdiluted": 0.76,
        "weightedAverageShsOut": 249588000,
        "weightedAverageShsOutDil": 288511000,
        "link": "https://www.sec.gov/Archives/edgar/data/6201/000000620113000067/0000006201-13-000067-index.htm",
        "finalLink": "https://www.sec.gov/Archives/edgar/data/6201/000000620113000067/amr-10qx2013630.htm"
    },
    {
        "date": "2013-03-31",
        "symbol": "AAL",
        "reportedCurrency": "USD",
        "cik": "0000006201",
        "fillingDate": "2013-04-18",
        "acceptedDate": "2013-04-18 16:11:18",
        "calendarYear": "2013",
        "period": "Q1",
        "revenue": 6098000000,
        "costOfRevenue": 4962000000,
        "grossProfit": 1136000000,
        "grossProfitRatio": 0.1862905871,
        "researchAndDevelopmentExpenses": 0,
        "generalAndAdministrativeExpenses": 0,
        "sellingAndMarketingExpenses": 290000000,
        "sellingGeneralAndAdministrativeExpenses": 290000000,
        "otherExpenses": 773000000,
        "operatingExpenses": 1056000000,
        "costAndExpenses": 6018000000,
        "interestIncome": 4000000,
        "interestExpense": 250000000,
        "depreciationAndAmortization": -165000000,
        "ebitda": -379000000,
        "ebitdaratio": -0.0621515251,
        "operatingIncome": 52000000,
        "operatingIncomeRatio": 0.008527386,
        "totalOtherIncomeExpensesNet": -415000000,
        "incomeBeforeTax": -363000000,
        "incomeBeforeTaxRatio": -0.059527714,
        "incomeTaxExpense": -22000000,
        "netIncome": -341000000,
        "netIncomeRatio": -0.0559199738,
        "eps": -1.37,
        "epsdiluted": -1.37,
        "weightedAverageShsOut": 248905109,
        "weightedAverageShsOutDil": 249491000,
        "link": "https://www.sec.gov/Archives/edgar/data/6201/000000620113000040/0000006201-13-000040-index.htm",
        "finalLink": "https://www.sec.gov/Archives/edgar/data/6201/000000620113000040/amr-10qx2013331.htm"
    },
    {
        "date": "2012-12-31",
        "symbol": "AAL",
        "reportedCurrency": "USD",
        "cik": "0000006201",
        "fillingDate": "2013-02-20",
        "acceptedDate": "2013-02-20 16:01:06",
        "calendarYear": "2012",
        "period": "Q4",
        "revenue": 5937000000,
        "costOfRevenue": 11417000000,
        "grossProfit": -5480000000,
        "grossProfitRatio": -0.9230250969,
        "researchAndDevelopmentExpenses": 0,
        "generalAndAdministrativeExpenses": 5737000000,
        "sellingAndMarketingExpenses": -806000000,
        "sellingGeneralAndAdministrativeExpenses": -6543000000,
        "otherExpenses": -5259000000,
        "operatingExpenses": -5541000000,
        "costAndExpenses": 5876000000,
        "interestIncome": 6000000,
        "interestExpense": 145000000,
        "depreciationAndAmortization": -200000000,
        "ebitda": -197000000,
        "ebitdaratio": -0.0331817416,
        "operatingIncome": 3000000,
        "operatingIncomeRatio": 0.0005053057,
        "totalOtherIncomeExpensesNet": -309000000,
        "incomeBeforeTax": -306000000,
        "incomeBeforeTaxRatio": -0.0515411824,
        "incomeTaxExpense": -569000000,
        "netIncome": 262000000,
        "netIncomeRatio": 0.044130032,
        "eps": 2.09,
        "epsdiluted": 1.84,
        "weightedAverageShsOut": 125122500,
        "weightedAverageShsOutDil": 142677000,
        "link": "https://www.sec.gov/Archives/edgar/data/6201/000000620113000023/0000006201-13-000023-index.htm",
        "finalLink": "https://www.sec.gov/Archives/edgar/data/6201/000000620113000023/amr-10kx20121231.htm"
    },
    {
        "date": "2012-09-30",
        "symbol": "AAL",
        "reportedCurrency": "USD",
        "cik": "0000006201",
        "fillingDate": "2012-10-17",
        "acceptedDate": "2012-10-17 08:16:20",
        "calendarYear": "2012",
        "period": "Q3",
        "revenue": 6429000000,
        "costOfRevenue": 2993000000,
        "grossProfit": 3436000000,
        "grossProfitRatio": 0.5344532587,
        "researchAndDevelopmentExpenses": 0,
        "generalAndAdministrativeExpenses": 1922000000,
        "sellingAndMarketingExpenses": 277000000,
        "sellingGeneralAndAdministrativeExpenses": 2199000000,
        "otherExpenses": 975000000,
        "operatingExpenses": 3174000000,
        "costAndExpenses": 6167000000,
        "interestIncome": 7000000,
        "interestExpense": 161000000,
        "depreciationAndAmortization": -83000000,
        "ebitda": 179000000,
        "ebitdaratio": 0.0278425883,
        "operatingIncome": 262000000,
        "operatingIncomeRatio": 0.0407528387,
        "totalOtherIncomeExpensesNet": -289000000,
        "incomeBeforeTax": -238000000,
        "incomeBeforeTaxRatio": -0.0370197542,
        "incomeTaxExpense": 500000000,
        "netIncome": -238000000,
        "netIncomeRatio": -0.0370197542,
        "eps": -1.9,
        "epsdiluted": -1.9,
        "weightedAverageShsOut": 125122500,
        "weightedAverageShsOutDil": 125122500,
        "link": "https://www.sec.gov/Archives/edgar/data/6201/000000620112000099/0000006201-12-000099-index.htm",
        "finalLink": "https://www.sec.gov/Archives/edgar/data/6201/000000620112000099/amr-10qx2012930.htm"
    },
    {
        "date": "2012-06-30",
        "symbol": "AAL",
        "reportedCurrency": "USD",
        "cik": "0000006201",
        "fillingDate": "2012-07-18",
        "acceptedDate": "2012-07-18 16:47:18",
        "calendarYear": "2012",
        "period": "Q2",
        "revenue": 6452000000,
        "costOfRevenue": 3029000000,
        "grossProfit": 3423000000,
        "grossProfitRatio": 0.530533168,
        "researchAndDevelopmentExpenses": 0,
        "generalAndAdministrativeExpenses": 1908000000,
        "sellingAndMarketingExpenses": 263000000,
        "sellingGeneralAndAdministrativeExpenses": 2171000000,
        "otherExpenses": 1004000000,
        "operatingExpenses": 3175000000,
        "costAndExpenses": 6204000000,
        "interestIncome": 7000000,
        "interestExpense": 152000000,
        "depreciationAndAmortization": -76000000,
        "ebitda": 172000000,
        "ebitdaratio": 0.0266584005,
        "operatingIncome": 248000000,
        "operatingIncomeRatio": 0.0384376937,
        "totalOtherIncomeExpensesNet": -383000000,
        "incomeBeforeTax": -241000000,
        "incomeBeforeTaxRatio": -0.0373527588,
        "incomeTaxExpense": 489000000,
        "netIncome": -241000000,
        "netIncomeRatio": -0.0373527588,
        "eps": -1.93,
        "epsdiluted": -1.93,
        "weightedAverageShsOut": 125122500,
        "weightedAverageShsOutDil": 125122500,
        "link": "https://www.sec.gov/Archives/edgar/data/6201/000000620112000069/0000006201-12-000069-index.htm",
        "finalLink": "https://www.sec.gov/Archives/edgar/data/6201/000000620112000069/amr-10qx2012630.htm"
    },
    {
        "date": "2012-03-31",
        "symbol": "AAL",
        "reportedCurrency": "USD",
        "cik": "0000006201",
        "fillingDate": "2012-04-19",
        "acceptedDate": "2012-04-19 09:01:21",
        "calendarYear": "2012",
        "period": "Q1",
        "revenue": 6037000000,
        "costOfRevenue": 2979000000,
        "grossProfit": 3058000000,
        "grossProfitRatio": 0.5065429849,
        "researchAndDevelopmentExpenses": 0,
        "generalAndAdministrativeExpenses": 1907000000,
        "sellingAndMarketingExpenses": 266000000,
        "sellingGeneralAndAdministrativeExpenses": 2173000000,
        "otherExpenses": 963000000,
        "operatingExpenses": 3136000000,
        "costAndExpenses": 6115000000,
        "interestIncome": 6000000,
        "interestExpense": 166000000,
        "depreciationAndAmortization": -1156000000,
        "ebitda": -1578000000,
        "ebitdaratio": -0.2613881067,
        "operatingIncome": -78000000,
        "operatingIncomeRatio": -0.0129203247,
        "totalOtherIncomeExpensesNet": -1571000000,
        "incomeBeforeTax": -1660000000,
        "incomeBeforeTaxRatio": -0.2749710121,
        "incomeTaxExpense": 0,
        "netIncome": -1660000000,
        "netIncomeRatio": -0.2749710121,
        "eps": -13.27,
        "epsdiluted": -13.27,
        "weightedAverageShsOut": 125122500,
        "weightedAverageShsOutDil": 125122500,
        "link": "https://www.sec.gov/Archives/edgar/data/6201/000119312512169778/0001193125-12-169778-index.htm",
        "finalLink": "https://www.sec.gov/Archives/edgar/data/6201/000119312512169778/d319906d10q.htm"
    },
    {
        "date": "2011-12-31",
        "symbol": "AAL",
        "reportedCurrency": "USD",
        "cik": "0000006201",
        "fillingDate": "2012-02-15",
        "acceptedDate": "2012-02-15 16:50:27",
        "calendarYear": "2011",
        "period": "Q4",
        "revenue": 5956000000,
        "costOfRevenue": 2847000000,
        "grossProfit": 3109000000,
        "grossProfitRatio": 0.5219946273,
        "researchAndDevelopmentExpenses": 0,
        "generalAndAdministrativeExpenses": 1919000000,
        "sellingAndMarketingExpenses": 253000000,
        "sellingGeneralAndAdministrativeExpenses": 2172000000,
        "otherExpenses": 996000000,
        "operatingExpenses": 3168000000,
        "costAndExpenses": 6015000000,
        "interestIncome": 6000000,
        "interestExpense": 188000000,
        "depreciationAndAmortization": -577000000,
        "ebitda": -636000000,
        "ebitdaratio": -0.1067830759,
        "operatingIncome": -59000000,
        "operatingIncomeRatio": -0.0099059772,
        "totalOtherIncomeExpensesNet": -311000000,
        "incomeBeforeTax": -1095000000,
        "incomeBeforeTaxRatio": -0.1838482203,
        "incomeTaxExpense": 1036000000,
        "netIncome": -1095000000,
        "netIncomeRatio": -0.1838482203,
        "eps": -8.79,
        "epsdiluted": -8.79,
        "weightedAverageShsOut": 124572500,
        "weightedAverageShsOutDil": 124572500,
        "link": "https://www.sec.gov/Archives/edgar/data/6201/000119312512063516/0001193125-12-063516-index.htm",
        "finalLink": "https://www.sec.gov/Archives/edgar/data/6201/000119312512063516/d259681d10k.htm"
    },
    {
        "date": "2011-09-30",
        "symbol": "AAL",
        "reportedCurrency": "USD",
        "cik": "0000006201",
        "fillingDate": "2011-10-19",
        "acceptedDate": "2011-10-19 16:34:39",
        "calendarYear": "2011",
        "period": "Q3",
        "revenue": 6376000000,
        "costOfRevenue": 3128000000,
        "grossProfit": 3248000000,
        "grossProfitRatio": 0.5094102886,
        "researchAndDevelopmentExpenses": 0,
        "generalAndAdministrativeExpenses": 1913000000,
        "sellingAndMarketingExpenses": 285000000,
        "sellingGeneralAndAdministrativeExpenses": 2198000000,
        "otherExpenses": 1011000000,
        "operatingExpenses": 3209000000,
        "costAndExpenses": 6337000000,
        "interestIncome": 6000000,
        "interestExpense": 200000000,
        "depreciationAndAmortization": 272000000,
        "ebitda": 311000000,
        "ebitdaratio": 0.0487766625,
        "operatingIncome": 39000000,
        "operatingIncomeRatio": 0.0061166876,
        "totalOtherIncomeExpensesNet": -201000000,
        "incomeBeforeTax": -162000000,
        "incomeBeforeTaxRatio": -0.0254077792,
        "incomeTaxExpense": 0,
        "netIncome": -162000000,
        "netIncomeRatio": -0.0254077792,
        "eps": -1.3,
        "epsdiluted": -1.3,
        "weightedAverageShsOut": 124749000,
        "weightedAverageShsOutDil": 124749000,
        "link": "https://www.sec.gov/Archives/edgar/data/6201/000119312511274936/0001193125-11-274936-index.htm",
        "finalLink": "https://www.sec.gov/Archives/edgar/data/6201/000119312511274936/d236673d10q.htm"
    },
    {
        "date": "2011-06-30",
        "symbol": "AAL",
        "reportedCurrency": "USD",
        "cik": "0000006201",
        "fillingDate": "2011-07-20",
        "acceptedDate": "2011-07-20 16:10:58",
        "calendarYear": "2011",
        "period": "Q2",
        "revenue": 6114000000,
        "costOfRevenue": 3049000000,
        "grossProfit": 3065000000,
        "grossProfitRatio": 0.5013084724,
        "researchAndDevelopmentExpenses": 0,
        "generalAndAdministrativeExpenses": 1897000000,
        "sellingAndMarketingExpenses": 268000000,
        "sellingGeneralAndAdministrativeExpenses": 2165000000,
        "otherExpenses": 978000000,
        "operatingExpenses": 3143000000,
        "costAndExpenses": 6192000000,
        "interestIncome": 7000000,
        "interestExpense": 205000000,
        "depreciationAndAmortization": 256000000,
        "ebitda": 188000000,
        "ebitdaratio": 0.0307491004,
        "operatingIncome": -71000000,
        "operatingIncomeRatio": -0.0116126922,
        "totalOtherIncomeExpensesNet": -208000000,
        "incomeBeforeTax": -286000000,
        "incomeBeforeTaxRatio": -0.0467778868,
        "incomeTaxExpense": 215000000,
        "netIncome": -286000000,
        "netIncomeRatio": -0.0467778868,
        "eps": -2.29,
        "epsdiluted": -2.29,
        "weightedAverageShsOut": 125122500,
        "weightedAverageShsOutDil": 125122500,
        "link": "https://www.sec.gov/Archives/edgar/data/6201/000119312511192475/0001193125-11-192475-index.htm",
        "finalLink": "https://www.sec.gov/Archives/edgar/data/6201/000119312511192475/d10q.htm"
    },
    {
        "date": "2011-03-31",
        "symbol": "AAL",
        "reportedCurrency": "USD",
        "cik": "0000006201",
        "fillingDate": "2011-04-20",
        "acceptedDate": "2011-04-20 16:38:41",
        "calendarYear": "2011",
        "period": "Q1",
        "revenue": 5533000000,
        "costOfRevenue": 2659000000,
        "grossProfit": 2874000000,
        "grossProfitRatio": 0.5194288813,
        "researchAndDevelopmentExpenses": 0,
        "generalAndAdministrativeExpenses": 1843000000,
        "sellingAndMarketingExpenses": 256000000,
        "sellingGeneralAndAdministrativeExpenses": 2099000000,
        "otherExpenses": 1007000000,
        "operatingExpenses": 3106000000,
        "costAndExpenses": 5765000000,
        "interestIncome": 7000000,
        "interestExpense": 193000000,
        "depreciationAndAmortization": 265000000,
        "ebitda": 33000000,
        "ebitdaratio": 0.0059642147,
        "operatingIncome": -232000000,
        "operatingIncomeRatio": -0.0419302368,
        "totalOtherIncomeExpensesNet": -204000000,
        "incomeBeforeTax": -436000000,
        "incomeBeforeTaxRatio": -0.0787999277,
        "incomeTaxExpense": 0,
        "netIncome": -436000000,
        "netIncomeRatio": -0.0787999277,
        "eps": -3.51,
        "epsdiluted": -3.51,
        "weightedAverageShsOut": 124375500,
        "weightedAverageShsOutDil": 124375500,
        "link": "https://www.sec.gov/Archives/edgar/data/6201/000095012311037302/0000950123-11-037302-index.htm",
        "finalLink": "https://www.sec.gov/Archives/edgar/data/6201/000095012311037302/d81257e10vq.htm"
    },
    {
        "date": "2010-12-31",
        "symbol": "AAL",
        "reportedCurrency": "USD",
        "cik": "0000006201",
        "fillingDate": "2011-02-16",
        "acceptedDate": "2011-02-16 16:29:46",
        "calendarYear": "2010",
        "period": "Q4",
        "revenue": 5586000000,
        "costOfRevenue": 1568000000,
        "grossProfit": 4018000000,
        "grossProfitRatio": 0.7192982456,
        "researchAndDevelopmentExpenses": 0,
        "generalAndAdministrativeExpenses": 1698000000,
        "sellingAndMarketingExpenses": 238000000,
        "sellingGeneralAndAdministrativeExpenses": 1936000000,
        "otherExpenses": 2014000000,
        "operatingExpenses": 2916000000,
        "costAndExpenses": 4484000000,
        "interestIncome": 38000000,
        "interestExpense": 226000000,
        "depreciationAndAmortization": 285000000,
        "ebitda": 378000000,
        "ebitdaratio": 0.0676691729,
        "operatingIncome": 68000000,
        "operatingIncomeRatio": 0.0121732904,
        "totalOtherIncomeExpensesNet": -201000000,
        "incomeBeforeTax": -133000000,
        "incomeBeforeTaxRatio": -0.0238095238,
        "incomeTaxExpense": -35000000,
        "netIncome": -98000000,
        "netIncomeRatio": -0.0175438596,
        "eps": -0.79,
        "epsdiluted": -0.79,
        "weightedAverageShsOut": 124375500,
        "weightedAverageShsOutDil": 124375500,
        "link": "https://www.sec.gov/Archives/edgar/data/6201/000095012311014726/0000950123-11-014726-index.htm",
        "finalLink": "https://www.sec.gov/Archives/edgar/data/6201/000095012311014726/d78201e10vk.htm"
    },
    {
        "date": "2010-09-30",
        "symbol": "AAL",
        "reportedCurrency": "USD",
        "cik": "0000006201",
        "fillingDate": "2010-10-20",
        "acceptedDate": "2010-10-20 17:02:04",
        "calendarYear": "2010",
        "period": "Q3",
        "revenue": 5842000000,
        "costOfRevenue": 1573000000,
        "grossProfit": 4269000000,
        "grossProfitRatio": 0.7307428963,
        "researchAndDevelopmentExpenses": 0,
        "generalAndAdministrativeExpenses": 1732000000,
        "sellingAndMarketingExpenses": 256000000,
        "sellingGeneralAndAdministrativeExpenses": 1988000000,
        "otherExpenses": 1062000000,
        "operatingExpenses": 2921000000,
        "costAndExpenses": 4494000000,
        "interestIncome": 8000000,
        "interestExpense": 197000000,
        "depreciationAndAmortization": 272000000,
        "ebitda": 614000000,
        "ebitdaratio": 0.1051009928,
        "operatingIncome": 342000000,
        "operatingIncomeRatio": 0.0585415953,
        "totalOtherIncomeExpensesNet": -199000000,
        "incomeBeforeTax": 143000000,
        "incomeBeforeTaxRatio": 0.0244779185,
        "incomeTaxExpense": 0,
        "netIncome": 143000000,
        "netIncomeRatio": 0.0244779185,
        "eps": 1.15,
        "epsdiluted": 0.98,
        "weightedAverageShsOut": 124375500,
        "weightedAverageShsOutDil": 145291500,
        "link": "https://www.sec.gov/Archives/edgar/data/6201/000095012310094605/0000950123-10-094605-index.htm",
        "finalLink": "https://www.sec.gov/Archives/edgar/data/6201/000095012310094605/d76125e10vq.htm"
    },
    {
        "date": "2010-06-30",
        "symbol": "AAL",
        "reportedCurrency": "USD",
        "cik": "0000006201",
        "fillingDate": "2010-07-21",
        "acceptedDate": "2010-07-21 16:58:28",
        "calendarYear": "2010",
        "period": "Q2",
        "revenue": 5674000000,
        "costOfRevenue": 1619000000,
        "grossProfit": 4055000000,
        "grossProfitRatio": 0.7146633768,
        "researchAndDevelopmentExpenses": 0,
        "generalAndAdministrativeExpenses": 1714000000,
        "sellingAndMarketingExpenses": 248000000,
        "sellingGeneralAndAdministrativeExpenses": 1962000000,
        "otherExpenses": 1024000000,
        "operatingExpenses": 2865000000,
        "costAndExpenses": 4484000000,
        "interestIncome": 14000000,
        "interestExpense": 209000000,
        "depreciationAndAmortization": 269000000,
        "ebitda": 465000000,
        "ebitdaratio": 0.081952767,
        "operatingIncome": 196000000,
        "operatingIncomeRatio": 0.0345435319,
        "totalOtherIncomeExpensesNet": -207000000,
        "incomeBeforeTax": -11000000,
        "incomeBeforeTaxRatio": -0.0019386676,
        "incomeTaxExpense": 0,
        "netIncome": -11000000,
        "netIncomeRatio": -0.0019386676,
        "eps": -0.0884,
        "epsdiluted": -0.0884,
        "weightedAverageShsOut": 124375500,
        "weightedAverageShsOutDil": 124375500,
        "link": "https://www.sec.gov/Archives/edgar/data/6201/000095012310066894/0000950123-10-066894-index.htm",
        "finalLink": "https://www.sec.gov/Archives/edgar/data/6201/000095012310066894/d73384e10vq.htm"
    },
    {
        "date": "2010-03-31",
        "symbol": "AAL",
        "reportedCurrency": "USD",
        "cik": "0000006201",
        "fillingDate": "2010-04-21",
        "acceptedDate": "2010-04-21 16:32:22",
        "calendarYear": "2010",
        "period": "Q1",
        "revenue": 5068000000,
        "costOfRevenue": 1461000000,
        "grossProfit": 3607000000,
        "grossProfitRatio": 0.7117205998,
        "researchAndDevelopmentExpenses": 0,
        "generalAndAdministrativeExpenses": 1703000000,
        "sellingAndMarketingExpenses": 234000000,
        "sellingGeneralAndAdministrativeExpenses": 1937000000,
        "otherExpenses": 1006000000,
        "operatingExpenses": 2943000000,
        "costAndExpenses": 4404000000,
        "interestIncome": 5000000,
        "interestExpense": 199000000,
        "depreciationAndAmortization": -703000000,
        "ebitda": -39000000,
        "ebitdaratio": -0.0076953433,
        "operatingIncome": 664000000,
        "operatingIncomeRatio": 0.1310181531,
        "totalOtherIncomeExpensesNet": -207000000,
        "incomeBeforeTax": -505000000,
        "incomeBeforeTaxRatio": -0.0996448303,
        "incomeTaxExpense": 1169000000,
        "netIncome": -505000000,
        "netIncomeRatio": -0.0996448303,
        "eps": -4.06,
        "epsdiluted": -4.06,
        "weightedAverageShsOut": 124375500,
        "weightedAverageShsOutDil": 124375500,
        "link": "https://www.sec.gov/Archives/edgar/data/6201/000000620110000013/0000006201-10-000013-index.htm",
        "finalLink": "https://www.sec.gov/Archives/edgar/data/6201/000000620110000013/ar033110q.htm"
    },
    {
        "date": "2009-12-31",
        "symbol": "AAL",
        "reportedCurrency": "USD",
        "cik": "0000006201",
        "fillingDate": "2010-02-17",
        "acceptedDate": "2010-02-17 16:02:35",
        "calendarYear": "2009",
        "period": "Q4",
        "revenue": 5062000000,
        "costOfRevenue": 1446000000,
        "grossProfit": 3616000000,
        "grossProfitRatio": 0.7143421573,
        "researchAndDevelopmentExpenses": 0,
        "generalAndAdministrativeExpenses": 1720000000,
        "sellingAndMarketingExpenses": 207000000,
        "sellingGeneralAndAdministrativeExpenses": 1927000000,
        "otherExpenses": 2079000000,
        "operatingExpenses": 2983000000,
        "costAndExpenses": 4429000000,
        "interestIncome": -24000000,
        "interestExpense": 167000000,
        "depreciationAndAmortization": 278000000,
        "ebitda": -153000000,
        "ebitdaratio": -0.0302252074,
        "operatingIncome": -390000000,
        "operatingIncomeRatio": -0.0770446464,
        "totalOtherIncomeExpensesNet": -208000000,
        "incomeBeforeTax": -598000000,
        "incomeBeforeTaxRatio": -0.1181351245,
        "incomeTaxExpense": -254000000,
        "netIncome": -344000000,
        "netIncomeRatio": -0.0679573291,
        "eps": -2.77,
        "epsdiluted": -2.77,
        "weightedAverageShsOut": 124375500,
        "weightedAverageShsOutDil": 124375500,
        "link": "https://www.sec.gov/Archives/edgar/data/6201/000000620110000006/0000006201-10-000006-index.htm",
        "finalLink": "https://www.sec.gov/Archives/edgar/data/6201/000000620110000006/ar123109.htm"
    },
    {
        "date": "2009-09-30",
        "symbol": "AAL",
        "reportedCurrency": "USD",
        "cik": "0000006201",
        "fillingDate": "2009-10-21",
        "acceptedDate": "2009-10-21 16:05:59",
        "calendarYear": "2009",
        "period": "Q3",
        "revenue": 5127000000,
        "costOfRevenue": 1440000000,
        "grossProfit": 3687000000,
        "grossProfitRatio": 0.7191339965,
        "researchAndDevelopmentExpenses": 0,
        "generalAndAdministrativeExpenses": 1701000000,
        "sellingAndMarketingExpenses": 222000000,
        "sellingGeneralAndAdministrativeExpenses": 1923000000,
        "otherExpenses": 954000000,
        "operatingExpenses": 2877000000,
        "costAndExpenses": 4317000000,
        "interestIncome": 18000000,
        "interestExpense": 182000000,
        "depreciationAndAmortization": -745000000,
        "ebitda": 54000000,
        "ebitdaratio": 0.0105324751,
        "operatingIncome": 810000000,
        "operatingIncomeRatio": 0.157987127,
        "totalOtherIncomeExpensesNet": -1199000000,
        "incomeBeforeTax": -389000000,
        "incomeBeforeTaxRatio": -0.0758728301,
        "incomeTaxExpense": -30000000,
        "netIncome": -359000000,
        "netIncomeRatio": -0.070021455,
        "eps": -3.37,
        "epsdiluted": -3.37,
        "weightedAverageShsOut": 106447500,
        "weightedAverageShsOutDil": 106447500,
        "link": "",
        "finalLink": ""
    },
    {
        "date": "2009-06-30",
        "symbol": "AAL",
        "reportedCurrency": "USD",
        "cik": "0000006201",
        "fillingDate": "2009-07-15",
        "acceptedDate": "2009-07-15 17:21:21",
        "calendarYear": "2009",
        "period": "Q2",
        "revenue": 4889000000,
        "costOfRevenue": 1307000000,
        "grossProfit": 3582000000,
        "grossProfitRatio": 0.7326651667,
        "researchAndDevelopmentExpenses": 0,
        "generalAndAdministrativeExpenses": 1698000000,
        "sellingAndMarketingExpenses": 207000000,
        "sellingGeneralAndAdministrativeExpenses": 1905000000,
        "otherExpenses": 952000000,
        "operatingExpenses": 2857000000,
        "costAndExpenses": 4164000000,
        "interestIncome": 19000000,
        "interestExpense": 167000000,
        "depreciationAndAmortization": -666000000,
        "ebitda": 59000000,
        "ebitdaratio": 0.0120679075,
        "operatingIncome": 725000000,
        "operatingIncomeRatio": 0.1482920843,
        "totalOtherIncomeExpensesNet": -164000000,
        "incomeBeforeTax": -390000000,
        "incomeBeforeTaxRatio": -0.0797709143,
        "incomeTaxExpense": 1115000000,
        "netIncome": -390000000,
        "netIncomeRatio": -0.0797709143,
        "eps": -3.73,
        "epsdiluted": -3.73,
        "weightedAverageShsOut": 104580000,
        "weightedAverageShsOutDil": 104580000,
        "link": "https://www.sec.gov/Archives/edgar/data/6201/000000620109000029/0000006201-09-000029-index.htm",
        "finalLink": "https://www.sec.gov/Archives/edgar/data/6201/000000620109000029/ar0630-10q.htm"
    },
    {
        "date": "2009-03-31",
        "symbol": "AAL",
        "reportedCurrency": "USD",
        "cik": "0000006201",
        "fillingDate": "2009-04-16",
        "acceptedDate": "2009-04-16 16:23:23",
        "calendarYear": "2009",
        "period": "Q1",
        "revenue": 4839000000,
        "costOfRevenue": 1269000000,
        "grossProfit": 3570000000,
        "grossProfitRatio": 0.7377557347,
        "researchAndDevelopmentExpenses": 0,
        "generalAndAdministrativeExpenses": 1688000000,
        "sellingAndMarketingExpenses": 217000000,
        "sellingGeneralAndAdministrativeExpenses": 1905000000,
        "otherExpenses": 950000000,
        "operatingExpenses": 2855000000,
        "costAndExpenses": 4124000000,
        "interestIncome": 21000000,
        "interestExpense": 186000000,
        "depreciationAndAmortization": -632000000,
        "ebitda": 73000000,
        "ebitdaratio": 0.0150857615,
        "operatingIncome": 715000000,
        "operatingIncomeRatio": 0.1477578012,
        "totalOtherIncomeExpensesNet": -181000000,
        "incomeBeforeTax": -375000000,
        "incomeBeforeTaxRatio": -0.0774953503,
        "incomeTaxExpense": 1090000000,
        "netIncome": -375000000,
        "netIncomeRatio": -0.0774953503,
        "eps": -3.6,
        "epsdiluted": -3.6,
        "weightedAverageShsOut": 104206500,
        "weightedAverageShsOutDil": 104206500,
        "link": "https://www.sec.gov/Archives/edgar/data/6201/000000620109000016/0000006201-09-000016-index.htm",
        "finalLink": "https://www.sec.gov/Archives/edgar/data/6201/000000620109000016/ar0331-10q.htm"
    },
    {
        "date": "2008-12-31",
        "symbol": "AAL",
        "reportedCurrency": "USD",
        "cik": "0000006201",
        "fillingDate": "2009-02-19",
        "acceptedDate": "2009-02-19 16:07:27",
        "calendarYear": "2008",
        "period": "Q4",
        "revenue": 5469000000,
        "costOfRevenue": 1803000000,
        "grossProfit": 3666000000,
        "grossProfitRatio": 0.6703236423,
        "researchAndDevelopmentExpenses": 0,
        "generalAndAdministrativeExpenses": 1720000000,
        "sellingAndMarketingExpenses": 217000000,
        "sellingGeneralAndAdministrativeExpenses": 1937000000,
        "otherExpenses": 1037000000,
        "operatingExpenses": 2974000000,
        "costAndExpenses": 4777000000,
        "interestIncome": 43000000,
        "interestExpense": 177000000,
        "depreciationAndAmortization": -570000000,
        "ebitda": 122000000,
        "ebitdaratio": 0.0223075517,
        "operatingIncome": 692000000,
        "operatingIncomeRatio": 0.1265313586,
        "totalOtherIncomeExpensesNet": -144000000,
        "incomeBeforeTax": -340000000,
        "incomeBeforeTaxRatio": -0.0621685866,
        "incomeTaxExpense": 1032000000,
        "netIncome": -340000000,
        "netIncomeRatio": -0.0621685866,
        "eps": -3.29,
        "epsdiluted": -3.29,
        "weightedAverageShsOut": 103459500,
        "weightedAverageShsOutDil": 103459500,
        "link": "https://www.sec.gov/Archives/edgar/data/6201/000000620109000009/0000006201-09-000009-index.htm",
        "finalLink": "https://www.sec.gov/Archives/edgar/data/6201/000000620109000009/ar120810k.htm"
    },
    {
        "date": "2008-09-30",
        "symbol": "AAL",
        "reportedCurrency": "USD",
        "cik": "0000006201",
        "fillingDate": "2008-10-16",
        "acceptedDate": "2008-10-16 17:30:13",
        "calendarYear": "2008",
        "period": "Q3",
        "revenue": 6421000000,
        "costOfRevenue": 2695000000,
        "grossProfit": 3726000000,
        "grossProfitRatio": 0.5802834449,
        "researchAndDevelopmentExpenses": 0,
        "generalAndAdministrativeExpenses": 1633000000,
        "sellingAndMarketingExpenses": 264000000,
        "sellingGeneralAndAdministrativeExpenses": 1897000000,
        "otherExpenses": 1086000000,
        "operatingExpenses": 2983000000,
        "costAndExpenses": 5678000000,
        "interestIncome": 37000000,
        "interestExpense": 180000000,
        "depreciationAndAmortization": -229000000,
        "ebitda": 524000000,
        "ebitdaratio": 0.0816072263,
        "operatingIncome": 743000000,
        "operatingIncomeRatio": 0.1157140632,
        "totalOtherIncomeExpensesNet": -712000000,
        "incomeBeforeTax": 45000000,
        "incomeBeforeTaxRatio": 0.0070082542,
        "incomeTaxExpense": 698000000,
        "netIncome": 45000000,
        "netIncomeRatio": 0.0070082542,
        "eps": 0.47,
        "epsdiluted": 0.45,
        "weightedAverageShsOut": 96363000,
        "weightedAverageShsOutDil": 100098000,
        "link": "",
        "finalLink": ""
    },
    {
        "date": "2008-06-30",
        "symbol": "AAL",
        "reportedCurrency": "USD",
        "cik": "0000006201",
        "fillingDate": "2008-07-17",
        "acceptedDate": "2008-07-17 16:44:16",
        "calendarYear": "2008",
        "period": "Q2",
        "revenue": 6179000000,
        "costOfRevenue": 2436000000,
        "grossProfit": 3743000000,
        "grossProfitRatio": 0.6057614501,
        "researchAndDevelopmentExpenses": 0,
        "generalAndAdministrativeExpenses": 1658000000,
        "sellingAndMarketingExpenses": 259000000,
        "sellingGeneralAndAdministrativeExpenses": 1917000000,
        "otherExpenses": 1066000000,
        "operatingExpenses": 2983000000,
        "costAndExpenses": 5419000000,
        "interestIncome": 56000000,
        "interestExpense": 185000000,
        "depreciationAndAmortization": -1699000000,
        "ebitda": -938000000,
        "ebitdaratio": -0.1518044991,
        "operatingIncome": 760000000,
        "operatingIncomeRatio": 0.1229972487,
        "totalOtherIncomeExpensesNet": -2208000000,
        "incomeBeforeTax": -1448000000,
        "incomeBeforeTaxRatio": -0.2343421266,
        "incomeTaxExpense": 2208000000,
        "netIncome": -1448000000,
        "netIncomeRatio": -0.2343421266,
        "eps": -15.45,
        "epsdiluted": -15.45,
        "weightedAverageShsOut": 93748500,
        "weightedAverageShsOutDil": 93748500,
        "link": "https://www.sec.gov/Archives/edgar/data/6201/000000620108000046/0000006201-08-000046-index.htm",
        "finalLink": "https://www.sec.gov/Archives/edgar/data/6201/000000620108000046/ar071710q.htm"
    },
    {
        "date": "2008-03-31",
        "symbol": "AAL",
        "reportedCurrency": "USD",
        "cik": "0000006201",
        "fillingDate": "2008-03-31",
        "acceptedDate": "2008-03-31 00:00:00",
        "calendarYear": "2008",
        "period": "Q1",
        "revenue": 5697000000,
        "costOfRevenue": 2044000000,
        "grossProfit": 3653000000,
        "grossProfitRatio": 0.6412146744,
        "researchAndDevelopmentExpenses": 0,
        "generalAndAdministrativeExpenses": 1644000000,
        "sellingAndMarketingExpenses": 257000000,
        "sellingGeneralAndAdministrativeExpenses": 1901000000,
        "otherExpenses": 1939000000,
        "operatingExpenses": 2944000000,
        "costAndExpenses": 4988000000,
        "interestIncome": 58000000,
        "interestExpense": 194000000,
        "depreciationAndAmortization": 304000000,
        "ebitda": 122000000,
        "ebitdaratio": 0.0214147797,
        "operatingIncome": -129000000,
        "operatingIncomeRatio": -0.0226434966,
        "totalOtherIncomeExpensesNet": -199000000,
        "incomeBeforeTax": -328000000,
        "incomeBeforeTaxRatio": -0.0575741618,
        "incomeTaxExpense": 199000000,
        "netIncome": -328000000,
        "netIncomeRatio": -0.0575741618,
        "eps": -3.53,
        "epsdiluted": -3.53,
        "weightedAverageShsOut": 93001500,
        "weightedAverageShsOutDil": 93001500,
        "link": null,
        "finalLink": null
    },
    {
        "date": "2007-12-31",
        "symbol": "AAL",
        "reportedCurrency": "USD",
        "cik": "0000006201",
        "fillingDate": "2007-12-31",
        "acceptedDate": "2007-12-30 19:00:00",
        "calendarYear": "2007",
        "period": "Q4",
        "revenue": 5683000000,
        "costOfRevenue": -4521000000,
        "grossProfit": 10204000000,
        "grossProfitRatio": 1.7955305296,
        "researchAndDevelopmentExpenses": 0,
        "generalAndAdministrativeExpenses": -485000000,
        "sellingAndMarketingExpenses": 1815000000,
        "sellingGeneralAndAdministrativeExpenses": 1330000000,
        "otherExpenses": -15101000000,
        "operatingExpenses": -5799000000,
        "costAndExpenses": -10320000000,
        "interestIncome": 0,
        "interestExpense": 0,
        "depreciationAndAmortization": 2094000000,
        "ebitda": 14812000000,
        "ebitdaratio": 2.6063698751,
        "operatingIncome": -69000000,
        "operatingIncomeRatio": -0.0121414746,
        "totalOtherIncomeExpensesNet": 0,
        "incomeBeforeTax": -69000000,
        "incomeBeforeTaxRatio": -0.0121414746,
        "incomeTaxExpense": 0,
        "netIncome": -69000000,
        "netIncomeRatio": -0.0121414746,
        "eps": -0.74,
        "epsdiluted": -0.62,
        "weightedAverageShsOut": 92628000,
        "weightedAverageShsOutDil": 110556000,
        "link": "",
        "finalLink": ""
    },
    {
        "date": "2007-09-30",
        "symbol": "AAL",
        "reportedCurrency": "USD",
        "cik": "0000006201",
        "fillingDate": "2007-10-18",
        "acceptedDate": "2007-10-18 16:47:45",
        "calendarYear": "2007",
        "period": "Q3",
        "revenue": 5946000000,
        "costOfRevenue": 3805000000,
        "grossProfit": 2141000000,
        "grossProfitRatio": 0.3600739993,
        "researchAndDevelopmentExpenses": 0,
        "generalAndAdministrativeExpenses": 2467000000,
        "sellingAndMarketingExpenses": -270000000,
        "sellingGeneralAndAdministrativeExpenses": 2197000000,
        "otherExpenses": 3906000000,
        "operatingExpenses": 6103000000,
        "costAndExpenses": 9908000000,
        "interestIncome": 90000000,
        "interestExpense": 224000000,
        "depreciationAndAmortization": 314000000,
        "ebitda": 706000000,
        "ebitdaratio": 0.1187352842,
        "operatingIncome": -3962000000,
        "operatingIncomeRatio": -0.6663303061,
        "totalOtherIncomeExpensesNet": -144000000,
        "incomeBeforeTax": 175000000,
        "incomeBeforeTaxRatio": 0.0294315506,
        "incomeTaxExpense": -3516000000,
        "netIncome": 175000000,
        "netIncomeRatio": 0.0294315506,
        "eps": 1.88,
        "epsdiluted": 1.56,
        "weightedAverageShsOut": 93001500,
        "weightedAverageShsOutDil": 112050000,
        "link": "",
        "finalLink": ""
    },
    {
        "date": "2007-06-30",
        "symbol": "AAL",
        "reportedCurrency": "USD",
        "cik": "0000006201",
        "fillingDate": "2007-07-24",
        "acceptedDate": "2007-07-24 16:44:48",
        "calendarYear": "2007",
        "period": "Q2",
        "revenue": 5879000000,
        "costOfRevenue": 3659000000,
        "grossProfit": 2220000000,
        "grossProfitRatio": 0.3776152407,
        "researchAndDevelopmentExpenses": 0,
        "generalAndAdministrativeExpenses": 2388000000,
        "sellingAndMarketingExpenses": -268000000,
        "sellingGeneralAndAdministrativeExpenses": 2120000000,
        "otherExpenses": 3757000000,
        "operatingExpenses": 5877000000,
        "costAndExpenses": 9536000000,
        "interestIncome": 95000000,
        "interestExpense": 235000000,
        "depreciationAndAmortization": 3679000000,
        "ebitda": 847000000,
        "ebitdaratio": 0.1440721211,
        "operatingIncome": -3657000000,
        "operatingIncomeRatio": -0.6220445654,
        "totalOtherIncomeExpensesNet": -150000000,
        "incomeBeforeTax": 317000000,
        "incomeBeforeTaxRatio": 0.0539207348,
        "incomeTaxExpense": -3974000000,
        "netIncome": 317000000,
        "netIncomeRatio": 0.0539207348,
        "eps": 3.45,
        "epsdiluted": 2.84,
        "weightedAverageShsOut": 91881000,
        "weightedAverageShsOutDil": 111676500,
        "link": "https://www.sec.gov/Archives/edgar/data/6201/000000620107000061/0000006201-07-000061-index.htm",
        "finalLink": "https://www.sec.gov/Archives/edgar/data/6201/000000620107000061/ar2q07d.txt"
    },
    {
        "date": "2007-03-31",
        "symbol": "AAL",
        "reportedCurrency": "USD",
        "cik": "0000006201",
        "fillingDate": "2007-04-20",
        "acceptedDate": "2007-04-20 16:44:05",
        "calendarYear": "2007",
        "period": "Q1",
        "revenue": 5427000000,
        "costOfRevenue": 3449000000,
        "grossProfit": 1978000000,
        "grossProfitRatio": 0.3644739267,
        "researchAndDevelopmentExpenses": 0,
        "generalAndAdministrativeExpenses": 2400000000,
        "sellingAndMarketingExpenses": -249000000,
        "sellingGeneralAndAdministrativeExpenses": 2151000000,
        "otherExpenses": 3508000000,
        "operatingExpenses": 5659000000,
        "costAndExpenses": 9108000000,
        "interestIncome": 86000000,
        "interestExpense": 241000000,
        "depreciationAndAmortization": 3472000000,
        "ebitda": 612000000,
        "ebitdaratio": 0.1127694859,
        "operatingIncome": -3681000000,
        "operatingIncomeRatio": -0.6782752902,
        "totalOtherIncomeExpensesNet": -167000000,
        "incomeBeforeTax": 81000000,
        "incomeBeforeTaxRatio": 0.0149253731,
        "incomeTaxExpense": -3762000000,
        "netIncome": 81000000,
        "netIncomeRatio": 0.0149253731,
        "eps": 0.92,
        "epsdiluted": 0.73,
        "weightedAverageShsOut": 88146000,
        "weightedAverageShsOutDil": 111303000,
        "link": "https://www.sec.gov/Archives/edgar/data/6201/000000620107000040/0000006201-07-000040-index.htm",
        "finalLink": "https://www.sec.gov/Archives/edgar/data/6201/000000620107000040/ar1q07c.txt"
    },
    {
        "date": "2006-12-31",
        "symbol": "AAL",
        "reportedCurrency": "USD",
        "cik": "0000006201",
        "fillingDate": "2007-02-23",
        "acceptedDate": "2007-02-22 17:48:29",
        "calendarYear": "2006",
        "period": "Q4",
        "revenue": 5397000000,
        "costOfRevenue": 3449000000,
        "grossProfit": 1948000000,
        "grossProfitRatio": 0.3609412637,
        "researchAndDevelopmentExpenses": 0,
        "generalAndAdministrativeExpenses": 2420000000,
        "sellingAndMarketingExpenses": -237000000,
        "sellingGeneralAndAdministrativeExpenses": 2183000000,
        "otherExpenses": 3502000000,
        "operatingExpenses": 5685000000,
        "costAndExpenses": 9134000000,
        "interestIncome": 0,
        "interestExpense": 0,
        "depreciationAndAmortization": 5779000000,
        "ebitda": 2042000000,
        "ebitdaratio": 0.3783583472,
        "operatingIncome": -3737000000,
        "operatingIncomeRatio": -0.6924217158,
        "totalOtherIncomeExpensesNet": 3754000000,
        "incomeBeforeTax": 17000000,
        "incomeBeforeTaxRatio": 0.0031498981,
        "incomeTaxExpense": 0,
        "netIncome": 17000000,
        "netIncomeRatio": 0.0031498981,
        "eps": 0.21,
        "epsdiluted": 0.13,
        "weightedAverageShsOut": 82170000,
        "weightedAverageShsOutDil": 130913802,
        "link": "https://www.sec.gov/Archives/edgar/data/6201/000095013407003888/0000950134-07-003888-index.htm",
        "finalLink": "https://www.sec.gov/Archives/edgar/data/6201/000095013407003888/d43815e10vk.htm"
    },
    {
        "date": "2006-09-30",
        "symbol": "AAL",
        "reportedCurrency": "USD",
        "cik": "0000006201",
        "fillingDate": "2006-10-20",
        "acceptedDate": "2006-10-20 09:47:04",
        "calendarYear": "2006",
        "period": "Q3",
        "revenue": 5847000000,
        "costOfRevenue": 3766000000,
        "grossProfit": 2081000000,
        "grossProfitRatio": 0.3559090132,
        "researchAndDevelopmentExpenses": 0,
        "generalAndAdministrativeExpenses": 2449000000,
        "sellingAndMarketingExpenses": -284000000,
        "sellingGeneralAndAdministrativeExpenses": 2165000000,
        "otherExpenses": 3869000000,
        "operatingExpenses": 6034000000,
        "costAndExpenses": 9800000000,
        "interestIncome": 0,
        "interestExpense": 0,
        "depreciationAndAmortization": 3678000000,
        "ebitda": -275000000,
        "ebitdaratio": -0.0470326663,
        "operatingIncome": -3953000000,
        "operatingIncomeRatio": -0.6760731999,
        "totalOtherIncomeExpensesNet": 3968000000,
        "incomeBeforeTax": 15000000,
        "incomeBeforeTaxRatio": 0.0025654182,
        "incomeTaxExpense": 0,
        "netIncome": 15000000,
        "netIncomeRatio": 0.0025654182,
        "eps": 0.19,
        "epsdiluted": 0.16,
        "weightedAverageShsOut": 80035714,
        "weightedAverageShsOutDil": 93375000,
        "link": "https://www.sec.gov/Archives/edgar/data/6201/000000620106000071/0000006201-06-000071-index.htm",
        "finalLink": "https://www.sec.gov/Archives/edgar/data/6201/000000620106000071/amr3q10q.txt"
    },
    {
        "date": "2006-06-30",
        "symbol": "AAL",
        "reportedCurrency": "USD",
        "cik": "0000006201",
        "fillingDate": "2006-07-25",
        "acceptedDate": "2006-07-25 16:07:46",
        "calendarYear": "2006",
        "period": "Q2",
        "revenue": 5975000000,
        "costOfRevenue": 3725000000,
        "grossProfit": 2250000000,
        "grossProfitRatio": 0.3765690377,
        "researchAndDevelopmentExpenses": 0,
        "generalAndAdministrativeExpenses": 2449000000,
        "sellingAndMarketingExpenses": -286000000,
        "sellingGeneralAndAdministrativeExpenses": 2163000000,
        "otherExpenses": 3819000000,
        "operatingExpenses": 5982000000,
        "costAndExpenses": 9707000000,
        "interestIncome": 0,
        "interestExpense": 0,
        "depreciationAndAmortization": 284000000,
        "ebitda": -3448000000,
        "ebitdaratio": -0.5770711297,
        "operatingIncome": -3732000000,
        "operatingIncomeRatio": -0.6246025105,
        "totalOtherIncomeExpensesNet": 4023000000,
        "incomeBeforeTax": 291000000,
        "incomeBeforeTaxRatio": 0.0487029289,
        "incomeTaxExpense": 0,
        "netIncome": 291000000,
        "netIncomeRatio": 0.0487029289,
        "eps": 3.86,
        "epsdiluted": 3.05,
        "weightedAverageShsOut": 75478125,
        "weightedAverageShsOutDil": 95340789,
        "link": "https://www.sec.gov/Archives/edgar/data/6201/000000620106000053/0000006201-06-000053-index.htm",
        "finalLink": "https://www.sec.gov/Archives/edgar/data/6201/000000620106000053/ar2q10q.txt"
    },
    {
        "date": "2006-03-31",
        "symbol": "AAL",
        "reportedCurrency": "USD",
        "cik": "0000006201",
        "fillingDate": "2006-04-20",
        "acceptedDate": "2006-04-20 15:58:35",
        "calendarYear": "2006",
        "period": "Q1",
        "revenue": 5344000000,
        "costOfRevenue": 3406000000,
        "grossProfit": 1938000000,
        "grossProfitRatio": 0.3626497006,
        "researchAndDevelopmentExpenses": 0,
        "generalAndAdministrativeExpenses": 2460000000,
        "sellingAndMarketingExpenses": -269000000,
        "sellingGeneralAndAdministrativeExpenses": 2191000000,
        "otherExpenses": 3500000000,
        "operatingExpenses": 5691000000,
        "costAndExpenses": 9097000000,
        "interestIncome": 0,
        "interestExpense": 0,
        "depreciationAndAmortization": 3374000000,
        "ebitda": -379000000,
        "ebitdaratio": -0.0709206587,
        "operatingIncome": -3753000000,
        "operatingIncomeRatio": -0.7022829341,
        "totalOtherIncomeExpensesNet": 3661000000,
        "incomeBeforeTax": -92000000,
        "incomeBeforeTaxRatio": -0.0172155689,
        "incomeTaxExpense": 0,
        "netIncome": -92000000,
        "netIncomeRatio": -0.0172155689,
        "eps": -1.31,
        "epsdiluted": -1.31,
        "weightedAverageShsOut": 70126531,
        "weightedAverageShsOutDil": 70126531,
        "link": "https://www.sec.gov/Archives/edgar/data/6201/000000620106000031/0000006201-06-000031-index.htm",
        "finalLink": "https://www.sec.gov/Archives/edgar/data/6201/000000620106000031/ar10q1q2006.txt"
    },
    {
        "date": "2005-12-31",
        "symbol": "AAL",
        "reportedCurrency": "USD",
        "cik": "0000006201",
        "fillingDate": "2006-02-24",
        "acceptedDate": "2006-02-24 14:07:30",
        "calendarYear": "2005",
        "period": "Q4",
        "revenue": 5168000000,
        "costOfRevenue": 3670000000,
        "grossProfit": 1498000000,
        "grossProfitRatio": 0.2898606811,
        "researchAndDevelopmentExpenses": 0,
        "generalAndAdministrativeExpenses": 2494000000,
        "sellingAndMarketingExpenses": -264000000,
        "sellingGeneralAndAdministrativeExpenses": 2230000000,
        "otherExpenses": 3776000000,
        "operatingExpenses": 6006000000,
        "costAndExpenses": 9676000000,
        "interestIncome": 0,
        "interestExpense": 0,
        "depreciationAndAmortization": 5936000000,
        "ebitda": -2476000000,
        "ebitdaratio": -0.4791021672,
        "operatingIncome": -4508000000,
        "operatingIncomeRatio": -0.8722910217,
        "totalOtherIncomeExpensesNet": 3904000000,
        "incomeBeforeTax": -604000000,
        "incomeBeforeTaxRatio": -0.116873065,
        "incomeTaxExpense": 0,
        "netIncome": -604000000,
        "netIncomeRatio": -0.116873065,
        "eps": -9.3,
        "epsdiluted": -9.3,
        "weightedAverageShsOut": 64914815,
        "weightedAverageShsOutDil": 64914815,
        "link": "https://www.sec.gov/Archives/edgar/data/6201/000095013406003715/0000950134-06-003715-index.htm",
        "finalLink": "https://www.sec.gov/Archives/edgar/data/6201/000095013406003715/d33303e10vk.htm"
    },
    {
        "date": "2005-09-30",
        "symbol": "AAL",
        "reportedCurrency": "USD",
        "cik": "0000006201",
        "fillingDate": "2005-10-21",
        "acceptedDate": "2005-10-20 17:45:53",
        "calendarYear": "2005",
        "period": "Q3",
        "revenue": 5485000000,
        "costOfRevenue": 3683000000,
        "grossProfit": 1802000000,
        "grossProfitRatio": 0.328532361,
        "researchAndDevelopmentExpenses": 0,
        "generalAndAdministrativeExpenses": 2441000000,
        "sellingAndMarketingExpenses": -292000000,
        "sellingGeneralAndAdministrativeExpenses": 2149000000,
        "otherExpenses": 3782000000,
        "operatingExpenses": 5931000000,
        "costAndExpenses": 9614000000,
        "interestIncome": 0,
        "interestExpense": 0,
        "depreciationAndAmortization": 3684000000,
        "ebitda": -445000000,
        "ebitdaratio": -0.0811303555,
        "operatingIncome": -4129000000,
        "operatingIncomeRatio": -0.7527803099,
        "totalOtherIncomeExpensesNet": 3976000000,
        "incomeBeforeTax": -153000000,
        "incomeBeforeTaxRatio": -0.0278942571,
        "incomeTaxExpense": 0,
        "netIncome": -153000000,
        "netIncomeRatio": -0.0278942571,
        "eps": -2.49,
        "epsdiluted": -2.49,
        "weightedAverageShsOut": 61446774,
        "weightedAverageShsOutDil": 61446774,
        "link": "https://www.sec.gov/Archives/edgar/data/6201/000000620105000065/0000006201-05-000065-index.htm",
        "finalLink": "https://www.sec.gov/Archives/edgar/data/6201/000000620105000065/ar3q0510q.txt"
    },
    {
        "date": "2005-06-30",
        "symbol": "AAL",
        "reportedCurrency": "USD",
        "cik": "0000006201",
        "fillingDate": "2005-07-26",
        "acceptedDate": "2005-07-25 18:15:11",
        "calendarYear": "2005",
        "period": "Q2",
        "revenue": 5309000000,
        "costOfRevenue": 3303000000,
        "grossProfit": 2006000000,
        "grossProfitRatio": 0.3778489358,
        "researchAndDevelopmentExpenses": 0,
        "generalAndAdministrativeExpenses": 2423000000,
        "sellingAndMarketingExpenses": -286000000,
        "sellingGeneralAndAdministrativeExpenses": 2137000000,
        "otherExpenses": 3409000000,
        "operatingExpenses": 5546000000,
        "costAndExpenses": 8849000000,
        "interestIncome": 0,
        "interestExpense": 0,
        "depreciationAndAmortization": 3312000000,
        "ebitda": 515000000,
        "ebitdaratio": 0.0970050857,
        "operatingIncome": -3540000000,
        "operatingIncomeRatio": -0.6667922396,
        "totalOtherIncomeExpensesNet": 3598000000,
        "incomeBeforeTax": 58000000,
        "incomeBeforeTaxRatio": 0.0109248446,
        "incomeTaxExpense": 0,
        "netIncome": 58000000,
        "netIncomeRatio": 0.0109248446,
        "eps": 0.94,
        "epsdiluted": 0.8,
        "weightedAverageShsOut": 61894286,
        "weightedAverageShsOutDil": 72210000,
        "link": "https://www.sec.gov/Archives/edgar/data/6201/000000620105000050/0000006201-05-000050-index.htm",
        "finalLink": "https://www.sec.gov/Archives/edgar/data/6201/000000620105000050/ar2q05f.txt"
    },
    {
        "date": "2005-03-31",
        "symbol": "AAL",
        "reportedCurrency": "USD",
        "cik": "0000006201",
        "fillingDate": "2005-04-21",
        "acceptedDate": "2005-04-21 16:29:28",
        "calendarYear": "2005",
        "period": "Q1",
        "revenue": 4750000000,
        "costOfRevenue": 2970000000,
        "grossProfit": 1780000000,
        "grossProfitRatio": 0.3747368421,
        "researchAndDevelopmentExpenses": 0,
        "generalAndAdministrativeExpenses": 2363000000,
        "sellingAndMarketingExpenses": -271000000,
        "sellingGeneralAndAdministrativeExpenses": 2092000000,
        "otherExpenses": 3083000000,
        "operatingExpenses": 5175000000,
        "costAndExpenses": 8145000000,
        "interestIncome": 0,
        "interestExpense": 0,
        "depreciationAndAmortization": 2943000000,
        "ebitda": -452000000,
        "ebitdaratio": -0.0951578947,
        "operatingIncome": -3395000000,
        "operatingIncomeRatio": -0.7147368421,
        "totalOtherIncomeExpensesNet": 3233000000,
        "incomeBeforeTax": -162000000,
        "incomeBeforeTaxRatio": -0.0341052632,
        "incomeTaxExpense": 0,
        "netIncome": -162000000,
        "netIncomeRatio": -0.0341052632,
        "eps": -2.68,
        "epsdiluted": -2.68,
        "weightedAverageShsOut": 60507000,
        "weightedAverageShsOutDil": 60507000,
        "link": "https://www.sec.gov/Archives/edgar/data/6201/000000620105000027/0000006201-05-000027-index.htm",
        "finalLink": "https://www.sec.gov/Archives/edgar/data/6201/000000620105000027/ar1q05b.txt"
    },
    {
        "date": "2004-12-31",
        "symbol": "AAL",
        "reportedCurrency": "USD",
        "cik": "0000006201",
        "fillingDate": "2005-02-25",
        "acceptedDate": "2005-02-24 18:29:35",
        "calendarYear": "2004",
        "period": "Q4",
        "revenue": 4541000000,
        "costOfRevenue": 3020000000,
        "grossProfit": 1521000000,
        "grossProfitRatio": 0.3349482493,
        "researchAndDevelopmentExpenses": 0,
        "generalAndAdministrativeExpenses": 2361000000,
        "sellingAndMarketingExpenses": -244000000,
        "sellingGeneralAndAdministrativeExpenses": 2117000000,
        "otherExpenses": 3156000000,
        "operatingExpenses": 5273000000,
        "costAndExpenses": 8293000000,
        "interestIncome": 0,
        "interestExpense": 0,
        "depreciationAndAmortization": 5620000000,
        "ebitda": -1497000000,
        "ebitdaratio": -0.3296630698,
        "operatingIncome": -3752000000,
        "operatingIncomeRatio": -0.8262497247,
        "totalOtherIncomeExpensesNet": 3365000000,
        "incomeBeforeTax": -387000000,
        "incomeBeforeTaxRatio": -0.085223519,
        "incomeTaxExpense": 0,
        "netIncome": -387000000,
        "netIncomeRatio": -0.085223519,
        "eps": -6.45,
        "epsdiluted": -6.45,
        "weightedAverageShsOut": 60002412,
        "weightedAverageShsOutDil": 60002412,
        "link": "https://www.sec.gov/Archives/edgar/data/6201/000095013405003726/0000950134-05-003726-index.htm",
        "finalLink": "https://www.sec.gov/Archives/edgar/data/6201/000095013405003726/d22731e10vk.htm"
    },
    {
        "date": "2004-09-30",
        "symbol": "AAL",
        "reportedCurrency": "USD",
        "cik": "0000006201",
        "fillingDate": "2004-10-21",
        "acceptedDate": "2004-10-21 16:26:47",
        "calendarYear": "2004",
        "period": "Q3",
        "revenue": 4762000000,
        "costOfRevenue": 2953000000,
        "grossProfit": 1809000000,
        "grossProfitRatio": 0.3798824024,
        "researchAndDevelopmentExpenses": 0,
        "generalAndAdministrativeExpenses": 2431000000,
        "sellingAndMarketingExpenses": -288000000,
        "sellingGeneralAndAdministrativeExpenses": 2143000000,
        "otherExpenses": 3111000000,
        "operatingExpenses": 5254000000,
        "costAndExpenses": 8207000000,
        "interestIncome": 0,
        "interestExpense": 0,
        "depreciationAndAmortization": 2914000000,
        "ebitda": 290000000,
        "ebitdaratio": 0.060898782,
        "operatingIncome": -3445000000,
        "operatingIncomeRatio": -0.7234355313,
        "totalOtherIncomeExpensesNet": 3231000000,
        "incomeBeforeTax": -214000000,
        "incomeBeforeTaxRatio": -0.0449391012,
        "incomeTaxExpense": 0,
        "netIncome": -214000000,
        "netIncomeRatio": -0.0449391012,
        "eps": -3.56,
        "epsdiluted": -3.56,
        "weightedAverageShsOut": 60096992,
        "weightedAverageShsOutDil": 60096992,
        "link": "https://www.sec.gov/Archives/edgar/data/6201/000000620104000062/0000006201-04-000062-index.htm",
        "finalLink": "https://www.sec.gov/Archives/edgar/data/6201/000000620104000062/ar3q0410qc.txt"
    },
    {
        "date": "2004-06-30",
        "symbol": "AAL",
        "reportedCurrency": "USD",
        "cik": "0000006201",
        "fillingDate": "2004-07-22",
        "acceptedDate": "2004-07-22 14:50:57",
        "calendarYear": "2004",
        "period": "Q2",
        "revenue": 4830000000,
        "costOfRevenue": 2809000000,
        "grossProfit": 2021000000,
        "grossProfitRatio": 0.418426501,
        "researchAndDevelopmentExpenses": 0,
        "generalAndAdministrativeExpenses": 2444000000,
        "sellingAndMarketingExpenses": -287000000,
        "sellingGeneralAndAdministrativeExpenses": 2157000000,
        "otherExpenses": 2962000000,
        "operatingExpenses": 5119000000,
        "costAndExpenses": 7928000000,
        "interestIncome": 0,
        "interestExpense": 0,
        "depreciationAndAmortization": 2784000000,
        "ebitda": -314000000,
        "ebitdaratio": -0.065010352,
        "operatingIncome": -3098000000,
        "operatingIncomeRatio": -0.6414078675,
        "totalOtherIncomeExpensesNet": 3104000000,
        "incomeBeforeTax": 6000000,
        "incomeBeforeTaxRatio": 0.001242236,
        "incomeTaxExpense": 0,
        "netIncome": 6000000,
        "netIncomeRatio": 0.001242236,
        "eps": 0.11,
        "epsdiluted": 0.0803,
        "weightedAverageShsOut": 56025000,
        "weightedAverageShsOutDil": 74700000,
        "link": "https://www.sec.gov/Archives/edgar/data/6201/000000620104000042/0000006201-04-000042-index.htm",
        "finalLink": "https://www.sec.gov/Archives/edgar/data/6201/000000620104000042/ar2q04d.txt"
    },
    {
        "date": "2004-03-31",
        "symbol": "AAL",
        "reportedCurrency": "USD",
        "cik": "0000006201",
        "fillingDate": "2004-04-23",
        "acceptedDate": "2004-04-23 15:10:30",
        "calendarYear": "2004",
        "period": "Q1",
        "revenue": 4512000000,
        "costOfRevenue": 2674000000,
        "grossProfit": 1838000000,
        "grossProfitRatio": 0.407358156,
        "researchAndDevelopmentExpenses": 0,
        "generalAndAdministrativeExpenses": 2386000000,
        "sellingAndMarketingExpenses": -288000000,
        "sellingGeneralAndAdministrativeExpenses": 2098000000,
        "otherExpenses": 2830000000,
        "operatingExpenses": 4928000000,
        "costAndExpenses": 7602000000,
        "interestIncome": 0,
        "interestExpense": 0,
        "depreciationAndAmortization": 2598000000,
        "ebitda": -492000000,
        "ebitdaratio": -0.1090425532,
        "operatingIncome": -3090000000,
        "operatingIncomeRatio": -0.6848404255,
        "totalOtherIncomeExpensesNet": 2924000000,
        "incomeBeforeTax": -166000000,
        "incomeBeforeTaxRatio": -0.0367907801,
        "incomeTaxExpense": 0,
        "netIncome": -166000000,
        "netIncomeRatio": -0.0367907801,
        "eps": -2.76,
        "epsdiluted": -2.76,
        "weightedAverageShsOut": 60195146,
        "weightedAverageShsOutDil": 60195146,
        "link": "https://www.sec.gov/Archives/edgar/data/6201/000000620104000019/0000006201-04-000019-index.htm",
        "finalLink": "https://www.sec.gov/Archives/edgar/data/6201/000000620104000019/ar1q04c.txt"
    },
    {
        "date": "2003-12-31",
        "symbol": "AAL",
        "reportedCurrency": "USD",
        "cik": "0000006201",
        "fillingDate": "2004-02-27",
        "acceptedDate": "2004-02-27 16:42:37",
        "calendarYear": "2003",
        "period": "Q4",
        "revenue": 4391000000,
        "costOfRevenue": 2504000000,
        "grossProfit": 1887000000,
        "grossProfitRatio": 0.4297426554,
        "researchAndDevelopmentExpenses": 0,
        "generalAndAdministrativeExpenses": 2308000000,
        "sellingAndMarketingExpenses": -267000000,
        "sellingGeneralAndAdministrativeExpenses": 2041000000,
        "otherExpenses": 2659000000,
        "operatingExpenses": 4725000000,
        "costAndExpenses": 7229000000,
        "interestIncome": 0,
        "interestExpense": 0,
        "depreciationAndAmortization": 2404000000,
        "ebitda": -434000000,
        "ebitdaratio": -0.0988385334,
        "operatingIncome": -227000000,
        "operatingIncomeRatio": -0.0516966522,
        "totalOtherIncomeExpensesNet": 36000000,
        "incomeBeforeTax": -191000000,
        "incomeBeforeTaxRatio": -0.0434980642,
        "incomeTaxExpense": -80000000,
        "netIncome": -111000000,
        "netIncomeRatio": -0.0252789797,
        "eps": -1.86,
        "epsdiluted": -1.86,
        "weightedAverageShsOut": 59642200,
        "weightedAverageShsOutDil": 59642200,
        "link": "https://www.sec.gov/Archives/edgar/data/6201/000095013404002668/0000950134-04-002668-index.htm",
        "finalLink": "https://www.sec.gov/Archives/edgar/data/6201/000095013404002668/d12953e10vk.htm"
    },
    {
        "date": "2003-09-30",
        "symbol": "AAL",
        "reportedCurrency": "USD",
        "cik": "0000006201",
        "fillingDate": "2003-10-24",
        "acceptedDate": "2003-10-24 16:40:33",
        "calendarYear": "2003",
        "period": "Q3",
        "revenue": 4605000000,
        "costOfRevenue": 2612000000,
        "grossProfit": 1993000000,
        "grossProfitRatio": 0.4327904452,
        "researchAndDevelopmentExpenses": 0,
        "generalAndAdministrativeExpenses": 2441000000,
        "sellingAndMarketingExpenses": -281000000,
        "sellingGeneralAndAdministrativeExpenses": 2160000000,
        "otherExpenses": 2771000000,
        "operatingExpenses": 4931000000,
        "costAndExpenses": 7543000000,
        "interestIncome": 0,
        "interestExpense": 0,
        "depreciationAndAmortization": 2594000000,
        "ebitda": -344000000,
        "ebitdaratio": -0.0747014115,
        "operatingIncome": -2938000000,
        "operatingIncomeRatio": -0.6380021716,
        "totalOtherIncomeExpensesNet": 2939000000,
        "incomeBeforeTax": 1000000,
        "incomeBeforeTaxRatio": 0.0002171553,
        "incomeTaxExpense": 0,
        "netIncome": 1000000,
        "netIncomeRatio": 0.0002171553,
        "eps": 0.017,
        "epsdiluted": 0.017,
        "weightedAverageShsOut": 58730380,
        "weightedAverageShsOutDil": 58730380,
        "link": "https://www.sec.gov/Archives/edgar/data/6201/000000620103000058/0000006201-03-000058-index.htm",
        "finalLink": "https://www.sec.gov/Archives/edgar/data/6201/000000620103000058/ar3q03e.txt"
    },
    {
        "date": "2003-06-30",
        "symbol": "AAL",
        "reportedCurrency": "USD",
        "cik": "0000006201",
        "fillingDate": "2003-07-18",
        "acceptedDate": "2003-07-18 16:36:23",
        "calendarYear": "2003",
        "period": "Q2",
        "revenue": 4324000000,
        "costOfRevenue": 2521000000,
        "grossProfit": 1803000000,
        "grossProfitRatio": 0.4169750231,
        "researchAndDevelopmentExpenses": 0,
        "generalAndAdministrativeExpenses": 2604000000,
        "sellingAndMarketingExpenses": -260000000,
        "sellingGeneralAndAdministrativeExpenses": 2344000000,
        "otherExpenses": 2650000000,
        "operatingExpenses": 4994000000,
        "costAndExpenses": 7515000000,
        "interestIncome": 0,
        "interestExpense": 0,
        "depreciationAndAmortization": 2772000000,
        "ebitda": -419000000,
        "ebitdaratio": -0.0969010176,
        "operatingIncome": -3191000000,
        "operatingIncomeRatio": -0.7379740981,
        "totalOtherIncomeExpensesNet": 3116000000,
        "incomeBeforeTax": -75000000,
        "incomeBeforeTaxRatio": -0.0173450509,
        "incomeTaxExpense": 0,
        "netIncome": -75000000,
        "netIncomeRatio": -0.0173450509,
        "eps": -1.26,
        "epsdiluted": -1.26,
        "weightedAverageShsOut": 59601064,
        "weightedAverageShsOutDil": 59601064,
        "link": "https://www.sec.gov/Archives/edgar/data/6201/000000620103000045/0000006201-03-000045-index.htm",
        "finalLink": "https://www.sec.gov/Archives/edgar/data/6201/000000620103000045/ar2q03f.txt"
    },
    {
        "date": "2003-03-31",
        "symbol": "AAL",
        "reportedCurrency": "USD",
        "cik": "0000006201",
        "fillingDate": "2003-05-15",
        "acceptedDate": "2003-05-15 13:18:25",
        "calendarYear": "2003",
        "period": "Q1",
        "revenue": 4120000000,
        "costOfRevenue": 2754000000,
        "grossProfit": 1366000000,
        "grossProfitRatio": 0.3315533981,
        "researchAndDevelopmentExpenses": 0,
        "generalAndAdministrativeExpenses": 2859000000,
        "sellingAndMarketingExpenses": -255000000,
        "sellingGeneralAndAdministrativeExpenses": 2604000000,
        "otherExpenses": 2866000000,
        "operatingExpenses": 5470000000,
        "costAndExpenses": 8224000000,
        "interestIncome": 0,
        "interestExpense": 0,
        "depreciationAndAmortization": 2723000000,
        "ebitda": -531000000,
        "ebitdaratio": -0.1288834951,
        "operatingIncome": -4104000000,
        "operatingIncomeRatio": -0.9961165049,
        "totalOtherIncomeExpensesNet": 3061000000,
        "incomeBeforeTax": -1043000000,
        "incomeBeforeTaxRatio": -0.2531553398,
        "incomeTaxExpense": 0,
        "netIncome": -1043000000,
        "netIncomeRatio": -0.2531553398,
        "eps": -17.88,
        "epsdiluted": -17.88,
        "weightedAverageShsOut": 58317440,
        "weightedAverageShsOutDil": 58317440,
        "link": "https://www.sec.gov/Archives/edgar/data/6201/000000620103000030/0000006201-03-000030-index.htm",
        "finalLink": "https://www.sec.gov/Archives/edgar/data/6201/000000620103000030/ar1q03g.txt"
    },
    {
        "date": "2002-12-31",
        "symbol": "AAL",
        "reportedCurrency": "USD",
        "cik": "0000006201",
        "fillingDate": "2003-04-15",
        "acceptedDate": "2003-04-14 21:57:41",
        "calendarYear": "2002",
        "period": "Q4",
        "revenue": 4190000000,
        "costOfRevenue": 2235000000,
        "grossProfit": 1955000000,
        "grossProfitRatio": 0.4665871122,
        "researchAndDevelopmentExpenses": 0,
        "generalAndAdministrativeExpenses": 2824000000,
        "sellingAndMarketingExpenses": -702000000,
        "sellingGeneralAndAdministrativeExpenses": 2122000000,
        "otherExpenses": 3225000000,
        "operatingExpenses": 5347000000,
        "costAndExpenses": 7582000000,
        "interestIncome": 71000000,
        "interestExpense": 0,
        "depreciationAndAmortization": 2385000000,
        "ebitda": -1007000000,
        "ebitdaratio": -0.2403341289,
        "operatingIncome": -679000000,
        "operatingIncomeRatio": -0.162052506,
        "totalOtherIncomeExpensesNet": -149000000,
        "incomeBeforeTax": -828000000,
        "incomeBeforeTaxRatio": -0.1976133652,
        "incomeTaxExpense": -299000000,
        "netIncome": -529000000,
        "netIncomeRatio": -0.1262529833,
        "eps": -9.09,
        "epsdiluted": -9.07,
        "weightedAverageShsOut": 58186086,
        "weightedAverageShsOutDil": 58299615,
        "link": "https://www.sec.gov/Archives/edgar/data/6201/000104746903013301/0001047469-03-013301-index.htm",
        "finalLink": "https://www.sec.gov/Archives/edgar/data/6201/000104746903013301/a2108197z10-k.htm"
    },
    {
        "date": "2002-09-30",
        "symbol": "AAL",
        "reportedCurrency": "USD",
        "cik": "0000006201",
        "fillingDate": "2002-10-18",
        "acceptedDate": "2002-10-18 17:00:23",
        "calendarYear": "2002",
        "period": "Q3",
        "revenue": 4494000000,
        "costOfRevenue": 3062000000,
        "grossProfit": 1432000000,
        "grossProfitRatio": 0.318647085,
        "researchAndDevelopmentExpenses": 0,
        "generalAndAdministrativeExpenses": 2858000000,
        "sellingAndMarketingExpenses": -107000000,
        "sellingGeneralAndAdministrativeExpenses": 2751000000,
        "otherExpenses": 2879000000,
        "operatingExpenses": 5630000000,
        "costAndExpenses": 8692000000,
        "interestIncome": 0,
        "interestExpense": 0,
        "depreciationAndAmortization": -340000000,
        "ebitda": -3175000000,
        "ebitdaratio": -0.7064975523,
        "operatingIncome": -1321000000,
        "operatingIncomeRatio": -0.2939474855,
        "totalOtherIncomeExpensesNet": -128000000,
        "incomeBeforeTax": -1449000000,
        "incomeBeforeTaxRatio": -0.3224299065,
        "incomeTaxExpense": -525000000,
        "netIncome": -924000000,
        "netIncomeRatio": -0.2056074766,
        "eps": -15.88,
        "epsdiluted": -15.88,
        "weightedAverageShsOut": 58197976,
        "weightedAverageShsOutDil": 58197976,
        "link": "https://www.sec.gov/Archives/edgar/data/6201/000000620102000052/0000006201-02-000052-index.htm",
        "finalLink": "https://www.sec.gov/Archives/edgar/data/6201/000000620102000052/ar3q02l.txt"
    },
    {
        "date": "2002-06-30",
        "symbol": "AAL",
        "reportedCurrency": "USD",
        "cik": "0000006201",
        "fillingDate": "2002-07-19",
        "acceptedDate": "2002-07-19 17:02:17",
        "calendarYear": "2002",
        "period": "Q2",
        "revenue": 4479000000,
        "costOfRevenue": 2981000000,
        "grossProfit": 1498000000,
        "grossProfitRatio": 0.3344496539,
        "researchAndDevelopmentExpenses": 0,
        "generalAndAdministrativeExpenses": 2956000000,
        "sellingAndMarketingExpenses": -155000000,
        "sellingGeneralAndAdministrativeExpenses": 2801000000,
        "otherExpenses": 2799000000,
        "operatingExpenses": 5600000000,
        "costAndExpenses": 8581000000,
        "interestIncome": 0,
        "interestExpense": 0,
        "depreciationAndAmortization": 3044000000,
        "ebitda": -1058000000,
        "ebitdaratio": -0.2362134405,
        "operatingIncome": -4102000000,
        "operatingIncomeRatio": -0.9158294262,
        "totalOtherIncomeExpensesNet": 3382000000,
        "incomeBeforeTax": -720000000,
        "incomeBeforeTaxRatio": -0.1607501674,
        "incomeTaxExpense": -225000000,
        "netIncome": -495000000,
        "netIncomeRatio": -0.1105157401,
        "eps": -8.55,
        "epsdiluted": -8.55,
        "weightedAverageShsOut": 57892500,
        "weightedAverageShsOutDil": 57892500,
        "link": "https://www.sec.gov/Archives/edgar/data/6201/000000620102000035/0000006201-02-000035-index.htm",
        "finalLink": "https://www.sec.gov/Archives/edgar/data/6201/000000620102000035/ar2q02f.txt"
    },
    {
        "date": "2002-03-31",
        "symbol": "AAL",
        "reportedCurrency": "USD",
        "cik": "0000006201",
        "fillingDate": "2002-04-18",
        "acceptedDate": "2002-04-18 00:00:00",
        "calendarYear": "2002",
        "period": "Q1",
        "revenue": 4136000000,
        "costOfRevenue": 2798000000,
        "grossProfit": 1338000000,
        "grossProfitRatio": 0.3235009671,
        "researchAndDevelopmentExpenses": 0,
        "generalAndAdministrativeExpenses": 2917000000,
        "sellingAndMarketingExpenses": -161000000,
        "sellingGeneralAndAdministrativeExpenses": 2756000000,
        "otherExpenses": 2624000000,
        "operatingExpenses": 5380000000,
        "costAndExpenses": 8178000000,
        "interestIncome": 0,
        "interestExpense": 0,
        "depreciationAndAmortization": 2838000000,
        "ebitda": -1204000000,
        "ebitdaratio": -0.2911025145,
        "operatingIncome": -4042000000,
        "operatingIncomeRatio": -0.9772727273,
        "totalOtherIncomeExpensesNet": 3179000000,
        "incomeBeforeTax": -863000000,
        "incomeBeforeTaxRatio": -0.208655706,
        "incomeTaxExpense": -288000000,
        "netIncome": -575000000,
        "netIncomeRatio": -0.1390232108,
        "eps": -9.93,
        "epsdiluted": -9.93,
        "weightedAverageShsOut": 57892500,
        "weightedAverageShsOutDil": 57892500,
        "link": "https://www.sec.gov/Archives/edgar/data/6201/000000620102000015/0000006201-02-000015-index.htm",
        "finalLink": "https://www.sec.gov/Archives/edgar/data/6201/000000620102000015/ar1q02d.txt"
    },
    {
        "date": "2001-12-31",
        "symbol": "AAL",
        "reportedCurrency": "USD",
        "cik": "0000006201",
        "fillingDate": "2002-02-28",
        "acceptedDate": "2002-02-28 00:00:00",
        "calendarYear": "2001",
        "period": "Q4",
        "revenue": 3804000000,
        "costOfRevenue": 2830000000,
        "grossProfit": 974000000,
        "grossProfitRatio": 0.2560462671,
        "researchAndDevelopmentExpenses": 0,
        "generalAndAdministrativeExpenses": 2837000000,
        "sellingAndMarketingExpenses": -144000000,
        "sellingGeneralAndAdministrativeExpenses": 2693000000,
        "otherExpenses": -571000000,
        "operatingExpenses": 5372000000,
        "costAndExpenses": 8202000000,
        "interestIncome": 0,
        "interestExpense": 0,
        "depreciationAndAmortization": 2437000000,
        "ebitda": -1961000000,
        "ebitdaratio": -0.5155099895,
        "operatingIncome": -1148000000,
        "operatingIncomeRatio": -0.301787592,
        "totalOtherIncomeExpensesNet": -122000000,
        "incomeBeforeTax": -1270000000,
        "incomeBeforeTaxRatio": -0.3338590957,
        "incomeTaxExpense": -472000000,
        "netIncome": -798000000,
        "netIncomeRatio": -0.2097791798,
        "eps": -13.82,
        "epsdiluted": -13.79,
        "weightedAverageShsOut": 57751661,
        "weightedAverageShsOutDil": 57887466,
        "link": "https://www.sec.gov/Archives/edgar/data/6201/000095013402001661/0000950134-02-001661-index.htm",
        "finalLink": "https://www.sec.gov/Archives/edgar/data/6201/000095013402001661/d94486e10-k405.txt"
    },
    {
        "date": "2001-09-30",
        "symbol": "AAL",
        "reportedCurrency": "USD",
        "cik": "0000006201",
        "fillingDate": "2001-10-25",
        "acceptedDate": "2001-10-25 00:00:00",
        "calendarYear": "2001",
        "period": "Q3",
        "revenue": 4816000000,
        "costOfRevenue": 3396000000,
        "grossProfit": 1420000000,
        "grossProfitRatio": 0.2948504983,
        "researchAndDevelopmentExpenses": 0,
        "generalAndAdministrativeExpenses": 3100000000,
        "sellingAndMarketingExpenses": -207000000,
        "sellingGeneralAndAdministrativeExpenses": 2893000000,
        "otherExpenses": 3211000000,
        "operatingExpenses": 6104000000,
        "costAndExpenses": 9500000000,
        "interestIncome": 0,
        "interestExpense": 0,
        "depreciationAndAmortization": 3680000000,
        "ebitda": -1004000000,
        "ebitdaratio": -0.2084717608,
        "operatingIncome": -4684000000,
        "operatingIncomeRatio": -0.9725913621,
        "totalOtherIncomeExpensesNet": 4048000000,
        "incomeBeforeTax": -636000000,
        "incomeBeforeTaxRatio": -0.1320598007,
        "incomeTaxExpense": -222000000,
        "netIncome": -414000000,
        "netIncomeRatio": -0.0859634551,
        "eps": -7.2,
        "epsdiluted": -7.2,
        "weightedAverageShsOut": 57519000,
        "weightedAverageShsOutDil": 57519000,
        "link": "https://www.sec.gov/Archives/edgar/data/6201/000000620101500047/0000006201-01-500047-index.htm",
        "finalLink": "https://www.sec.gov/Archives/edgar/data/6201/000000620101500047/ar3q01d.txt"
    },
    {
        "date": "2001-06-30",
        "symbol": "AAL",
        "reportedCurrency": "USD",
        "cik": "0000006201",
        "fillingDate": "2001-08-13",
        "acceptedDate": "2001-08-13 00:00:00",
        "calendarYear": "2001",
        "period": "Q2",
        "revenue": 5583000000,
        "costOfRevenue": 3466000000,
        "grossProfit": 2117000000,
        "grossProfitRatio": 0.3791868171,
        "researchAndDevelopmentExpenses": 0,
        "generalAndAdministrativeExpenses": 3192000000,
        "sellingAndMarketingExpenses": -260000000,
        "sellingGeneralAndAdministrativeExpenses": 2932000000,
        "otherExpenses": -55000000,
        "operatingExpenses": 6204000000,
        "costAndExpenses": 9670000000,
        "interestIncome": 0,
        "interestExpense": 0,
        "depreciationAndAmortization": -352000000,
        "ebitda": -3125000000,
        "ebitdaratio": -0.5597349095,
        "operatingIncome": -760000000,
        "operatingIncomeRatio": -0.13612753,
        "totalOtherIncomeExpensesNet": -33000000,
        "incomeBeforeTax": -793000000,
        "incomeBeforeTaxRatio": -0.1420383306,
        "incomeTaxExpense": -286000000,
        "netIncome": -507000000,
        "netIncomeRatio": -0.0908113917,
        "eps": -8.81,
        "epsdiluted": -8.81,
        "weightedAverageShsOut": 57519000,
        "weightedAverageShsOutDil": 57519000,
        "link": "https://www.sec.gov/Archives/edgar/data/6201/000000620101500032/0000006201-01-500032-index.htm",
        "finalLink": "https://www.sec.gov/Archives/edgar/data/6201/000000620101500032/ar2q01j.txt"
    },
    {
        "date": "2001-03-31",
        "symbol": "AAL",
        "reportedCurrency": "USD",
        "cik": "0000006201",
        "fillingDate": "2001-04-24",
        "acceptedDate": "2001-04-24 00:00:00",
        "calendarYear": "2001",
        "period": "Q1",
        "revenue": 4760000000,
        "costOfRevenue": 2865000000,
        "grossProfit": 1895000000,
        "grossProfitRatio": 0.3981092437,
        "researchAndDevelopmentExpenses": 0,
        "generalAndAdministrativeExpenses": 2599000000,
        "sellingAndMarketingExpenses": -224000000,
        "sellingGeneralAndAdministrativeExpenses": 2375000000,
        "otherExpenses": -518000000,
        "operatingExpenses": 5127000000,
        "costAndExpenses": 7992000000,
        "interestIncome": 0,
        "interestExpense": 0,
        "depreciationAndAmortization": -313000000,
        "ebitda": -1590000000,
        "ebitdaratio": -0.3340336134,
        "operatingIncome": 17000000,
        "operatingIncomeRatio": 0.0035714286,
        "totalOtherIncomeExpensesNet": -74000000,
        "incomeBeforeTax": -57000000,
        "incomeBeforeTaxRatio": -0.0119747899,
        "incomeTaxExpense": -14000000,
        "netIncome": -43000000,
        "netIncomeRatio": -0.0090336134,
        "eps": -0.75,
        "epsdiluted": -0.75,
        "weightedAverageShsOut": 57519000,
        "weightedAverageShsOutDil": 57519000,
        "link": "https://www.sec.gov/Archives/edgar/data/6201/000095013401500665/0000950134-01-500665-index.htm",
        "finalLink": "https://www.sec.gov/Archives/edgar/data/6201/000095013401500665/d86403e10-q.txt"
    },
    {
        "date": "2000-12-31",
        "symbol": "AAL",
        "reportedCurrency": "USD",
        "cik": "0000006201",
        "fillingDate": "2001-03-22",
        "acceptedDate": "2001-03-22 00:00:00",
        "calendarYear": "2000",
        "period": "Q4",
        "revenue": 4859000000,
        "costOfRevenue": 2862000000,
        "grossProfit": 1997000000,
        "grossProfitRatio": 0.4109899156,
        "researchAndDevelopmentExpenses": 0,
        "generalAndAdministrativeExpenses": 2661000000,
        "sellingAndMarketingExpenses": -241000000,
        "sellingGeneralAndAdministrativeExpenses": 2420000000,
        "otherExpenses": 2767000000,
        "operatingExpenses": 5187000000,
        "costAndExpenses": 8049000000,
        "interestIncome": 0,
        "interestExpense": 0,
        "depreciationAndAmortization": 2091000000,
        "ebitda": -1099000000,
        "ebitdaratio": -0.226178226,
        "operatingIncome": 80000000,
        "operatingIncomeRatio": 0.0164642931,
        "totalOtherIncomeExpensesNet": 3000000,
        "incomeBeforeTax": 83000000,
        "incomeBeforeTaxRatio": 0.0170817041,
        "incomeTaxExpense": 36000000,
        "netIncome": 47000000,
        "netIncomeRatio": 0.0096727722,
        "eps": 0.82,
        "epsdiluted": 0.82,
        "weightedAverageShsOut": 56732793,
        "weightedAverageShsOutDil": 57519000,
        "link": "https://www.sec.gov/Archives/edgar/data/6201/000095013401002483/0000950134-01-002483-index.htm",
        "finalLink": "https://www.sec.gov/Archives/edgar/data/6201/000095013401002483/d84957e10-k405.txt"
    },
    {
        "date": "2000-09-30",
        "symbol": "AAL",
        "reportedCurrency": "USD",
        "cik": "0000006201",
        "fillingDate": "2000-10-26",
        "acceptedDate": "2000-10-26 00:00:00",
        "calendarYear": "2000",
        "period": "Q3",
        "revenue": 5256000000,
        "costOfRevenue": 2791000000,
        "grossProfit": 2465000000,
        "grossProfitRatio": 0.4689878234,
        "researchAndDevelopmentExpenses": 0,
        "generalAndAdministrativeExpenses": 2654000000,
        "sellingAndMarketingExpenses": -266000000,
        "sellingGeneralAndAdministrativeExpenses": 2388000000,
        "otherExpenses": 2697000000,
        "operatingExpenses": 5085000000,
        "costAndExpenses": 7876000000,
        "interestIncome": 0,
        "interestExpense": 0,
        "depreciationAndAmortization": -307000000,
        "ebitda": -986000000,
        "ebitdaratio": -0.1875951294,
        "operatingIncome": 572000000,
        "operatingIncomeRatio": 0.1088280061,
        "totalOtherIncomeExpensesNet": -47000000,
        "incomeBeforeTax": 525000000,
        "incomeBeforeTaxRatio": 0.0998858447,
        "incomeTaxExpense": 203000000,
        "netIncome": 313000000,
        "netIncomeRatio": 0.0595509893,
        "eps": 5.59,
        "epsdiluted": 5.11,
        "weightedAverageShsOut": 56025000,
        "weightedAverageShsOutDil": 61254000,
        "link": "https://www.sec.gov/Archives/edgar/data/6201/000000620100000017/0000006201-00-000017-index.htm",
        "finalLink": "https://www.sec.gov/Archives/edgar/data/6201/000000620100000017/0000006201-00-000017-0001.txt"
    },
    {
        "date": "2000-06-30",
        "symbol": "AAL",
        "reportedCurrency": "USD",
        "cik": "0000006201",
        "fillingDate": "2000-07-28",
        "acceptedDate": "2000-07-28 00:00:00",
        "calendarYear": "2000",
        "period": "Q2",
        "revenue": 5011000000,
        "costOfRevenue": 2660000000,
        "grossProfit": 2351000000,
        "grossProfitRatio": 0.4691678308,
        "researchAndDevelopmentExpenses": 0,
        "generalAndAdministrativeExpenses": 2627000000,
        "sellingAndMarketingExpenses": -273000000,
        "sellingGeneralAndAdministrativeExpenses": 2354000000,
        "otherExpenses": 2547000000,
        "operatingExpenses": 4901000000,
        "costAndExpenses": 7561000000,
        "interestIncome": 0,
        "interestExpense": 0,
        "depreciationAndAmortization": -289000000,
        "ebitda": 228000000,
        "ebitdaratio": 0.0454999002,
        "operatingIncome": 517000000,
        "operatingIncomeRatio": 0.1031730194,
        "totalOtherIncomeExpensesNet": 162000000,
        "incomeBeforeTax": 679000000,
        "incomeBeforeTaxRatio": 0.1355018958,
        "incomeTaxExpense": 201000000,
        "netIncome": 321000000,
        "netIncomeRatio": 0.06405907,
        "eps": 5.73,
        "epsdiluted": 5.24,
        "weightedAverageShsOut": 56025000,
        "weightedAverageShsOutDil": 61254000,
        "link": "https://www.sec.gov/Archives/edgar/data/6201/000095013400006067/0000950134-00-006067-index.htm",
        "finalLink": "https://www.sec.gov/Archives/edgar/data/6201/000095013400006067/e10-q.txt"
    },
    {
        "date": "2000-03-31",
        "symbol": "AAL",
        "reportedCurrency": "USD",
        "cik": "0000006201",
        "fillingDate": "2000-05-11",
        "acceptedDate": "2000-05-11 00:00:00",
        "calendarYear": "2000",
        "period": "Q1",
        "revenue": 4577000000,
        "costOfRevenue": 2593000000,
        "grossProfit": 1984000000,
        "grossProfitRatio": 0.4334717064,
        "researchAndDevelopmentExpenses": 0,
        "generalAndAdministrativeExpenses": 2521000000,
        "sellingAndMarketingExpenses": -257000000,
        "sellingGeneralAndAdministrativeExpenses": 2264000000,
        "otherExpenses": 2491000000,
        "operatingExpenses": 4755000000,
        "costAndExpenses": 7348000000,
        "interestIncome": 0,
        "interestExpense": 0,
        "depreciationAndAmortization": -300000000,
        "ebitda": -88000000,
        "ebitdaratio": -0.0192265676,
        "operatingIncome": 212000000,
        "operatingIncomeRatio": 0.0463185493,
        "totalOtherIncomeExpensesNet": -55000000,
        "incomeBeforeTax": 157000000,
        "incomeBeforeTaxRatio": 0.0343019445,
        "incomeTaxExpense": 68000000,
        "netIncome": 132000000,
        "netIncomeRatio": 0.0288398514,
        "eps": 2.37,
        "epsdiluted": 2.29,
        "weightedAverageShsOut": 55651500,
        "weightedAverageShsOutDil": 57519000,
        "link": "https://www.sec.gov/Archives/edgar/data/6201/000000620100000009/0000006201-00-000009-index.html",
        "finalLink": "https://www.sec.gov/Archives/edgar/data/6201/000000620100000009/"
    },
    {
        "date": "1999-12-31",
        "symbol": "AAL",
        "reportedCurrency": "USD",
        "cik": "0000006201",
        "fillingDate": "2000-03-27",
        "acceptedDate": "2000-03-27 00:00:00",
        "calendarYear": "1999",
        "period": "Q4",
        "revenue": 3086000000,
        "costOfRevenue": 2154000000,
        "grossProfit": 932000000,
        "grossProfitRatio": 0.3020090732,
        "researchAndDevelopmentExpenses": 0,
        "generalAndAdministrativeExpenses": 1815000000,
        "sellingAndMarketingExpenses": -262000000,
        "sellingGeneralAndAdministrativeExpenses": 1553000000,
        "otherExpenses": 5126000000,
        "operatingExpenses": 6679000000,
        "costAndExpenses": 8833000000,
        "interestIncome": 0,
        "interestExpense": 0,
        "depreciationAndAmortization": 2076000000,
        "ebitda": -3671000000,
        "ebitdaratio": -1.1895657809,
        "operatingIncome": 179000000,
        "operatingIncomeRatio": 0.0580038885,
        "totalOtherIncomeExpensesNet": 5661000000,
        "incomeBeforeTax": -86000000,
        "incomeBeforeTaxRatio": -0.02786779,
        "incomeTaxExpense": -101000000,
        "netIncome": 280000000,
        "netIncomeRatio": 0.0907323396,
        "eps": 5.03,
        "epsdiluted": 4.87,
        "weightedAverageShsOut": 55651500,
        "weightedAverageShsOutDil": 57519000,
        "link": "https://www.sec.gov/Archives/edgar/data/6201/000095013400002454/0000950134-00-002454-index.html",
        "finalLink": "https://www.sec.gov/Archives/edgar/data/6201/000095013400002454/"
    },
    {
        "date": "1999-09-30",
        "symbol": "AAL",
        "reportedCurrency": "USD",
        "cik": "0000006201",
        "fillingDate": "1999-11-05",
        "acceptedDate": "1999-11-05 00:00:00",
        "calendarYear": "1999",
        "period": "Q3",
        "revenue": 5150000000,
        "costOfRevenue": 2660000000,
        "grossProfit": 2490000000,
        "grossProfitRatio": 0.4834951456,
        "researchAndDevelopmentExpenses": 0,
        "generalAndAdministrativeExpenses": 2784000000,
        "sellingAndMarketingExpenses": -314000000,
        "sellingGeneralAndAdministrativeExpenses": 2470000000,
        "otherExpenses": 1414000000,
        "operatingExpenses": 3884000000,
        "costAndExpenses": 6544000000,
        "interestIncome": 0,
        "interestExpense": 0,
        "depreciationAndAmortization": -317000000,
        "ebitda": -1134000000,
        "ebitdaratio": -0.2201941748,
        "operatingIncome": 471000000,
        "operatingIncomeRatio": 0.0914563107,
        "totalOtherIncomeExpensesNet": 1767000000,
        "incomeBeforeTax": 471000000,
        "incomeBeforeTaxRatio": 0.0914563107,
        "incomeTaxExpense": 192000000,
        "netIncome": 279000000,
        "netIncomeRatio": 0.0541747573,
        "eps": 4.98,
        "epsdiluted": 4.82,
        "weightedAverageShsOut": 56025000,
        "weightedAverageShsOutDil": 57892500,
        "link": "https://www.sec.gov/Archives/edgar/data/6201/000000620199000028/0000006201-99-000028-index.html",
        "finalLink": "https://www.sec.gov/Archives/edgar/data/6201/000000620199000028/"
    },
    {
        "date": "1999-06-30",
        "symbol": "AAL",
        "reportedCurrency": "USD",
        "cik": "0000006201",
        "fillingDate": "1999-08-16",
        "acceptedDate": "1999-08-16 00:00:00",
        "calendarYear": "1999",
        "period": "Q2",
        "revenue": 5011000000,
        "costOfRevenue": 2502000000,
        "grossProfit": 2509000000,
        "grossProfitRatio": 0.5006984634,
        "researchAndDevelopmentExpenses": 0,
        "generalAndAdministrativeExpenses": 2776000000,
        "sellingAndMarketingExpenses": -298000000,
        "sellingGeneralAndAdministrativeExpenses": 2478000000,
        "otherExpenses": 1386000000,
        "operatingExpenses": 3864000000,
        "costAndExpenses": 6366000000,
        "interestIncome": 0,
        "interestExpense": 0,
        "depreciationAndAmortization": -351000000,
        "ebitda": -1084000000,
        "ebitdaratio": -0.216324087,
        "operatingIncome": 448000000,
        "operatingIncomeRatio": 0.0894033127,
        "totalOtherIncomeExpensesNet": 1712000000,
        "incomeBeforeTax": 448000000,
        "incomeBeforeTaxRatio": 0.0894033127,
        "incomeTaxExpense": 180000000,
        "netIncome": 268000000,
        "netIncomeRatio": 0.0534823389,
        "eps": 4.69,
        "epsdiluted": 4.54,
        "weightedAverageShsOut": 57145500,
        "weightedAverageShsOutDil": 59013000,
        "link": "https://www.sec.gov/Archives/edgar/data/6201/000000620199000023/0000006201-99-000023-index.html",
        "finalLink": "https://www.sec.gov/Archives/edgar/data/6201/000000620199000023/"
    },
    {
        "date": "1999-03-31",
        "symbol": "AAL",
        "reportedCurrency": "USD",
        "cik": "0000006201",
        "fillingDate": "1999-05-14",
        "acceptedDate": "1999-05-14 00:00:00",
        "calendarYear": "1999",
        "period": "Q1",
        "revenue": 4483000000,
        "costOfRevenue": 2456000000,
        "grossProfit": 2027000000,
        "grossProfitRatio": 0.4521525764,
        "researchAndDevelopmentExpenses": 0,
        "generalAndAdministrativeExpenses": 2641000000,
        "sellingAndMarketingExpenses": -288000000,
        "sellingGeneralAndAdministrativeExpenses": 2353000000,
        "otherExpenses": 1366000000,
        "operatingExpenses": 3719000000,
        "costAndExpenses": 6175000000,
        "interestIncome": 0,
        "interestExpense": 0,
        "depreciationAndAmortization": -316000000,
        "ebitda": -1437000000,
        "ebitdaratio": -0.3205442784,
        "operatingIncome": 237000000,
        "operatingIncomeRatio": 0.0528663841,
        "totalOtherIncomeExpensesNet": 1863000000,
        "incomeBeforeTax": 173000000,
        "incomeBeforeTaxRatio": 0.0385902298,
        "incomeTaxExpense": 79000000,
        "netIncome": 158000000,
        "netIncomeRatio": 0.0352442561,
        "eps": 2.66,
        "epsdiluted": 2.58,
        "weightedAverageShsOut": 59386500,
        "weightedAverageShsOutDil": 61254000,
        "link": "https://www.sec.gov/Archives/edgar/data/6201/000000620199000019/0000006201-99-000019-index.html",
        "finalLink": "https://www.sec.gov/Archives/edgar/data/6201/"
    },
    {
        "date": "1998-12-31",
        "symbol": "AAL",
        "reportedCurrency": "USD",
        "cik": "0000006201",
        "fillingDate": "1999-03-19",
        "acceptedDate": "1999-03-19 00:00:00",
        "calendarYear": "1998",
        "period": "Q4",
        "revenue": 4601000000,
        "costOfRevenue": 2314000000,
        "grossProfit": 2287000000,
        "grossProfitRatio": 0.4970658552,
        "researchAndDevelopmentExpenses": 0,
        "generalAndAdministrativeExpenses": 2624000000,
        "sellingAndMarketingExpenses": -292000000,
        "sellingGeneralAndAdministrativeExpenses": 2332000000,
        "otherExpenses": 5302000000,
        "operatingExpenses": 7634000000,
        "costAndExpenses": 9948000000,
        "interestIncome": 0,
        "interestExpense": 0,
        "depreciationAndAmortization": 2253000000,
        "ebitda": -3094000000,
        "ebitdaratio": -0.6724625082,
        "operatingIncome": 306000000,
        "operatingIncomeRatio": 0.066507281,
        "totalOtherIncomeExpensesNet": 5653000000,
        "incomeBeforeTax": 306000000,
        "incomeBeforeTaxRatio": 0.066507281,
        "incomeTaxExpense": 124000000,
        "netIncome": 182000000,
        "netIncomeRatio": 0.0395566181,
        "eps": 3.06,
        "epsdiluted": 2.97,
        "weightedAverageShsOut": 59386500,
        "weightedAverageShsOutDil": 61254000,
        "link": "https://www.sec.gov/Archives/edgar/data/6201/000095013499001798/0000950134-99-001798-index.html",
        "finalLink": "https://www.sec.gov/Archives/edgar/data/6201/"
    },
    {
        "date": "1998-09-30",
        "symbol": "AAL",
        "reportedCurrency": "USD",
        "cik": "0000006201",
        "fillingDate": "1998-11-16",
        "acceptedDate": "1998-11-16 00:00:00",
        "calendarYear": "1998",
        "period": "Q3",
        "revenue": 5046000000,
        "costOfRevenue": 2416000000,
        "grossProfit": 2630000000,
        "grossProfitRatio": 0.5212049148,
        "researchAndDevelopmentExpenses": 0,
        "generalAndAdministrativeExpenses": 2627000000,
        "sellingAndMarketingExpenses": -311000000,
        "sellingGeneralAndAdministrativeExpenses": 2316000000,
        "otherExpenses": 1347000000,
        "operatingExpenses": 3663000000,
        "costAndExpenses": 6079000000,
        "interestIncome": 0,
        "interestExpense": 0,
        "depreciationAndAmortization": -319000000,
        "ebitda": -721000000,
        "ebitdaratio": -0.1428854538,
        "operatingIncome": 710000000,
        "operatingIncomeRatio": 0.1407055093,
        "totalOtherIncomeExpensesNet": 1741000000,
        "incomeBeforeTax": 708000000,
        "incomeBeforeTaxRatio": 0.1403091558,
        "incomeTaxExpense": 277000000,
        "netIncome": 433000000,
        "netIncomeRatio": 0.085810543,
        "eps": 6.86,
        "epsdiluted": 6.66,
        "weightedAverageShsOut": 63121500,
        "weightedAverageShsOutDil": 64989000,
        "link": "https://www.sec.gov/Archives/edgar/data/6201/000000620198000020/0000006201-98-000020-index.html",
        "finalLink": "https://www.sec.gov/Archives/edgar/data/6201/"
    },
    {
        "date": "1998-06-30",
        "symbol": "AAL",
        "reportedCurrency": "USD",
        "cik": "0000006201",
        "fillingDate": "1998-08-14",
        "acceptedDate": "1998-08-14 00:00:00",
        "calendarYear": "1998",
        "period": "Q2",
        "revenue": 5012000000,
        "costOfRevenue": 2317000000,
        "grossProfit": 2695000000,
        "grossProfitRatio": 0.5377094972,
        "researchAndDevelopmentExpenses": 0,
        "generalAndAdministrativeExpenses": 2708000000,
        "sellingAndMarketingExpenses": -322000000,
        "sellingGeneralAndAdministrativeExpenses": 2386000000,
        "otherExpenses": 1269000000,
        "operatingExpenses": 3655000000,
        "costAndExpenses": 5972000000,
        "interestIncome": 0,
        "interestExpense": 0,
        "depreciationAndAmortization": -324000000,
        "ebitda": -632000000,
        "ebitdaratio": -0.1260973663,
        "operatingIncome": 676000000,
        "operatingIncomeRatio": 0.1348762969,
        "totalOtherIncomeExpensesNet": 1619000000,
        "incomeBeforeTax": 676000000,
        "incomeBeforeTaxRatio": 0.1348762969,
        "incomeTaxExpense": 267000000,
        "netIncome": 409000000,
        "netIncomeRatio": 0.08160415,
        "eps": 6.37,
        "epsdiluted": 6.15,
        "weightedAverageShsOut": 64242000,
        "weightedAverageShsOutDil": 66483000,
        "link": "https://www.sec.gov/Archives/edgar/data/6201/000000620198000013/0000006201-98-000013-index.html",
        "finalLink": "https://www.sec.gov/Archives/edgar/data/6201/"
    },
    {
        "date": "1998-03-31",
        "symbol": "AAL",
        "reportedCurrency": "USD",
        "cik": "0000006201",
        "fillingDate": "1998-05-15",
        "acceptedDate": "1998-05-15 00:00:00",
        "calendarYear": "1998",
        "period": "Q1",
        "revenue": 4737000000,
        "costOfRevenue": 2292000000,
        "grossProfit": 2445000000,
        "grossProfitRatio": 0.5161494617,
        "researchAndDevelopmentExpenses": 0,
        "generalAndAdministrativeExpenses": 2586000000,
        "sellingAndMarketingExpenses": -301000000,
        "sellingGeneralAndAdministrativeExpenses": 2285000000,
        "otherExpenses": 1248000000,
        "operatingExpenses": 3533000000,
        "costAndExpenses": 5825000000,
        "interestIncome": 0,
        "interestExpense": 0,
        "depreciationAndAmortization": -323000000,
        "ebitda": -752000000,
        "ebitdaratio": -0.1587502639,
        "operatingIncome": 485000000,
        "operatingIncomeRatio": 0.102385476,
        "totalOtherIncomeExpensesNet": 1547000000,
        "incomeBeforeTax": 485000000,
        "incomeBeforeTaxRatio": 0.102385476,
        "incomeTaxExpense": 195000000,
        "netIncome": 290000000,
        "netIncomeRatio": 0.0612201815,
        "eps": 4.49,
        "epsdiluted": 4.34,
        "weightedAverageShsOut": 64615500,
        "weightedAverageShsOutDil": 66856500,
        "link": "https://www.sec.gov/Archives/edgar/data/6201/000000620198000003/0000006201-98-000003-index.html",
        "finalLink": "https://www.sec.gov/Archives/edgar/data/6201/"
    },
    {
        "date": "1997-12-31",
        "symbol": "AAL",
        "reportedCurrency": "USD",
        "cik": "0000006201",
        "fillingDate": "1998-03-27",
        "acceptedDate": "1998-03-27 00:00:00",
        "calendarYear": "1997",
        "period": "Q4",
        "revenue": 4636000000,
        "costOfRevenue": 2369000000,
        "grossProfit": 2267000000,
        "grossProfitRatio": 0.4889991372,
        "researchAndDevelopmentExpenses": 0,
        "generalAndAdministrativeExpenses": 2614000000,
        "sellingAndMarketingExpenses": -303000000,
        "sellingGeneralAndAdministrativeExpenses": 2311000000,
        "otherExpenses": 5514000000,
        "operatingExpenses": 7825000000,
        "costAndExpenses": 10194000000,
        "interestIncome": 0,
        "interestExpense": 0,
        "depreciationAndAmortization": 2177000000,
        "ebitda": -3381000000,
        "ebitdaratio": -0.7292924935,
        "operatingIncome": 343000000,
        "operatingIncomeRatio": 0.073986195,
        "totalOtherIncomeExpensesNet": 5901000000,
        "incomeBeforeTax": 343000000,
        "incomeBeforeTaxRatio": 0.073986195,
        "incomeTaxExpense": 135000000,
        "netIncome": 208000000,
        "netIncomeRatio": 0.044866264,
        "eps": 3.24,
        "epsdiluted": 3.13,
        "weightedAverageShsOut": 64242000,
        "weightedAverageShsOutDil": 66483000,
        "link": "https://www.sec.gov/Archives/edgar/data/6201/000095013498002532/0000950134-98-002532-index.html",
        "finalLink": "https://www.sec.gov/Archives/edgar/data/6201/"
    },
    {
        "date": "1997-09-30",
        "symbol": "AAL",
        "reportedCurrency": "USD",
        "cik": "0000006201",
        "fillingDate": "1997-11-14",
        "acceptedDate": "1997-11-14 00:00:00",
        "calendarYear": "1997",
        "period": "Q3",
        "revenue": 4798000000,
        "costOfRevenue": 2325000000,
        "grossProfit": 2473000000,
        "grossProfitRatio": 0.515423093,
        "researchAndDevelopmentExpenses": 0,
        "generalAndAdministrativeExpenses": 2626000000,
        "sellingAndMarketingExpenses": -332000000,
        "sellingGeneralAndAdministrativeExpenses": 2294000000,
        "otherExpenses": 1201000000,
        "operatingExpenses": 3495000000,
        "costAndExpenses": 5820000000,
        "interestIncome": 0,
        "interestExpense": 0,
        "depreciationAndAmortization": -311000000,
        "ebitda": -711000000,
        "ebitdaratio": -0.1481867445,
        "operatingIncome": 542000000,
        "operatingIncomeRatio": 0.1129637349,
        "totalOtherIncomeExpensesNet": 1551000000,
        "incomeBeforeTax": 542000000,
        "incomeBeforeTaxRatio": 0.1129637349,
        "incomeTaxExpense": 219000000,
        "netIncome": 323000000,
        "netIncomeRatio": 0.0673197165,
        "eps": 4.91,
        "epsdiluted": 4.78,
        "weightedAverageShsOut": 65736000,
        "weightedAverageShsOutDil": 67603500,
        "link": "https://www.sec.gov/Archives/edgar/data/6201/000000620197000019/0000006201-97-000019-index.html",
        "finalLink": "https://www.sec.gov/Archives/edgar/data/6201/"
    },
    {
        "date": "1997-06-30",
        "symbol": "AAL",
        "reportedCurrency": "USD",
        "cik": "0000006201",
        "fillingDate": "1997-08-13",
        "acceptedDate": "1997-08-13 00:00:00",
        "calendarYear": "1997",
        "period": "Q2",
        "revenue": 4710000000,
        "costOfRevenue": 2297000000,
        "grossProfit": 2413000000,
        "grossProfitRatio": 0.5123142251,
        "researchAndDevelopmentExpenses": 0,
        "generalAndAdministrativeExpenses": 2584000000,
        "sellingAndMarketingExpenses": -329000000,
        "sellingGeneralAndAdministrativeExpenses": 2255000000,
        "otherExpenses": 1177000000,
        "operatingExpenses": 3432000000,
        "costAndExpenses": 5729000000,
        "interestIncome": 0,
        "interestExpense": 0,
        "depreciationAndAmortization": -310000000,
        "ebitda": -707000000,
        "ebitdaratio": -0.1501061571,
        "operatingIncome": 504000000,
        "operatingIncomeRatio": 0.1070063694,
        "totalOtherIncomeExpensesNet": 1521000000,
        "incomeBeforeTax": 504000000,
        "incomeBeforeTaxRatio": 0.1070063694,
        "incomeTaxExpense": 202000000,
        "netIncome": 302000000,
        "netIncomeRatio": 0.064118896,
        "eps": 4.44,
        "epsdiluted": 4.37,
        "weightedAverageShsOut": 67977000,
        "weightedAverageShsOutDil": 69097500,
        "link": "https://www.sec.gov/Archives/edgar/data/6201/000000620197000017/0000006201-97-000017-index.html",
        "finalLink": "https://www.sec.gov/Archives/edgar/data/6201/"
    },
    {
        "date": "1997-03-31",
        "symbol": "AAL",
        "reportedCurrency": "USD",
        "cik": "0000006201",
        "fillingDate": "1997-05-12",
        "acceptedDate": "1997-05-12 00:00:00",
        "calendarYear": "1997",
        "period": "Q1",
        "revenue": 4426000000,
        "costOfRevenue": 2273000000,
        "grossProfit": 2153000000,
        "grossProfitRatio": 0.4864437415,
        "researchAndDevelopmentExpenses": 0,
        "generalAndAdministrativeExpenses": 2530000000,
        "sellingAndMarketingExpenses": -314000000,
        "sellingGeneralAndAdministrativeExpenses": 2216000000,
        "otherExpenses": 1146000000,
        "operatingExpenses": 3362000000,
        "costAndExpenses": 5635000000,
        "interestIncome": 0,
        "interestExpense": 0,
        "depreciationAndAmortization": -312000000,
        "ebitda": -897000000,
        "ebitdaratio": -0.2026660642,
        "operatingIncome": 257000000,
        "operatingIncomeRatio": 0.0580659738,
        "totalOtherIncomeExpensesNet": 1466000000,
        "incomeBeforeTax": 257000000,
        "incomeBeforeTaxRatio": 0.0580659738,
        "incomeTaxExpense": 105000000,
        "netIncome": 152000000,
        "netIncomeRatio": 0.0343425215,
        "eps": 2.21,
        "epsdiluted": 2.21,
        "weightedAverageShsOut": 68724000,
        "weightedAverageShsOutDil": 68724000,
        "link": "https://www.sec.gov/Archives/edgar/data/6201/000000620197000012/0000006201-97-000012-index.html",
        "finalLink": "https://www.sec.gov/Archives/edgar/data/6201/"
    },
    {
        "date": "1996-12-31",
        "symbol": "AAL",
        "reportedCurrency": "USD",
        "cik": "0000006201",
        "fillingDate": "1997-03-27",
        "acceptedDate": "1997-03-27 00:00:00",
        "calendarYear": "1996",
        "period": "Q4",
        "revenue": 4333000000,
        "costOfRevenue": 2329000000,
        "grossProfit": 2004000000,
        "grossProfitRatio": 0.4624971152,
        "researchAndDevelopmentExpenses": 0,
        "generalAndAdministrativeExpenses": 2470000000,
        "sellingAndMarketingExpenses": -293000000,
        "sellingGeneralAndAdministrativeExpenses": 2177000000,
        "otherExpenses": 5821000000,
        "operatingExpenses": 7998000000,
        "costAndExpenses": 10327000000,
        "interestIncome": 0,
        "interestExpense": 0,
        "depreciationAndAmortization": 2103000000,
        "ebitda": -3891000000,
        "ebitdaratio": -0.8979921532,
        "operatingIncome": 335000000,
        "operatingIncomeRatio": 0.0773136395,
        "totalOtherIncomeExpensesNet": 6418000000,
        "incomeBeforeTax": 424000000,
        "incomeBeforeTaxRatio": 0.0978536811,
        "incomeTaxExpense": 51000000,
        "netIncome": 284000000,
        "netIncomeRatio": 0.0655435033,
        "eps": 4.13,
        "epsdiluted": 4.13,
        "weightedAverageShsOut": 68724000,
        "weightedAverageShsOutDil": 68724000,
        "link": "https://www.sec.gov/Archives/edgar/data/6201/000095013497002243/0000950134-97-002243-index.html",
        "finalLink": "https://www.sec.gov/Archives/edgar/data/6201/"
    },
    {
        "date": "1996-09-30",
        "symbol": "AAL",
        "reportedCurrency": "USD",
        "cik": "0000006201",
        "fillingDate": "1996-10-25",
        "acceptedDate": "1996-10-25 00:00:00",
        "calendarYear": "1996",
        "period": "Q3",
        "revenue": 4562000000,
        "costOfRevenue": 2260000000,
        "grossProfit": 2302000000,
        "grossProfitRatio": 0.5046032442,
        "researchAndDevelopmentExpenses": 0,
        "generalAndAdministrativeExpenses": 2485000000,
        "sellingAndMarketingExpenses": -323000000,
        "sellingGeneralAndAdministrativeExpenses": 2162000000,
        "otherExpenses": 1140000000,
        "operatingExpenses": 3302000000,
        "costAndExpenses": 5562000000,
        "interestIncome": 0,
        "interestExpense": 0,
        "depreciationAndAmortization": -302000000,
        "ebitda": -698000000,
        "ebitdaratio": -0.1530030688,
        "operatingIncome": 464000000,
        "operatingIncomeRatio": 0.1017097764,
        "totalOtherIncomeExpensesNet": 1464000000,
        "incomeBeforeTax": 464000000,
        "incomeBeforeTaxRatio": 0.1017097764,
        "incomeTaxExpense": 182000000,
        "netIncome": 282000000,
        "netIncomeRatio": 0.0618149934,
        "eps": 4.1,
        "epsdiluted": 4.1,
        "weightedAverageShsOut": 68724000,
        "weightedAverageShsOutDil": 68724000,
        "link": "https://www.sec.gov/Archives/edgar/data/6201/000000620196000015/0000006201-96-000015-index.html",
        "finalLink": "https://www.sec.gov/Archives/edgar/data/6201/"
    },
    {
        "date": "1996-06-30",
        "symbol": "AAL",
        "reportedCurrency": "USD",
        "cik": "0000006201",
        "fillingDate": "1996-08-08",
        "acceptedDate": "1996-08-08 00:00:00",
        "calendarYear": "1996",
        "period": "Q2",
        "revenue": 4550000000,
        "costOfRevenue": 2234000000,
        "grossProfit": 2316000000,
        "grossProfitRatio": 0.509010989,
        "researchAndDevelopmentExpenses": 0,
        "generalAndAdministrativeExpenses": 2524000000,
        "sellingAndMarketingExpenses": -321000000,
        "sellingGeneralAndAdministrativeExpenses": 2203000000,
        "otherExpenses": 1121000000,
        "operatingExpenses": 3324000000,
        "costAndExpenses": 5558000000,
        "interestIncome": 0,
        "interestExpense": 0,
        "depreciationAndAmortization": -297000000,
        "ebitda": -712000000,
        "ebitdaratio": -0.1564835165,
        "operatingIncome": 480000000,
        "operatingIncomeRatio": 0.1054945055,
        "totalOtherIncomeExpensesNet": 1488000000,
        "incomeBeforeTax": 480000000,
        "incomeBeforeTaxRatio": 0.1054945055,
        "incomeTaxExpense": 187000000,
        "netIncome": 293000000,
        "netIncomeRatio": 0.0643956044,
        "eps": 4.51,
        "epsdiluted": 4.26,
        "weightedAverageShsOut": 64989000,
        "weightedAverageShsOutDil": 68724000,
        "link": "https://www.sec.gov/Archives/edgar/data/6201/000095013496003924/0000950134-96-003924-index.html",
        "finalLink": "https://www.sec.gov/Archives/edgar/data/6201/"
    },
    {
        "date": "1996-03-31",
        "symbol": "AAL",
        "reportedCurrency": "USD",
        "cik": "0000006201",
        "fillingDate": "1996-04-30",
        "acceptedDate": "1996-04-30 00:00:00",
        "calendarYear": "1996",
        "period": "Q1",
        "revenue": 4308000000,
        "costOfRevenue": 2185000000,
        "grossProfit": 2123000000,
        "grossProfitRatio": 0.4928040854,
        "researchAndDevelopmentExpenses": 0,
        "generalAndAdministrativeExpenses": 2497000000,
        "sellingAndMarketingExpenses": -315000000,
        "sellingGeneralAndAdministrativeExpenses": 2182000000,
        "otherExpenses": 1116000000,
        "operatingExpenses": 3298000000,
        "costAndExpenses": 5483000000,
        "interestIncome": 0,
        "interestExpense": 0,
        "depreciationAndAmortization": -300000000,
        "ebitda": -875000000,
        "ebitdaratio": -0.2031104921,
        "operatingIncome": 265000000,
        "operatingIncomeRatio": 0.0615134633,
        "totalOtherIncomeExpensesNet": 1440000000,
        "incomeBeforeTax": 265000000,
        "incomeBeforeTaxRatio": 0.0615134633,
        "incomeTaxExpense": 108000000,
        "netIncome": 157000000,
        "netIncomeRatio": 0.0364438254,
        "eps": 2.69,
        "epsdiluted": 2.28,
        "weightedAverageShsOut": 58266000,
        "weightedAverageShsOutDil": 68724000,
        "link": "https://www.sec.gov/Archives/edgar/data/6201/000000620196000006/0000006201-96-000006-index.html",
        "finalLink": "https://www.sec.gov/Archives/edgar/data/6201/"
    },
    {
        "date": "1995-12-31",
        "symbol": "AAL",
        "reportedCurrency": "USD",
        "cik": "0000006201",
        "fillingDate": "1996-03-21",
        "acceptedDate": "1996-03-21 00:00:00",
        "calendarYear": "1995",
        "period": "Q4",
        "revenue": 4188000000,
        "costOfRevenue": 2210000000,
        "grossProfit": 1978000000,
        "grossProfitRatio": 0.4723018147,
        "researchAndDevelopmentExpenses": 0,
        "generalAndAdministrativeExpenses": 2453000000,
        "sellingAndMarketingExpenses": -312000000,
        "sellingGeneralAndAdministrativeExpenses": 2141000000,
        "otherExpenses": 4974000000,
        "operatingExpenses": 7115000000,
        "costAndExpenses": 9325000000,
        "interestIncome": 0,
        "interestExpense": 0,
        "depreciationAndAmortization": 2206000000,
        "ebitda": -2931000000,
        "ebitdaratio": -0.6998567335,
        "operatingIncome": -433000000,
        "operatingIncomeRatio": -0.1033906399,
        "totalOtherIncomeExpensesNet": 4716000000,
        "incomeBeforeTax": -421000000,
        "incomeBeforeTaxRatio": -0.1005253104,
        "incomeTaxExpense": -152000000,
        "netIncome": -281000000,
        "netIncomeRatio": -0.0670964661,
        "eps": -4.82,
        "epsdiluted": -4.09,
        "weightedAverageShsOut": 58266000,
        "weightedAverageShsOutDil": 68724000,
        "link": "https://www.sec.gov/Archives/edgar/data/6201/000095013496000838/0000950134-96-000838-index.html",
        "finalLink": "https://www.sec.gov/Archives/edgar/data/6201/"
    },
    {
        "date": "1995-09-30",
        "symbol": "AAL",
        "reportedCurrency": "USD",
        "cik": "0000006201",
        "fillingDate": "1995-10-18",
        "acceptedDate": "1995-10-18 00:00:00",
        "calendarYear": "1995",
        "period": "Q3",
        "revenue": 4445000000,
        "costOfRevenue": 2201000000,
        "grossProfit": 2244000000,
        "grossProfitRatio": 0.5048368954,
        "researchAndDevelopmentExpenses": 0,
        "generalAndAdministrativeExpenses": 2541000000,
        "sellingAndMarketingExpenses": -340000000,
        "sellingGeneralAndAdministrativeExpenses": 2201000000,
        "otherExpenses": 1137000000,
        "operatingExpenses": 3338000000,
        "costAndExpenses": 5539000000,
        "interestIncome": 0,
        "interestExpense": 0,
        "depreciationAndAmortization": -314000000,
        "ebitda": -792000000,
        "ebitdaratio": -0.1781777278,
        "operatingIncome": 381000000,
        "operatingIncomeRatio": 0.0857142857,
        "totalOtherIncomeExpensesNet": 1479000000,
        "incomeBeforeTax": 385000000,
        "incomeBeforeTaxRatio": 0.0866141732,
        "incomeTaxExpense": 150000000,
        "netIncome": 231000000,
        "netIncomeRatio": 0.0519685039,
        "eps": 4.02,
        "epsdiluted": 3.4,
        "weightedAverageShsOut": 57519000,
        "weightedAverageShsOutDil": 67977000,
        "link": "https://www.sec.gov/Archives/edgar/data/6201/000000620195000007/0000006201-95-000007-index.html",
        "finalLink": "https://www.sec.gov/Archives/edgar/data/6201/"
    },
    {
        "date": "1995-06-30",
        "symbol": "AAL",
        "reportedCurrency": "USD",
        "cik": "0000006201",
        "fillingDate": "1995-08-14",
        "acceptedDate": "1995-08-14 00:00:00",
        "calendarYear": "1995",
        "period": "Q2",
        "revenue": 4307000000,
        "costOfRevenue": 2107000000,
        "grossProfit": 2200000000,
        "grossProfitRatio": 0.510796378,
        "researchAndDevelopmentExpenses": 0,
        "generalAndAdministrativeExpenses": 2491000000,
        "sellingAndMarketingExpenses": -321000000,
        "sellingGeneralAndAdministrativeExpenses": 2170000000,
        "otherExpenses": 1100000000,
        "operatingExpenses": 3270000000,
        "costAndExpenses": 5377000000,
        "interestIncome": 0,
        "interestExpense": 0,
        "depreciationAndAmortization": -318000000,
        "ebitda": -752000000,
        "ebitdaratio": -0.1745994892,
        "operatingIncome": 308000000,
        "operatingIncomeRatio": 0.0715114929,
        "totalOtherIncomeExpensesNet": 1391000000,
        "incomeBeforeTax": 321000000,
        "incomeBeforeTaxRatio": 0.0745298352,
        "incomeTaxExpense": 129000000,
        "netIncome": 179000000,
        "netIncomeRatio": 0.0415602508,
        "eps": 3.11,
        "epsdiluted": 2.63,
        "weightedAverageShsOut": 57519000,
        "weightedAverageShsOutDil": 67977000,
        "link": "https://www.sec.gov/Archives/edgar/data/6201/000000620195000005/0000006201-95-000005-index.html",
        "finalLink": "https://www.sec.gov/Archives/edgar/data/6201/"
    },
    {
        "date": "1995-03-31",
        "symbol": "AAL",
        "reportedCurrency": "USD",
        "cik": "0000006201",
        "fillingDate": "1995-05-15",
        "acceptedDate": "1995-05-15 00:00:00",
        "calendarYear": "1995",
        "period": "Q1",
        "revenue": 3970000000,
        "costOfRevenue": 2062000000,
        "grossProfit": 1908000000,
        "grossProfitRatio": 0.480604534,
        "researchAndDevelopmentExpenses": 0,
        "generalAndAdministrativeExpenses": 2429000000,
        "sellingAndMarketingExpenses": -320000000,
        "sellingGeneralAndAdministrativeExpenses": 2109000000,
        "otherExpenses": 1079000000,
        "operatingExpenses": 3188000000,
        "costAndExpenses": 5250000000,
        "interestIncome": 0,
        "interestExpense": 0,
        "depreciationAndAmortization": -315000000,
        "ebitda": -965000000,
        "ebitdaratio": -0.2430730479,
        "operatingIncome": 73000000,
        "operatingIncomeRatio": 0.0183879093,
        "totalOtherIncomeExpensesNet": 1353000000,
        "incomeBeforeTax": 73000000,
        "incomeBeforeTaxRatio": 0.0183879093,
        "incomeTaxExpense": 35000000,
        "netIncome": 38000000,
        "netIncomeRatio": 0.0095717884,
        "eps": 0.66,
        "epsdiluted": 0.66,
        "weightedAverageShsOut": 57519000,
        "weightedAverageShsOutDil": 57519000,
        "link": "https://www.sec.gov/Archives/edgar/data/6201/000000620195000003/0000006201-95-000003-index.html",
        "finalLink": "https://www.sec.gov/Archives/edgar/data/6201/"
    },
    {
        "date": "1994-12-31",
        "symbol": "AAL",
        "reportedCurrency": "USD",
        "cik": "0000006201",
        "fillingDate": "1995-03-29",
        "acceptedDate": "1995-03-29 00:00:00",
        "calendarYear": "1994",
        "period": "Q4",
        "revenue": 3995000000,
        "costOfRevenue": 2094000000,
        "grossProfit": 1901000000,
        "grossProfitRatio": 0.475844806,
        "researchAndDevelopmentExpenses": 0,
        "generalAndAdministrativeExpenses": 2459000000,
        "sellingAndMarketingExpenses": -324000000,
        "sellingGeneralAndAdministrativeExpenses": 2135000000,
        "otherExpenses": 4818000000,
        "operatingExpenses": 6953000000,
        "costAndExpenses": 9047000000,
        "interestIncome": 0,
        "interestExpense": 0,
        "depreciationAndAmortization": 2191000000,
        "ebitda": -2861000000,
        "ebitdaratio": -0.7161451815,
        "operatingIncome": -216000000,
        "operatingIncomeRatio": -0.0540675845,
        "totalOtherIncomeExpensesNet": 4836000000,
        "incomeBeforeTax": -216000000,
        "incomeBeforeTaxRatio": -0.0540675845,
        "incomeTaxExpense": -93000000,
        "netIncome": -123000000,
        "netIncomeRatio": -0.0307884856,
        "eps": -2.14,
        "epsdiluted": -2.14,
        "weightedAverageShsOut": 57369600,
        "weightedAverageShsOutDil": 57519000,
        "link": "https://www.sec.gov/Archives/edgar/data/6201/000095013495000523/0000950134-95-000523-index.html",
        "finalLink": "https://www.sec.gov/Archives/edgar/data/6201/"
    },
    {
        "date": "1994-09-30",
        "symbol": "AAL",
        "reportedCurrency": "USD",
        "cik": "0000006201",
        "fillingDate": "1994-11-04",
        "acceptedDate": "1994-11-04 00:00:00",
        "calendarYear": "1994",
        "period": "Q3",
        "revenue": 4233000000,
        "costOfRevenue": 2097000000,
        "grossProfit": 2136000000,
        "grossProfitRatio": 0.5046066619,
        "researchAndDevelopmentExpenses": 0,
        "generalAndAdministrativeExpenses": 2471000000,
        "sellingAndMarketingExpenses": -346000000,
        "sellingGeneralAndAdministrativeExpenses": 2125000000,
        "otherExpenses": 1049000000,
        "operatingExpenses": 3174000000,
        "costAndExpenses": 5271000000,
        "interestIncome": 0,
        "interestExpense": 0,
        "depreciationAndAmortization": -298000000,
        "ebitda": -740000000,
        "ebitdaratio": -0.1748169147,
        "operatingIncome": 336000000,
        "operatingIncomeRatio": 0.0793763288,
        "totalOtherIncomeExpensesNet": 1374000000,
        "incomeBeforeTax": 336000000,
        "incomeBeforeTaxRatio": 0.0793763288,
        "incomeTaxExpense": 131000000,
        "netIncome": 205000000,
        "netIncomeRatio": 0.0484290102,
        "eps": 3.61,
        "epsdiluted": 3.05,
        "weightedAverageShsOut": 56772000,
        "weightedAverageShsOutDil": 67230000,
        "link": "https://www.sec.gov/Archives/edgar/data/6201/000000620194000007/0000006201-94-000007-index.html",
        "finalLink": "https://www.sec.gov/Archives/edgar/data/6201/"
    },
    {
        "date": "1994-06-30",
        "symbol": "AAL",
        "reportedCurrency": "USD",
        "cik": "0000006201",
        "fillingDate": "1994-08-03",
        "acceptedDate": "1994-08-03 00:00:00",
        "calendarYear": "1994",
        "period": "Q2",
        "revenue": 4101000000,
        "costOfRevenue": 2023000000,
        "grossProfit": 2078000000,
        "grossProfitRatio": 0.5067056815,
        "researchAndDevelopmentExpenses": 0,
        "generalAndAdministrativeExpenses": 2452000000,
        "sellingAndMarketingExpenses": -339000000,
        "sellingGeneralAndAdministrativeExpenses": 2113000000,
        "otherExpenses": 1050000000,
        "operatingExpenses": 3163000000,
        "costAndExpenses": 5186000000,
        "interestIncome": 0,
        "interestExpense": 0,
        "depreciationAndAmortization": -320000000,
        "ebitda": -765000000,
        "ebitdaratio": -0.1865398683,
        "operatingIncome": 248000000,
        "operatingIncomeRatio": 0.0604730554,
        "totalOtherIncomeExpensesNet": 1333000000,
        "incomeBeforeTax": 248000000,
        "incomeBeforeTaxRatio": 0.0604730554,
        "incomeTaxExpense": 95000000,
        "netIncome": 153000000,
        "netIncomeRatio": 0.0373079737,
        "eps": 2.69,
        "epsdiluted": 2.28,
        "weightedAverageShsOut": 56772000,
        "weightedAverageShsOutDil": 67230000,
        "link": "https://www.sec.gov/Archives/edgar/data/6201/000000620194000004/0000006201-94-000004-index.html",
        "finalLink": "https://www.sec.gov/Archives/edgar/data/6201/"
    },
    {
        "date": "1994-03-31",
        "symbol": "AAL",
        "reportedCurrency": "USD",
        "cik": "0000006201",
        "fillingDate": "1994-05-16",
        "acceptedDate": "1994-05-16 00:00:00",
        "calendarYear": "1994",
        "period": "Q1",
        "revenue": 3808000000,
        "costOfRevenue": 2025000000,
        "grossProfit": 1783000000,
        "grossProfitRatio": 0.4682247899,
        "researchAndDevelopmentExpenses": 0,
        "generalAndAdministrativeExpenses": 2410000000,
        "sellingAndMarketingExpenses": -326000000,
        "sellingGeneralAndAdministrativeExpenses": 2084000000,
        "otherExpenses": 1027000000,
        "operatingExpenses": 3111000000,
        "costAndExpenses": 5136000000,
        "interestIncome": 0,
        "interestExpense": 0,
        "depreciationAndAmortization": -320000000,
        "ebitda": -1008000000,
        "ebitdaratio": -0.2647058824,
        "operatingIncome": 2000000,
        "operatingIncomeRatio": 0.0005252101,
        "totalOtherIncomeExpensesNet": 1330000000,
        "incomeBeforeTax": 2000000,
        "incomeBeforeTaxRatio": 0.0005252101,
        "incomeTaxExpense": 9000000,
        "netIncome": -7000000,
        "netIncomeRatio": -0.0018382353,
        "eps": -0.12,
        "epsdiluted": -0.12,
        "weightedAverageShsOut": 56772000,
        "weightedAverageShsOutDil": 56772000,
        "link": "https://www.sec.gov/Archives/edgar/data/6201/000000620194000002/0000006201-94-000002-index.html",
        "finalLink": "https://www.sec.gov/Archives/edgar/data/6201/"
    },
    {
        "date": "1993-12-31",
        "symbol": "AAL",
        "reportedCurrency": "USD",
        "cik": "0000006201",
        "fillingDate": "1994-03-31",
        "acceptedDate": "1994-03-31 00:00:00",
        "calendarYear": "1993",
        "period": "Q4",
        "revenue": 3591000000,
        "costOfRevenue": 2150000000,
        "grossProfit": 1441000000,
        "grossProfitRatio": 0.4012809802,
        "researchAndDevelopmentExpenses": 0,
        "generalAndAdministrativeExpenses": 0,
        "sellingAndMarketingExpenses": 0,
        "sellingGeneralAndAdministrativeExpenses": 1269000000,
        "otherExpenses": 334000000,
        "operatingExpenses": 1603000000,
        "costAndExpenses": 3753000000,
        "interestIncome": 0,
        "interestExpense": 0,
        "depreciationAndAmortization": -334000000,
        "ebitda": -728000000,
        "ebitdaratio": -0.2027290448,
        "operatingIncome": -394000000,
        "operatingIncomeRatio": -0.1097187413,
        "totalOtherIncomeExpensesNet": -225000000,
        "incomeBeforeTax": -387000000,
        "incomeBeforeTaxRatio": -0.1077694236,
        "incomeTaxExpense": -141000000,
        "netIncome": -253000000,
        "netIncomeRatio": -0.0704539126,
        "eps": -4.47,
        "epsdiluted": -4.46,
        "weightedAverageShsOut": 56602148,
        "weightedAverageShsOutDil": 56772000,
        "link": "https://www.sec.gov/Archives/edgar/data/6201/000095013494000325/0000950134-94-000325-index.html",
        "finalLink": "https://www.sec.gov/Archives/edgar/data/6201/"
    },
    {
        "date": "1993-09-30",
        "symbol": "AAL",
        "reportedCurrency": "USD",
        "cik": "0000006201",
        "fillingDate": "1993-09-30",
        "acceptedDate": "1993-09-29 20:00:00",
        "calendarYear": "1993",
        "period": "Q3",
        "revenue": 4199000000,
        "costOfRevenue": 2197000000,
        "grossProfit": 2002000000,
        "grossProfitRatio": 0.4767801858,
        "researchAndDevelopmentExpenses": 0,
        "generalAndAdministrativeExpenses": 0,
        "sellingAndMarketingExpenses": 0,
        "sellingGeneralAndAdministrativeExpenses": 1337000000,
        "otherExpenses": 293000000,
        "operatingExpenses": 1630000000,
        "costAndExpenses": 3827000000,
        "interestIncome": 0,
        "interestExpense": 0,
        "depreciationAndAmortization": -293000000,
        "ebitda": 650000000,
        "ebitdaratio": 0.1547987616,
        "operatingIncome": 216000000,
        "operatingIncomeRatio": 0.0514408192,
        "totalOtherIncomeExpensesNet": -149000000,
        "incomeBeforeTax": 223000000,
        "incomeBeforeTaxRatio": 0.0531078828,
        "incomeTaxExpense": 98000000,
        "netIncome": 118000000,
        "netIncomeRatio": 0.028101929,
        "eps": 1.82,
        "epsdiluted": 1.76,
        "weightedAverageShsOut": 64931538,
        "weightedAverageShsOutDil": 66992857,
        "link": "",
        "finalLink": ""
    },
    {
        "date": "1993-06-30",
        "symbol": "AAL",
        "reportedCurrency": "USD",
        "cik": "0000006201",
        "fillingDate": "1993-06-30",
        "acceptedDate": "1993-06-29 20:00:00",
        "calendarYear": "1993",
        "period": "Q2",
        "revenue": 3828000000,
        "costOfRevenue": 2235000000,
        "grossProfit": 1593000000,
        "grossProfitRatio": 0.4161442006,
        "researchAndDevelopmentExpenses": 0,
        "generalAndAdministrativeExpenses": 0,
        "sellingAndMarketingExpenses": 0,
        "sellingGeneralAndAdministrativeExpenses": 1309000000,
        "otherExpenses": 304000000,
        "operatingExpenses": 1613000000,
        "costAndExpenses": 3848000000,
        "interestIncome": 0,
        "interestExpense": 0,
        "depreciationAndAmortization": -304000000,
        "ebitda": 17000000,
        "ebitdaratio": 0.0044409613,
        "operatingIncome": 79000000,
        "operatingIncomeRatio": 0.0206374086,
        "totalOtherIncomeExpensesNet": 99000000,
        "incomeBeforeTax": 79000000,
        "incomeBeforeTaxRatio": 0.0206374086,
        "incomeTaxExpense": 32000000,
        "netIncome": 47000000,
        "netIncomeRatio": 0.0122779519,
        "eps": 0.84,
        "epsdiluted": 0.84,
        "weightedAverageShsOut": 56025000,
        "weightedAverageShsOutDil": 56025000,
        "link": "",
        "finalLink": ""
    },
    {
        "date": "1993-03-31",
        "symbol": "AAL",
        "reportedCurrency": "USD",
        "cik": "0000006201",
        "fillingDate": "1993-03-31",
        "acceptedDate": "1993-03-30 19:00:00",
        "calendarYear": "1993",
        "period": "Q1",
        "revenue": 3444000000,
        "costOfRevenue": 2122000000,
        "grossProfit": 1322000000,
        "grossProfitRatio": 0.3838559814,
        "researchAndDevelopmentExpenses": 0,
        "generalAndAdministrativeExpenses": 0,
        "sellingAndMarketingExpenses": 0,
        "sellingGeneralAndAdministrativeExpenses": 1284000000,
        "otherExpenses": 292000000,
        "operatingExpenses": 1576000000,
        "costAndExpenses": 3698000000,
        "interestIncome": 0,
        "interestExpense": 0,
        "depreciationAndAmortization": -292000000,
        "ebitda": -320000000,
        "ebitdaratio": -0.0929152149,
        "operatingIncome": -28000000,
        "operatingIncomeRatio": -0.0081300813,
        "totalOtherIncomeExpensesNet": 226000000,
        "incomeBeforeTax": -28000000,
        "incomeBeforeTaxRatio": -0.0081300813,
        "incomeTaxExpense": -6000000,
        "netIncome": -22000000,
        "netIncomeRatio": -0.006387921,
        "eps": -0.4,
        "epsdiluted": -0.4,
        "weightedAverageShsOut": 54327273,
        "weightedAverageShsOutDil": 54327273,
        "link": "",
        "finalLink": ""
    },
    {
        "date": "1992-12-31",
        "symbol": "AAL",
        "reportedCurrency": "USD",
        "cik": "0000006201",
        "fillingDate": "1992-12-31",
        "acceptedDate": "1992-12-30 19:00:00",
        "calendarYear": "1992",
        "period": "Q4",
        "revenue": 3577000000,
        "costOfRevenue": 559000000,
        "grossProfit": 3018000000,
        "grossProfitRatio": 0.8437237909,
        "researchAndDevelopmentExpenses": 0,
        "generalAndAdministrativeExpenses": 0,
        "sellingAndMarketingExpenses": 0,
        "sellingGeneralAndAdministrativeExpenses": 2956000000,
        "otherExpenses": 275000000,
        "operatingExpenses": 3231000000,
        "costAndExpenses": 3790000000,
        "interestIncome": 0,
        "interestExpense": 0,
        "depreciationAndAmortization": -275000000,
        "ebitda": 62000000,
        "ebitdaratio": 0.0173329606,
        "operatingIncome": -831000000,
        "operatingIncomeRatio": -0.2323175846,
        "totalOtherIncomeExpensesNet": -158000000,
        "incomeBeforeTax": -371000000,
        "incomeBeforeTaxRatio": -0.1037181996,
        "incomeTaxExpense": -127000000,
        "netIncome": -704000000,
        "netIncomeRatio": -0.1968129718,
        "eps": -12.96,
        "epsdiluted": -12.96,
        "weightedAverageShsOut": 54327273,
        "weightedAverageShsOutDil": 54327273,
        "link": "",
        "finalLink": ""
    },
    {
        "date": "1992-09-30",
        "symbol": "AAL",
        "reportedCurrency": "USD",
        "cik": "0000006201",
        "fillingDate": "1992-09-30",
        "acceptedDate": "1992-09-29 20:00:00",
        "calendarYear": "1992",
        "period": "Q3",
        "revenue": 3725000000,
        "costOfRevenue": 2726000000,
        "grossProfit": 999000000,
        "grossProfitRatio": 0.2681879195,
        "researchAndDevelopmentExpenses": 0,
        "generalAndAdministrativeExpenses": 0,
        "sellingAndMarketingExpenses": 0,
        "sellingGeneralAndAdministrativeExpenses": 740000000,
        "otherExpenses": 263000000,
        "operatingExpenses": 1003000000,
        "costAndExpenses": 3729000000,
        "interestIncome": 0,
        "interestExpense": 0,
        "depreciationAndAmortization": -263000000,
        "ebitda": 208000000,
        "ebitdaratio": 0.0558389262,
        "operatingIncome": -122000000,
        "operatingIncomeRatio": -0.0327516779,
        "totalOtherIncomeExpensesNet": -118000000,
        "incomeBeforeTax": -122000000,
        "incomeBeforeTaxRatio": -0.0327516779,
        "incomeTaxExpense": -37000000,
        "netIncome": -85000000,
        "netIncomeRatio": -0.0228187919,
        "eps": -1.55,
        "epsdiluted": -1.55,
        "weightedAverageShsOut": 54737069,
        "weightedAverageShsOutDil": 54737069,
        "link": "",
        "finalLink": ""
    },
    {
        "date": "1992-06-30",
        "symbol": "AAL",
        "reportedCurrency": "USD",
        "cik": "0000006201",
        "fillingDate": "1992-06-30",
        "acceptedDate": "1992-06-29 20:00:00",
        "calendarYear": "1992",
        "period": "Q2",
        "revenue": 3587000000,
        "costOfRevenue": 2570000000,
        "grossProfit": 1017000000,
        "grossProfitRatio": 0.2835238361,
        "researchAndDevelopmentExpenses": 0,
        "generalAndAdministrativeExpenses": 0,
        "sellingAndMarketingExpenses": 0,
        "sellingGeneralAndAdministrativeExpenses": 703000000,
        "otherExpenses": 259000000,
        "operatingExpenses": 962000000,
        "costAndExpenses": 3532000000,
        "interestIncome": 0,
        "interestExpense": 0,
        "depreciationAndAmortization": -259000000,
        "ebitda": 314000000,
        "ebitdaratio": 0.0875383329,
        "operatingIncome": -243000000,
        "operatingIncomeRatio": -0.0677446334,
        "totalOtherIncomeExpensesNet": -298000000,
        "incomeBeforeTax": -243000000,
        "incomeBeforeTaxRatio": -0.0677446334,
        "incomeTaxExpense": -77000000,
        "netIncome": -166000000,
        "netIncomeRatio": -0.0462782269,
        "eps": -3,
        "epsdiluted": -3,
        "weightedAverageShsOut": 55358036,
        "weightedAverageShsOutDil": 55358036,
        "link": "",
        "finalLink": ""
    },
    {
        "date": "1992-03-31",
        "symbol": "AAL",
        "reportedCurrency": "USD",
        "cik": "0000006201",
        "fillingDate": "1992-03-31",
        "acceptedDate": "1992-03-30 19:00:00",
        "calendarYear": "1992",
        "period": "Q1",
        "revenue": 3507000000,
        "costOfRevenue": 2421000000,
        "grossProfit": 1086000000,
        "grossProfitRatio": 0.3096663815,
        "researchAndDevelopmentExpenses": 0,
        "generalAndAdministrativeExpenses": 0,
        "sellingAndMarketingExpenses": 0,
        "sellingGeneralAndAdministrativeExpenses": 705000000,
        "otherExpenses": 244000000,
        "operatingExpenses": 949000000,
        "costAndExpenses": 3370000000,
        "interestIncome": 0,
        "interestExpense": 0,
        "depreciationAndAmortization": -244000000,
        "ebitda": 327000000,
        "ebitdaratio": 0.0932420873,
        "operatingIncome": 39000000,
        "operatingIncomeRatio": 0.0111206159,
        "totalOtherIncomeExpensesNet": -98000000,
        "incomeBeforeTax": 39000000,
        "incomeBeforeTaxRatio": 0.0111206159,
        "incomeTaxExpense": 19000000,
        "netIncome": 20000000,
        "netIncomeRatio": 0.00570288,
        "eps": 0.35,
        "epsdiluted": 0.35,
        "weightedAverageShsOut": 57461538,
        "weightedAverageShsOutDil": 57461538,
        "link": "",
        "finalLink": ""
    },
    {
        "date": "1991-12-31",
        "symbol": "AAL",
        "reportedCurrency": "USD",
        "cik": "0000006201",
        "fillingDate": "1991-12-31",
        "acceptedDate": "1991-12-30 19:00:00",
        "calendarYear": "1991",
        "period": "Q4",
        "revenue": 3404300000,
        "costOfRevenue": 1022600000,
        "grossProfit": 2381700000,
        "grossProfitRatio": 0.6996151926,
        "researchAndDevelopmentExpenses": 0,
        "generalAndAdministrativeExpenses": 0,
        "sellingAndMarketingExpenses": 0,
        "sellingGeneralAndAdministrativeExpenses": 2178200000,
        "otherExpenses": 244900000,
        "operatingExpenses": 2423100000,
        "costAndExpenses": 3445700000,
        "interestIncome": 0,
        "interestExpense": 0,
        "depreciationAndAmortization": -244900000,
        "ebitda": 203500000,
        "ebitdaratio": 0.0597773404,
        "operatingIncome": -186400000,
        "operatingIncomeRatio": -0.0547542814,
        "totalOtherIncomeExpensesNet": -145000000,
        "incomeBeforeTax": -186400000,
        "incomeBeforeTaxRatio": -0.0547542814,
        "incomeTaxExpense": -61400000,
        "netIncome": -125000000,
        "netIncomeRatio": -0.0367182681,
        "eps": -2.18,
        "epsdiluted": -2.18,
        "weightedAverageShsOut": 57461538,
        "weightedAverageShsOutDil": 57461538,
        "link": "",
        "finalLink": ""
    },
    {
        "date": "1991-09-30",
        "symbol": "AAL",
        "reportedCurrency": "USD",
        "cik": "0000006201",
        "fillingDate": "1991-09-30",
        "acceptedDate": "1991-09-29 20:00:00",
        "calendarYear": "1991",
        "period": "Q3",
        "revenue": 3518600000,
        "costOfRevenue": 2210100000,
        "grossProfit": 1308500000,
        "grossProfitRatio": 0.3718808617,
        "researchAndDevelopmentExpenses": 0,
        "generalAndAdministrativeExpenses": 0,
        "sellingAndMarketingExpenses": 0,
        "sellingGeneralAndAdministrativeExpenses": 896500000,
        "otherExpenses": 224800000,
        "operatingExpenses": 1121300000,
        "costAndExpenses": 3331400000,
        "interestIncome": 0,
        "interestExpense": 0,
        "depreciationAndAmortization": -224800000,
        "ebitda": 349300000,
        "ebitdaratio": 0.0992724379,
        "operatingIncome": 116400000,
        "operatingIncomeRatio": 0.0330813392,
        "totalOtherIncomeExpensesNet": -70800000,
        "incomeBeforeTax": 116400000,
        "incomeBeforeTaxRatio": 0.0330813392,
        "incomeTaxExpense": 46100000,
        "netIncome": 70300000,
        "netIncomeRatio": 0.0199795373,
        "eps": 1.37,
        "epsdiluted": 1.31,
        "weightedAverageShsOut": 51484412,
        "weightedAverageShsOutDil": 53585816,
        "link": "",
        "finalLink": ""
    },
    {
        "date": "1991-06-30",
        "symbol": "AAL",
        "reportedCurrency": "USD",
        "cik": "0000006201",
        "fillingDate": "1991-06-30",
        "acceptedDate": "1991-06-29 20:00:00",
        "calendarYear": "1991",
        "period": "Q2",
        "revenue": 3194500000,
        "costOfRevenue": 2056600000,
        "grossProfit": 1137900000,
        "grossProfitRatio": 0.356205979,
        "researchAndDevelopmentExpenses": 0,
        "generalAndAdministrativeExpenses": 0,
        "sellingAndMarketingExpenses": 0,
        "sellingGeneralAndAdministrativeExpenses": 826000000,
        "otherExpenses": 211800000,
        "operatingExpenses": 1037800000,
        "costAndExpenses": 3094400000,
        "interestIncome": 0,
        "interestExpense": 0,
        "depreciationAndAmortization": -211800000,
        "ebitda": 266600000,
        "ebitdaratio": 0.0834559399,
        "operatingIncome": 20200000,
        "operatingIncomeRatio": 0.0063233683,
        "totalOtherIncomeExpensesNet": -79900000,
        "incomeBeforeTax": 20200000,
        "incomeBeforeTaxRatio": 0.0063233683,
        "incomeTaxExpense": 9900000,
        "netIncome": 10300000,
        "netIncomeRatio": 0.0032242918,
        "eps": 0.24,
        "epsdiluted": 0.24,
        "weightedAverageShsOut": 42745000,
        "weightedAverageShsOutDil": 42745000,
        "link": "",
        "finalLink": ""
    },
    {
        "date": "1991-03-31",
        "symbol": "AAL",
        "reportedCurrency": "USD",
        "cik": "0000006201",
        "fillingDate": "1991-03-31",
        "acceptedDate": "1991-03-30 19:00:00",
        "calendarYear": "1991",
        "period": "Q1",
        "revenue": 2769600000,
        "costOfRevenue": 2019700000,
        "grossProfit": 749900000,
        "grossProfitRatio": 0.2707611207,
        "researchAndDevelopmentExpenses": 0,
        "generalAndAdministrativeExpenses": 0,
        "sellingAndMarketingExpenses": 0,
        "sellingGeneralAndAdministrativeExpenses": 789300000,
        "otherExpenses": 201500000,
        "operatingExpenses": 990800000,
        "costAndExpenses": 3010500000,
        "interestIncome": 0,
        "interestExpense": 0,
        "depreciationAndAmortization": -201500000,
        "ebitda": -97800000,
        "ebitdaratio": -0.0353119584,
        "operatingIncome": -290200000,
        "operatingIncomeRatio": -0.1047804737,
        "totalOtherIncomeExpensesNet": -49300000,
        "incomeBeforeTax": -290200000,
        "incomeBeforeTaxRatio": -0.1047804737,
        "incomeTaxExpense": -94600000,
        "netIncome": -195600000,
        "netIncomeRatio": -0.0706239168,
        "eps": -3.96,
        "epsdiluted": -3.96,
        "weightedAverageShsOut": 49362568,
        "weightedAverageShsOutDil": 49362568,
        "link": "",
        "finalLink": ""
    },
    {
        "date": "1990-12-31",
        "symbol": "AAL",
        "reportedCurrency": "USD",
        "cik": "0000006201",
        "fillingDate": "1990-12-31",
        "acceptedDate": "1990-12-30 19:00:00",
        "calendarYear": "1990",
        "period": "Q4",
        "revenue": 3002300000,
        "costOfRevenue": 2255700000,
        "grossProfit": 746600000,
        "grossProfitRatio": 0.2486760151,
        "researchAndDevelopmentExpenses": 0,
        "generalAndAdministrativeExpenses": 0,
        "sellingAndMarketingExpenses": 0,
        "sellingGeneralAndAdministrativeExpenses": 792200000,
        "otherExpenses": 199500000,
        "operatingExpenses": 991700000,
        "costAndExpenses": 3247400000,
        "interestIncome": 0,
        "interestExpense": 0,
        "depreciationAndAmortization": -199500000,
        "ebitda": -69700000,
        "ebitdaratio": -0.0232155348,
        "operatingIncome": -319600000,
        "operatingIncomeRatio": -0.1064517203,
        "totalOtherIncomeExpensesNet": -74500000,
        "incomeBeforeTax": -319600000,
        "incomeBeforeTaxRatio": -0.1064517203,
        "incomeTaxExpense": -104500000,
        "netIncome": -215100000,
        "netIncomeRatio": -0.0716450721,
        "eps": -4.36,
        "epsdiluted": -4.36,
        "weightedAverageShsOut": 49362568,
        "weightedAverageShsOutDil": 49362568,
        "link": "",
        "finalLink": ""
    },
    {
        "date": "1990-09-30",
        "symbol": "AAL",
        "reportedCurrency": "USD",
        "cik": "0000006201",
        "fillingDate": "1990-09-30",
        "acceptedDate": "1990-09-29 20:00:00",
        "calendarYear": "1990",
        "period": "Q3",
        "revenue": 3054700000,
        "costOfRevenue": 1940900000,
        "grossProfit": 1113800000,
        "grossProfitRatio": 0.3646184568,
        "researchAndDevelopmentExpenses": 0,
        "generalAndAdministrativeExpenses": 0,
        "sellingAndMarketingExpenses": 0,
        "sellingGeneralAndAdministrativeExpenses": 784100000,
        "otherExpenses": 186100000,
        "operatingExpenses": 970200000,
        "costAndExpenses": 2911100000,
        "interestIncome": 0,
        "interestExpense": 0,
        "depreciationAndAmortization": -186100000,
        "ebitda": 278000000,
        "ebitdaratio": 0.0910073002,
        "operatingIncome": 106900000,
        "operatingIncomeRatio": 0.0349952532,
        "totalOtherIncomeExpensesNet": -36700000,
        "incomeBeforeTax": 106900000,
        "incomeBeforeTaxRatio": 0.0349952532,
        "incomeTaxExpense": 41300000,
        "netIncome": 65600000,
        "netIncomeRatio": 0.0214751039,
        "eps": 1.45,
        "epsdiluted": 1.45,
        "weightedAverageShsOut": 45373333,
        "weightedAverageShsOutDil": 45373333,
        "link": "",
        "finalLink": ""
    },
    {
        "date": "1990-06-30",
        "symbol": "AAL",
        "reportedCurrency": "USD",
        "cik": "0000006201",
        "fillingDate": "1990-06-30",
        "acceptedDate": "1990-06-29 20:00:00",
        "calendarYear": "1990",
        "period": "Q2",
        "revenue": 2974400000,
        "costOfRevenue": 1809900000,
        "grossProfit": 1164500000,
        "grossProfitRatio": 0.3915075309,
        "researchAndDevelopmentExpenses": 0,
        "generalAndAdministrativeExpenses": 0,
        "sellingAndMarketingExpenses": 0,
        "sellingGeneralAndAdministrativeExpenses": 757300000,
        "otherExpenses": 173500000,
        "operatingExpenses": 930800000,
        "costAndExpenses": 2740700000,
        "interestIncome": 0,
        "interestExpense": 0,
        "depreciationAndAmortization": -173500000,
        "ebitda": 352000000,
        "ebitdaratio": 0.1183431953,
        "operatingIncome": 208700000,
        "operatingIncomeRatio": 0.0701654115,
        "totalOtherIncomeExpensesNet": -25000000,
        "incomeBeforeTax": 208700000,
        "incomeBeforeTaxRatio": 0.0701654115,
        "incomeTaxExpense": 79500000,
        "netIncome": 129200000,
        "netIncomeRatio": 0.0434373319,
        "eps": 2.76,
        "epsdiluted": 2.76,
        "weightedAverageShsOut": 46850680,
        "weightedAverageShsOutDil": 46850680,
        "link": "",
        "finalLink": ""
    },
    {
        "date": "1990-03-31",
        "symbol": "AAL",
        "reportedCurrency": "USD",
        "cik": "0000006201",
        "fillingDate": "1990-03-31",
        "acceptedDate": "1990-03-30 19:00:00",
        "calendarYear": "1990",
        "period": "Q1",
        "revenue": 2688200000,
        "costOfRevenue": 1800300000,
        "grossProfit": 887900000,
        "grossProfitRatio": 0.3302953649,
        "researchAndDevelopmentExpenses": 0,
        "generalAndAdministrativeExpenses": 0,
        "sellingAndMarketingExpenses": 0,
        "sellingGeneralAndAdministrativeExpenses": 732100000,
        "otherExpenses": 164000000,
        "operatingExpenses": 896100000,
        "costAndExpenses": 2696400000,
        "interestIncome": 0,
        "interestExpense": 0,
        "depreciationAndAmortization": -164000000,
        "ebitda": 106800000,
        "ebitdaratio": 0.0397291868,
        "operatingIncome": -29400000,
        "operatingIncomeRatio": -0.0109366863,
        "totalOtherIncomeExpensesNet": -21200000,
        "incomeBeforeTax": -29400000,
        "incomeBeforeTaxRatio": -0.0109366863,
        "incomeTaxExpense": -10100000,
        "netIncome": -19300000,
        "netIncomeRatio": -0.0071795253,
        "eps": -0.43,
        "epsdiluted": -0.43,
        "weightedAverageShsOut": 45053438,
        "weightedAverageShsOutDil": 45053438,
        "link": "",
        "finalLink": ""
    },
    {
        "date": "1989-12-31",
        "symbol": "AAL",
        "reportedCurrency": "USD",
        "cik": "0000006201",
        "fillingDate": "1989-12-31",
        "acceptedDate": "1989-12-30 19:00:00",
        "calendarYear": "1989",
        "period": "Q4",
        "revenue": 2585500000,
        "costOfRevenue": 1713800000,
        "grossProfit": 871700000,
        "grossProfitRatio": 0.3371494875,
        "researchAndDevelopmentExpenses": 0,
        "generalAndAdministrativeExpenses": 0,
        "sellingAndMarketingExpenses": 0,
        "sellingGeneralAndAdministrativeExpenses": 643100000,
        "otherExpenses": 158600000,
        "operatingExpenses": 801700000,
        "costAndExpenses": 2515500000,
        "interestIncome": 0,
        "interestExpense": 0,
        "depreciationAndAmortization": -158600000,
        "ebitda": 171800000,
        "ebitdaratio": 0.0664474956,
        "operatingIncome": 66300000,
        "operatingIncomeRatio": 0.0256430091,
        "totalOtherIncomeExpensesNet": -3700000,
        "incomeBeforeTax": 66300000,
        "incomeBeforeTaxRatio": 0.0256430091,
        "incomeTaxExpense": 27400000,
        "netIncome": 38900000,
        "netIncomeRatio": 0.0150454458,
        "eps": 0.86,
        "epsdiluted": 0.86,
        "weightedAverageShsOut": 45053438,
        "weightedAverageShsOutDil": 45053438,
        "link": "",
        "finalLink": ""
    },
    {
        "date": "1989-09-30",
        "symbol": "AAL",
        "reportedCurrency": "USD",
        "cik": "0000006201",
        "fillingDate": "1989-09-30",
        "acceptedDate": "1989-09-29 20:00:00",
        "calendarYear": "1989",
        "period": "Q3",
        "revenue": 2727400000,
        "costOfRevenue": 1064700000,
        "grossProfit": 1662700000,
        "grossProfitRatio": 0.6096282173,
        "researchAndDevelopmentExpenses": 0,
        "generalAndAdministrativeExpenses": 0,
        "sellingAndMarketingExpenses": 0,
        "sellingGeneralAndAdministrativeExpenses": 1274900000,
        "otherExpenses": 157000000,
        "operatingExpenses": 1431900000,
        "costAndExpenses": 2496600000,
        "interestIncome": 0,
        "interestExpense": 0,
        "depreciationAndAmortization": -157000000,
        "ebitda": 346300000,
        "ebitdaratio": 0.1269707414,
        "operatingIncome": 214000000,
        "operatingIncomeRatio": 0.0784630051,
        "totalOtherIncomeExpensesNet": -16800000,
        "incomeBeforeTax": 214000000,
        "incomeBeforeTaxRatio": 0.0784630051,
        "incomeTaxExpense": 77000000,
        "netIncome": 137000000,
        "netIncomeRatio": 0.0502309892,
        "eps": 2.93,
        "epsdiluted": 2.93,
        "weightedAverageShsOut": 46774766,
        "weightedAverageShsOutDil": 46774766,
        "link": "",
        "finalLink": ""
    },
    {
        "date": "1989-06-30",
        "symbol": "AAL",
        "reportedCurrency": "USD",
        "cik": "0000006201",
        "fillingDate": "1989-06-30",
        "acceptedDate": "1989-06-29 20:00:00",
        "calendarYear": "1989",
        "period": "Q2",
        "revenue": 2715700000,
        "costOfRevenue": 1055500000,
        "grossProfit": 1660200000,
        "grossProfitRatio": 0.6113340943,
        "researchAndDevelopmentExpenses": 0,
        "generalAndAdministrativeExpenses": 0,
        "sellingAndMarketingExpenses": 0,
        "sellingGeneralAndAdministrativeExpenses": 1226700000,
        "otherExpenses": 147000000,
        "operatingExpenses": 1373700000,
        "costAndExpenses": 2429200000,
        "interestIncome": 0,
        "interestExpense": 0,
        "depreciationAndAmortization": 147000000,
        "ebitda": 433500000,
        "ebitdaratio": 0.1596273521,
        "operatingIncome": 279900000,
        "operatingIncomeRatio": 0.1030673491,
        "totalOtherIncomeExpensesNet": -6600000,
        "incomeBeforeTax": 279900000,
        "incomeBeforeTaxRatio": 0.1030673491,
        "incomeTaxExpense": 102000000,
        "netIncome": 177900000,
        "netIncomeRatio": 0.0655079722,
        "eps": 3.84,
        "epsdiluted": 3.84,
        "weightedAverageShsOut": 46329894,
        "weightedAverageShsOutDil": 46329894,
        "link": "",
        "finalLink": ""
    },
    {
        "date": "1989-03-31",
        "symbol": "AAL",
        "reportedCurrency": "USD",
        "cik": "0000006201",
        "fillingDate": "1989-03-31",
        "acceptedDate": "1989-03-30 19:00:00",
        "calendarYear": "1989",
        "period": "Q1",
        "revenue": 2451000000,
        "costOfRevenue": 0,
        "grossProfit": 2451000000,
        "grossProfitRatio": 1,
        "researchAndDevelopmentExpenses": 0,
        "generalAndAdministrativeExpenses": 0,
        "sellingAndMarketingExpenses": 0,
        "sellingGeneralAndAdministrativeExpenses": 0,
        "otherExpenses": 0,
        "operatingExpenses": 0,
        "costAndExpenses": 0,
        "interestIncome": 0,
        "interestExpense": 0,
        "depreciationAndAmortization": -2350000000,
        "ebitda": 2451000000,
        "ebitdaratio": 1,
        "operatingIncome": 2451000000,
        "operatingIncomeRatio": 1,
        "totalOtherIncomeExpensesNet": 0,
        "incomeBeforeTax": 0,
        "incomeBeforeTaxRatio": 0,
        "incomeTaxExpense": 2350000000,
        "netIncome": 101000000,
        "netIncomeRatio": 0.0412076703,
        "eps": 2.17,
        "epsdiluted": 2.17,
        "weightedAverageShsOut": 46572222,
        "weightedAverageShsOutDil": 46572222,
        "link": "",
        "finalLink": ""
    },
    {
        "date": "1988-12-31",
        "symbol": "AAL",
        "reportedCurrency": "USD",
        "cik": "0000006201",
        "fillingDate": "1988-12-31",
        "acceptedDate": "1988-12-30 19:00:00",
        "calendarYear": "1988",
        "period": "Q4",
        "revenue": 2368000000,
        "costOfRevenue": 0,
        "grossProfit": 2368000000,
        "grossProfitRatio": 1,
        "researchAndDevelopmentExpenses": 0,
        "generalAndAdministrativeExpenses": 0,
        "sellingAndMarketingExpenses": 0,
        "sellingGeneralAndAdministrativeExpenses": 0,
        "otherExpenses": 2368000000,
        "operatingExpenses": -8017800000,
        "costAndExpenses": -8017800000,
        "interestIncome": 0,
        "interestExpense": 0,
        "depreciationAndAmortization": 5766500000,
        "ebitda": -5649800000,
        "ebitdaratio": -2.3858952703,
        "operatingIncome": -5649800000,
        "operatingIncomeRatio": -2.3858952703,
        "totalOtherIncomeExpensesNet": 0,
        "incomeBeforeTax": 0,
        "incomeBeforeTaxRatio": 0,
        "incomeTaxExpense": -5766500000,
        "netIncome": 116700000,
        "netIncomeRatio": 0.0492820946,
        "eps": 2.51,
        "epsdiluted": 2.51,
        "weightedAverageShsOut": 46572222,
        "weightedAverageShsOutDil": 46572222,
        "link": "",
        "finalLink": ""
    },
    {
        "date": "1988-09-30",
        "symbol": "AAL",
        "reportedCurrency": "USD",
        "cik": "0000006201",
        "fillingDate": "1988-09-30",
        "acceptedDate": "1988-09-29 20:00:00",
        "calendarYear": "1988",
        "period": "Q3",
        "revenue": 2328300000,
        "costOfRevenue": 0,
        "grossProfit": 2328300000,
        "grossProfitRatio": 1,
        "researchAndDevelopmentExpenses": 0,
        "generalAndAdministrativeExpenses": 0,
        "sellingAndMarketingExpenses": 0,
        "sellingGeneralAndAdministrativeExpenses": 0,
        "otherExpenses": 2328300000,
        "operatingExpenses": 0,
        "costAndExpenses": 0,
        "interestIncome": 0,
        "interestExpense": 0,
        "depreciationAndAmortization": -2178000000,
        "ebitda": 2328300000,
        "ebitdaratio": 1,
        "operatingIncome": 2328300000,
        "operatingIncomeRatio": 1,
        "totalOtherIncomeExpensesNet": 0,
        "incomeBeforeTax": 0,
        "incomeBeforeTaxRatio": 0,
        "incomeTaxExpense": 2178000000,
        "netIncome": 150300000,
        "netIncomeRatio": 0.0645535369,
        "eps": 3.35,
        "epsdiluted": 3.35,
        "weightedAverageShsOut": 44909640,
        "weightedAverageShsOutDil": 44909640,
        "link": "",
        "finalLink": ""
    },
    {
        "date": "1988-06-30",
        "symbol": "AAL",
        "reportedCurrency": "USD",
        "cik": "0000006201",
        "fillingDate": "1988-06-30",
        "acceptedDate": "1988-06-29 20:00:00",
        "calendarYear": "1988",
        "period": "Q2",
        "revenue": 2163200000,
        "costOfRevenue": 0,
        "grossProfit": 2163200000,
        "grossProfitRatio": 1,
        "researchAndDevelopmentExpenses": 0,
        "generalAndAdministrativeExpenses": 0,
        "sellingAndMarketingExpenses": 0,
        "sellingGeneralAndAdministrativeExpenses": 0,
        "otherExpenses": 2163200000,
        "operatingExpenses": 0,
        "costAndExpenses": 0,
        "interestIncome": 0,
        "interestExpense": 0,
        "depreciationAndAmortization": -2021800000,
        "ebitda": 2163200000,
        "ebitdaratio": 1,
        "operatingIncome": 2163200000,
        "operatingIncomeRatio": 1,
        "totalOtherIncomeExpensesNet": 0,
        "incomeBeforeTax": 0,
        "incomeBeforeTaxRatio": 0,
        "incomeTaxExpense": 2021800000,
        "netIncome": 141400000,
        "netIncomeRatio": 0.0653661243,
        "eps": 3.19,
        "epsdiluted": 3.19,
        "weightedAverageShsOut": 44380588,
        "weightedAverageShsOutDil": 44380588,
        "link": "",
        "finalLink": ""
    },
    {
        "date": "1988-03-31",
        "symbol": "AAL",
        "reportedCurrency": "USD",
        "cik": "0000006201",
        "fillingDate": "1988-03-31",
        "acceptedDate": "1988-03-30 19:00:00",
        "calendarYear": "1988",
        "period": "Q1",
        "revenue": 1964800000,
        "costOfRevenue": 0,
        "grossProfit": 1964800000,
        "grossProfitRatio": 1,
        "researchAndDevelopmentExpenses": 0,
        "generalAndAdministrativeExpenses": 0,
        "sellingAndMarketingExpenses": 0,
        "sellingGeneralAndAdministrativeExpenses": 0,
        "otherExpenses": 1964800000,
        "operatingExpenses": 0,
        "costAndExpenses": 0,
        "interestIncome": 0,
        "interestExpense": 0,
        "depreciationAndAmortization": -1896400000,
        "ebitda": 1964800000,
        "ebitdaratio": 1,
        "operatingIncome": 1964800000,
        "operatingIncomeRatio": 1,
        "totalOtherIncomeExpensesNet": 0,
        "incomeBeforeTax": 0,
        "incomeBeforeTaxRatio": 0,
        "incomeTaxExpense": 1896400000,
        "netIncome": 68400000,
        "netIncomeRatio": 0.0348127036,
        "eps": 1.5,
        "epsdiluted": 1.5,
        "weightedAverageShsOut": 45620357,
        "weightedAverageShsOutDil": 45620357,
        "link": "",
        "finalLink": ""
    },
    {
        "date": "1987-12-31",
        "symbol": "AAL",
        "reportedCurrency": "USD",
        "cik": "0000006201",
        "fillingDate": "1987-12-31",
        "acceptedDate": "1987-12-30 19:00:00",
        "calendarYear": "1987",
        "period": "Q4",
        "revenue": 1882100000,
        "costOfRevenue": 0,
        "grossProfit": 1882100000,
        "grossProfitRatio": 1,
        "researchAndDevelopmentExpenses": 0,
        "generalAndAdministrativeExpenses": 0,
        "sellingAndMarketingExpenses": 0,
        "sellingGeneralAndAdministrativeExpenses": 0,
        "otherExpenses": 1882100000,
        "operatingExpenses": -6736900000,
        "costAndExpenses": -6736900000,
        "interestIncome": 0,
        "interestExpense": 0,
        "depreciationAndAmortization": 4854000000,
        "ebitda": -4854800000,
        "ebitdaratio": -2.5794591148,
        "operatingIncome": -4854800000,
        "operatingIncomeRatio": -2.5794591148,
        "totalOtherIncomeExpensesNet": 4854800000,
        "incomeBeforeTax": 0,
        "incomeBeforeTaxRatio": 0,
        "incomeTaxExpense": -4854000000,
        "netIncome": -800000,
        "netIncomeRatio": -0.0004250571,
        "eps": -0.0184,
        "epsdiluted": -0.0175,
        "weightedAverageShsOut": 43536810,
        "weightedAverageShsOutDil": 45620357,
        "link": "",
        "finalLink": ""
    },
    {
        "date": "1987-09-30",
        "symbol": "AAL",
        "reportedCurrency": "USD",
        "cik": "0000006201",
        "fillingDate": "1987-09-30",
        "acceptedDate": "1987-09-29 20:00:00",
        "calendarYear": "1987",
        "period": "Q3",
        "revenue": 1975400000,
        "costOfRevenue": 0,
        "grossProfit": 1975400000,
        "grossProfitRatio": 1,
        "researchAndDevelopmentExpenses": 0,
        "generalAndAdministrativeExpenses": 0,
        "sellingAndMarketingExpenses": 0,
        "sellingGeneralAndAdministrativeExpenses": 0,
        "otherExpenses": 1975400000,
        "operatingExpenses": 0,
        "costAndExpenses": 0,
        "interestIncome": 0,
        "interestExpense": 0,
        "depreciationAndAmortization": -1888300000,
        "ebitda": 1975400000,
        "ebitdaratio": 1,
        "operatingIncome": 1975400000,
        "operatingIncomeRatio": 1,
        "totalOtherIncomeExpensesNet": 0,
        "incomeBeforeTax": 0,
        "incomeBeforeTaxRatio": 0,
        "incomeTaxExpense": 1888300000,
        "netIncome": 87100000,
        "netIncomeRatio": 0.0440923357,
        "eps": 1.93,
        "epsdiluted": 1.93,
        "weightedAverageShsOut": 45183125,
        "weightedAverageShsOutDil": 45183125,
        "link": "",
        "finalLink": ""
    },
    {
        "date": "1987-06-30",
        "symbol": "AAL",
        "reportedCurrency": "USD",
        "cik": "0000006201",
        "fillingDate": "1987-06-30",
        "acceptedDate": "1987-06-29 20:00:00",
        "calendarYear": "1987",
        "period": "Q2",
        "revenue": 1831100000,
        "costOfRevenue": 0,
        "grossProfit": 1831100000,
        "grossProfitRatio": 1,
        "researchAndDevelopmentExpenses": 0,
        "generalAndAdministrativeExpenses": 0,
        "sellingAndMarketingExpenses": 0,
        "sellingGeneralAndAdministrativeExpenses": 0,
        "otherExpenses": 1831100000,
        "operatingExpenses": 0,
        "costAndExpenses": 0,
        "interestIncome": 0,
        "interestExpense": 0,
        "depreciationAndAmortization": -1738900000,
        "ebitda": 1831100000,
        "ebitdaratio": 1,
        "operatingIncome": 1831100000,
        "operatingIncomeRatio": 1,
        "totalOtherIncomeExpensesNet": 0,
        "incomeBeforeTax": 0,
        "incomeBeforeTaxRatio": 0,
        "incomeTaxExpense": 1738900000,
        "netIncome": 92200000,
        "netIncomeRatio": 0.0503522473,
        "eps": 2.03,
        "epsdiluted": 2.03,
        "weightedAverageShsOut": 45311447,
        "weightedAverageShsOutDil": 45311447,
        "link": "",
        "finalLink": ""
    },
    {
        "date": "1987-03-31",
        "symbol": "AAL",
        "reportedCurrency": "USD",
        "cik": "0000006201",
        "fillingDate": "1987-03-31",
        "acceptedDate": "1987-03-30 19:00:00",
        "calendarYear": "1987",
        "period": "Q1",
        "revenue": 1509300000,
        "costOfRevenue": 0,
        "grossProfit": 1509300000,
        "grossProfitRatio": 1,
        "researchAndDevelopmentExpenses": 0,
        "generalAndAdministrativeExpenses": 0,
        "sellingAndMarketingExpenses": 0,
        "sellingGeneralAndAdministrativeExpenses": 0,
        "otherExpenses": 1509300000,
        "operatingExpenses": 0,
        "costAndExpenses": 0,
        "interestIncome": 0,
        "interestExpense": 0,
        "depreciationAndAmortization": -1489400000,
        "ebitda": 1509300000,
        "ebitdaratio": 1,
        "operatingIncome": 1509300000,
        "operatingIncomeRatio": 1,
        "totalOtherIncomeExpensesNet": 0,
        "incomeBeforeTax": 0,
        "incomeBeforeTaxRatio": 0,
        "incomeTaxExpense": 1489400000,
        "netIncome": 19900000,
        "netIncomeRatio": 0.0131849202,
        "eps": 0.48,
        "epsdiluted": 0.48,
        "weightedAverageShsOut": 41292500,
        "weightedAverageShsOutDil": 41292500,
        "link": "",
        "finalLink": ""
    },
    {
        "date": "1986-12-31",
        "symbol": "AAL",
        "reportedCurrency": "USD",
        "cik": "0000006201",
        "fillingDate": "1986-12-31",
        "acceptedDate": "1986-12-30 19:00:00",
        "calendarYear": "1986",
        "period": "Q4",
        "revenue": 1498600000,
        "costOfRevenue": 0,
        "grossProfit": 1498600000,
        "grossProfitRatio": 1,
        "researchAndDevelopmentExpenses": 0,
        "generalAndAdministrativeExpenses": 0,
        "sellingAndMarketingExpenses": 0,
        "sellingGeneralAndAdministrativeExpenses": 0,
        "otherExpenses": 1498600000,
        "operatingExpenses": -5607300000,
        "costAndExpenses": -5607300000,
        "interestIncome": 0,
        "interestExpense": 0,
        "depreciationAndAmortization": 4143800000,
        "ebitda": -4108700000,
        "ebitdaratio": -2.7416922461,
        "operatingIncome": -4108700000,
        "operatingIncomeRatio": -2.7416922461,
        "totalOtherIncomeExpensesNet": 0,
        "incomeBeforeTax": 0,
        "incomeBeforeTaxRatio": 0,
        "incomeTaxExpense": -4143800000,
        "netIncome": 35100000,
        "netIncomeRatio": 0.0234218604,
        "eps": 0.85,
        "epsdiluted": 0.85,
        "weightedAverageShsOut": 40886658,
        "weightedAverageShsOutDil": 41292500,
        "link": "",
        "finalLink": ""
    },
    {
        "date": "1986-09-30",
        "symbol": "AAL",
        "reportedCurrency": "USD",
        "cik": "0000006201",
        "fillingDate": "1986-09-30",
        "acceptedDate": "1986-09-29 20:00:00",
        "calendarYear": "1986",
        "period": "Q3",
        "revenue": 1546800000,
        "costOfRevenue": 0,
        "grossProfit": 1546800000,
        "grossProfitRatio": 1,
        "researchAndDevelopmentExpenses": 0,
        "generalAndAdministrativeExpenses": 0,
        "sellingAndMarketingExpenses": 0,
        "sellingGeneralAndAdministrativeExpenses": 0,
        "otherExpenses": 1546800000,
        "operatingExpenses": 0,
        "costAndExpenses": 0,
        "interestIncome": 0,
        "interestExpense": 0,
        "depreciationAndAmortization": -1435100000,
        "ebitda": 1546800000,
        "ebitdaratio": 1,
        "operatingIncome": 1546800000,
        "operatingIncomeRatio": 1,
        "totalOtherIncomeExpensesNet": 0,
        "incomeBeforeTax": 0,
        "incomeBeforeTaxRatio": 0,
        "incomeTaxExpense": 1435100000,
        "netIncome": 111700000,
        "netIncomeRatio": 0.0722136023,
        "eps": 2.46,
        "epsdiluted": 2.46,
        "weightedAverageShsOut": 45347772,
        "weightedAverageShsOutDil": 45347772,
        "link": "",
        "finalLink": ""
    },
    {
        "date": "1986-06-30",
        "symbol": "AAL",
        "reportedCurrency": "USD",
        "cik": "0000006201",
        "fillingDate": "1986-06-30",
        "acceptedDate": "1986-06-29 20:00:00",
        "calendarYear": "1986",
        "period": "Q2",
        "revenue": 1517700000,
        "costOfRevenue": 0,
        "grossProfit": 1517700000,
        "grossProfitRatio": 1,
        "researchAndDevelopmentExpenses": 0,
        "generalAndAdministrativeExpenses": 0,
        "sellingAndMarketingExpenses": 0,
        "sellingGeneralAndAdministrativeExpenses": 0,
        "otherExpenses": 1517700000,
        "operatingExpenses": 0,
        "costAndExpenses": 0,
        "interestIncome": 0,
        "interestExpense": 0,
        "depreciationAndAmortization": -1389500000,
        "ebitda": 1517700000,
        "ebitdaratio": 1,
        "operatingIncome": 1517700000,
        "operatingIncomeRatio": 1,
        "totalOtherIncomeExpensesNet": 0,
        "incomeBeforeTax": 0,
        "incomeBeforeTaxRatio": 0,
        "incomeTaxExpense": 1389500000,
        "netIncome": 128200000,
        "netIncomeRatio": 0.0844699216,
        "eps": 2.76,
        "epsdiluted": 2.76,
        "weightedAverageShsOut": 46488058,
        "weightedAverageShsOutDil": 46488058,
        "link": "",
        "finalLink": ""
    },
    {
        "date": "1986-03-31",
        "symbol": "AAL",
        "reportedCurrency": "USD",
        "cik": "0000006201",
        "fillingDate": "1986-03-31",
        "acceptedDate": "1986-03-30 19:00:00",
        "calendarYear": "1986",
        "period": "Q1",
        "revenue": 1455100000,
        "costOfRevenue": 0,
        "grossProfit": 1455100000,
        "grossProfitRatio": 1,
        "researchAndDevelopmentExpenses": 0,
        "generalAndAdministrativeExpenses": 0,
        "sellingAndMarketingExpenses": 0,
        "sellingGeneralAndAdministrativeExpenses": 0,
        "otherExpenses": 1455100000,
        "operatingExpenses": 0,
        "costAndExpenses": 0,
        "interestIncome": 0,
        "interestExpense": 0,
        "depreciationAndAmortization": -1450900000,
        "ebitda": 1455100000,
        "ebitdaratio": 1,
        "operatingIncome": 1455100000,
        "operatingIncomeRatio": 1,
        "totalOtherIncomeExpensesNet": 0,
        "incomeBeforeTax": 0,
        "incomeBeforeTaxRatio": 0,
        "incomeTaxExpense": 1450900000,
        "netIncome": 4200000,
        "netIncomeRatio": 0.0028863996,
        "eps": 0.0958,
        "epsdiluted": 0.0958,
        "weightedAverageShsOut": 43837381,
        "weightedAverageShsOutDil": 43837381,
        "link": "",
        "finalLink": ""
    },
    {
        "date": "1985-12-31",
        "symbol": "AAL",
        "reportedCurrency": "USD",
        "cik": "0000006201",
        "fillingDate": "1985-12-31",
        "acceptedDate": "1985-12-30 19:00:00",
        "calendarYear": "1985",
        "period": "Q4",
        "revenue": 1488200000,
        "costOfRevenue": 0,
        "grossProfit": 1488200000,
        "grossProfitRatio": 1,
        "researchAndDevelopmentExpenses": 0,
        "generalAndAdministrativeExpenses": 0,
        "sellingAndMarketingExpenses": 0,
        "sellingGeneralAndAdministrativeExpenses": 0,
        "otherExpenses": 1488200000,
        "operatingExpenses": -5594400000,
        "costAndExpenses": -5594400000,
        "interestIncome": 0,
        "interestExpense": 0,
        "depreciationAndAmortization": 4130600000,
        "ebitda": -4106200000,
        "ebitdaratio": -2.7591721543,
        "operatingIncome": -4106200000,
        "operatingIncomeRatio": -2.7591721543,
        "totalOtherIncomeExpensesNet": 0,
        "incomeBeforeTax": 0,
        "incomeBeforeTaxRatio": 0,
        "incomeTaxExpense": -4130600000,
        "netIncome": 24400000,
        "netIncomeRatio": 0.0163956457,
        "eps": 0.56,
        "epsdiluted": 0.56,
        "weightedAverageShsOut": 43837381,
        "weightedAverageShsOutDil": 43837381,
        "link": "",
        "finalLink": ""
    },
    {
        "date": "1985-09-30",
        "symbol": "AAL",
        "reportedCurrency": "USD",
        "cik": "0000006201",
        "fillingDate": "1985-09-30",
        "acceptedDate": "1985-09-29 20:00:00",
        "calendarYear": "1985",
        "period": "Q3",
        "revenue": 1561100000,
        "costOfRevenue": 0,
        "grossProfit": 1561100000,
        "grossProfitRatio": 1,
        "researchAndDevelopmentExpenses": 0,
        "generalAndAdministrativeExpenses": 0,
        "sellingAndMarketingExpenses": 0,
        "sellingGeneralAndAdministrativeExpenses": 0,
        "otherExpenses": 1561100000,
        "operatingExpenses": 0,
        "costAndExpenses": 0,
        "interestIncome": 0,
        "interestExpense": 0,
        "depreciationAndAmortization": -1473800000,
        "ebitda": 1561100000,
        "ebitdaratio": 1,
        "operatingIncome": 1561100000,
        "operatingIncomeRatio": 1,
        "totalOtherIncomeExpensesNet": 0,
        "incomeBeforeTax": 0,
        "incomeBeforeTaxRatio": 0,
        "incomeTaxExpense": 1473800000,
        "netIncome": 87300000,
        "netIncomeRatio": 0.0559221062,
        "eps": 1.98,
        "epsdiluted": 1.98,
        "weightedAverageShsOut": 44062905,
        "weightedAverageShsOutDil": 44062905,
        "link": "",
        "finalLink": ""
    }
]