[
    {
        "date": "2025-06-30",
        "symbol": "AD",
        "reportedCurrency": "USD",
        "cik": "0000000000",
        "fillingDate": "2025-06-30",
        "acceptedDate": "2025-06-30 00:00:00",
        "calendarYear": "2025",
        "period": "Q2",
        "revenue": 916000000,
        "costOfRevenue": 392000000,
        "grossProfit": 524000000,
        "grossProfitRatio": 0.5720524017,
        "researchAndDevelopmentExpenses": 0,
        "generalAndAdministrativeExpenses": 0,
        "sellingAndMarketingExpenses": 0,
        "sellingGeneralAndAdministrativeExpenses": 328000000,
        "otherExpenses": 161000000,
        "operatingExpenses": 489000000,
        "costAndExpenses": 881000000,
        "interestIncome": 4000000,
        "interestExpense": 45000000,
        "depreciationAndAmortization": 163000000,
        "ebitda": 244000000,
        "ebitdaratio": 0.2663755459,
        "operatingIncome": 35000000,
        "operatingIncomeRatio": 0.038209607,
        "totalOtherIncomeExpensesNet": 1000000,
        "incomeBeforeTax": 36000000,
        "incomeBeforeTaxRatio": 0.03930131,
        "incomeTaxExpense": 4000000,
        "netIncome": 31000000,
        "netIncomeRatio": 0.0338427948,
        "eps": 0.36,
        "epsdiluted": 0.36,
        "weightedAverageShsOut": 86000000,
        "weightedAverageShsOutDil": 88000000,
        "link": null,
        "finalLink": null
    },
    {
        "date": "2025-03-31",
        "symbol": "AD",
        "reportedCurrency": "USD",
        "cik": "0000000000",
        "fillingDate": "2025-03-31",
        "acceptedDate": "2025-03-31 00:00:00",
        "calendarYear": "2025",
        "period": "Q1",
        "revenue": 891000000,
        "costOfRevenue": 354000000,
        "grossProfit": 537000000,
        "grossProfitRatio": 0.6026936027,
        "researchAndDevelopmentExpenses": 0,
        "generalAndAdministrativeExpenses": 0,
        "sellingAndMarketingExpenses": 0,
        "sellingGeneralAndAdministrativeExpenses": 332000000,
        "otherExpenses": 164000000,
        "operatingExpenses": 496000000,
        "costAndExpenses": 850000000,
        "interestIncome": 3000000,
        "interestExpense": 40000000,
        "depreciationAndAmortization": 163000000,
        "ebitda": 243000000,
        "ebitdaratio": 0.2727272727,
        "operatingIncome": 41000000,
        "operatingIncomeRatio": 0.0460157127,
        "totalOtherIncomeExpensesNet": -1000000,
        "incomeBeforeTax": 40000000,
        "incomeBeforeTaxRatio": 0.0448933782,
        "incomeTaxExpense": 20000000,
        "netIncome": 18000000,
        "netIncomeRatio": 0.0202020202,
        "eps": 0.21,
        "epsdiluted": 0.21,
        "weightedAverageShsOut": 85000000,
        "weightedAverageShsOutDil": 88000000,
        "link": null,
        "finalLink": null
    },
    {
        "date": "2024-12-31",
        "symbol": "AD",
        "reportedCurrency": "USD",
        "cik": "0000000000",
        "fillingDate": "2024-12-31",
        "acceptedDate": "2024-12-31 00:00:00",
        "calendarYear": "2024",
        "period": "Q4",
        "revenue": 971000000,
        "costOfRevenue": 458000000,
        "grossProfit": 513000000,
        "grossProfitRatio": 0.5283213182,
        "researchAndDevelopmentExpenses": 0,
        "generalAndAdministrativeExpenses": 0,
        "sellingAndMarketingExpenses": 0,
        "sellingGeneralAndAdministrativeExpenses": 353000000,
        "otherExpenses": 169000000,
        "operatingExpenses": 522000000,
        "costAndExpenses": 980000000,
        "interestIncome": 3000000,
        "interestExpense": 46000000,
        "depreciationAndAmortization": 166000000,
        "ebitda": 198000000,
        "ebitdaratio": 0.2039134912,
        "operatingIncome": -9000000,
        "operatingIncomeRatio": -0.0092687951,
        "totalOtherIncomeExpensesNet": -5000000,
        "incomeBeforeTax": -14000000,
        "incomeBeforeTaxRatio": -0.0144181256,
        "incomeTaxExpense": -19000000,
        "netIncome": 5000000,
        "netIncomeRatio": 0.0051493306,
        "eps": 0.0588,
        "epsdiluted": 0.05,
        "weightedAverageShsOut": 85000000,
        "weightedAverageShsOutDil": 88000000,
        "link": null,
        "finalLink": null
    },
    {
        "date": "2024-09-30",
        "symbol": "AD",
        "reportedCurrency": "USD",
        "cik": "0000000000",
        "fillingDate": "2024-09-30",
        "acceptedDate": "2024-09-30 00:00:00",
        "calendarYear": "2024",
        "period": "Q3",
        "revenue": 922000000,
        "costOfRevenue": 383000000,
        "grossProfit": 539000000,
        "grossProfitRatio": 0.5845986985,
        "researchAndDevelopmentExpenses": 0,
        "generalAndAdministrativeExpenses": 0,
        "sellingAndMarketingExpenses": 0,
        "sellingGeneralAndAdministrativeExpenses": 324000000,
        "otherExpenses": 305000000,
        "operatingExpenses": 629000000,
        "costAndExpenses": 1012000000,
        "interestIncome": 4000000,
        "interestExpense": 49000000,
        "depreciationAndAmortization": 170000000,
        "ebitda": 127000000,
        "ebitdaratio": 0.1377440347,
        "operatingIncome": -90000000,
        "operatingIncomeRatio": -0.0976138829,
        "totalOtherIncomeExpensesNet": -2000000,
        "incomeBeforeTax": -92000000,
        "incomeBeforeTaxRatio": -0.0997830803,
        "incomeTaxExpense": -14000000,
        "netIncome": -79000000,
        "netIncomeRatio": -0.0856832972,
        "eps": -0.92,
        "epsdiluted": -0.92,
        "weightedAverageShsOut": 86000000,
        "weightedAverageShsOutDil": 86000000,
        "link": null,
        "finalLink": null
    },
    {
        "date": "2024-06-30",
        "symbol": "AD",
        "reportedCurrency": "USD",
        "cik": "0000000000",
        "fillingDate": "2024-06-30",
        "acceptedDate": "2024-06-30 00:00:00",
        "calendarYear": "2024",
        "period": "Q2",
        "revenue": 927000000,
        "costOfRevenue": 391000000,
        "grossProfit": 536000000,
        "grossProfitRatio": 0.5782092772,
        "researchAndDevelopmentExpenses": 0,
        "generalAndAdministrativeExpenses": 0,
        "sellingAndMarketingExpenses": 0,
        "sellingGeneralAndAdministrativeExpenses": 322000000,
        "otherExpenses": 178000000,
        "operatingExpenses": 500000000,
        "costAndExpenses": 891000000,
        "interestIncome": 3000000,
        "interestExpense": 45000000,
        "depreciationAndAmortization": 165000000,
        "ebitda": 242000000,
        "ebitdaratio": 0.2610571737,
        "operatingIncome": 36000000,
        "operatingIncomeRatio": 0.0388349515,
        "totalOtherIncomeExpensesNet": -4000000,
        "incomeBeforeTax": 32000000,
        "incomeBeforeTaxRatio": 0.0345199569,
        "incomeTaxExpense": 14000000,
        "netIncome": 17000000,
        "netIncomeRatio": 0.0183387271,
        "eps": 0.2,
        "epsdiluted": 0.2,
        "weightedAverageShsOut": 86000000,
        "weightedAverageShsOutDil": 88000000,
        "link": null,
        "finalLink": null
    },
    {
        "date": "2024-03-31",
        "symbol": "AD",
        "reportedCurrency": "USD",
        "cik": "0000000000",
        "fillingDate": "2024-03-31",
        "acceptedDate": "2024-03-31 00:00:00",
        "calendarYear": "2024",
        "period": "Q1",
        "revenue": 950000000,
        "costOfRevenue": 398000000,
        "grossProfit": 552000000,
        "grossProfitRatio": 0.5810526316,
        "researchAndDevelopmentExpenses": 0,
        "generalAndAdministrativeExpenses": 0,
        "sellingAndMarketingExpenses": 0,
        "sellingGeneralAndAdministrativeExpenses": 331000000,
        "otherExpenses": 170000000,
        "operatingExpenses": 501000000,
        "costAndExpenses": 899000000,
        "interestIncome": 2000000,
        "interestExpense": 43000000,
        "depreciationAndAmortization": 165000000,
        "ebitda": 221000000,
        "ebitdaratio": 0.2326315789,
        "operatingIncome": 51000000,
        "operatingIncomeRatio": 0.0536842105,
        "totalOtherIncomeExpensesNet": 1000000,
        "incomeBeforeTax": 52000000,
        "incomeBeforeTaxRatio": 0.0547368421,
        "incomeTaxExpense": 28000000,
        "netIncome": 18000000,
        "netIncomeRatio": 0.0189473684,
        "eps": 0.21,
        "epsdiluted": 0.2,
        "weightedAverageShsOut": 90000000,
        "weightedAverageShsOutDil": 88000000,
        "link": null,
        "finalLink": null
    },
    {
        "date": "2023-12-31",
        "symbol": "AD",
        "reportedCurrency": "USD",
        "cik": "0000000000",
        "fillingDate": "2023-12-31",
        "acceptedDate": "2023-12-31 00:00:00",
        "calendarYear": "2023",
        "period": "Q4",
        "revenue": 1000000000,
        "costOfRevenue": 463000000,
        "grossProfit": 537000000,
        "grossProfitRatio": 0.537,
        "researchAndDevelopmentExpenses": 0,
        "generalAndAdministrativeExpenses": 0,
        "sellingAndMarketingExpenses": 0,
        "sellingGeneralAndAdministrativeExpenses": 348000000,
        "otherExpenses": 167000000,
        "operatingExpenses": 515000000,
        "costAndExpenses": 978000000,
        "interestIncome": 0,
        "interestExpense": 0,
        "depreciationAndAmortization": 166000000,
        "ebitda": 189000000,
        "ebitdaratio": 0.189,
        "operatingIncome": 22000000,
        "operatingIncomeRatio": 0.022,
        "totalOtherIncomeExpensesNet": -10000000,
        "incomeBeforeTax": 12000000,
        "incomeBeforeTaxRatio": 0.012,
        "incomeTaxExpense": 3000000,
        "netIncome": 14000000,
        "netIncomeRatio": 0.014,
        "eps": 0.16,
        "epsdiluted": 0.16,
        "weightedAverageShsOut": 85615391,
        "weightedAverageShsOutDil": 88000000,
        "link": null,
        "finalLink": null
    },
    {
        "date": "2023-09-30",
        "symbol": "AD",
        "reportedCurrency": "USD",
        "cik": "0000000000",
        "fillingDate": "2023-09-30",
        "acceptedDate": "2023-09-30 00:00:00",
        "calendarYear": "2023",
        "period": "Q3",
        "revenue": 963000000,
        "costOfRevenue": 413000000,
        "grossProfit": 550000000,
        "grossProfitRatio": 0.5711318795,
        "researchAndDevelopmentExpenses": 0,
        "generalAndAdministrativeExpenses": 0,
        "sellingAndMarketingExpenses": 0,
        "sellingGeneralAndAdministrativeExpenses": 333000000,
        "otherExpenses": 160000000,
        "operatingExpenses": 493000000,
        "costAndExpenses": 906000000,
        "interestIncome": 0,
        "interestExpense": 0,
        "depreciationAndAmortization": 160000000,
        "ebitda": 218000000,
        "ebitdaratio": 0.2263759086,
        "operatingIncome": 57000000,
        "operatingIncomeRatio": 0.0591900312,
        "totalOtherIncomeExpensesNet": -7000000,
        "incomeBeforeTax": 50000000,
        "incomeBeforeTaxRatio": 0.05192108,
        "incomeTaxExpense": 27000000,
        "netIncome": 23000000,
        "netIncomeRatio": 0.0238836968,
        "eps": 0.27,
        "epsdiluted": 0.26,
        "weightedAverageShsOut": 88461538,
        "weightedAverageShsOutDil": 86000000,
        "link": null,
        "finalLink": null
    },
    {
        "date": "2023-06-30",
        "symbol": "AD",
        "reportedCurrency": "USD",
        "cik": "0000000000",
        "fillingDate": "2023-06-30",
        "acceptedDate": "2023-06-30 00:00:00",
        "calendarYear": "2023",
        "period": "Q2",
        "revenue": 957000000,
        "costOfRevenue": 418000000,
        "grossProfit": 539000000,
        "grossProfitRatio": 0.5632183908,
        "researchAndDevelopmentExpenses": 0,
        "generalAndAdministrativeExpenses": 0,
        "sellingAndMarketingExpenses": 0,
        "sellingGeneralAndAdministrativeExpenses": 341000000,
        "otherExpenses": 164000000,
        "operatingExpenses": 505000000,
        "costAndExpenses": 923000000,
        "interestIncome": 0,
        "interestExpense": 0,
        "depreciationAndAmortization": 160000000,
        "ebitda": 197000000,
        "ebitdaratio": 0.2058516196,
        "operatingIncome": 34000000,
        "operatingIncomeRatio": 0.0355276907,
        "totalOtherIncomeExpensesNet": -10000000,
        "incomeBeforeTax": 24000000,
        "incomeBeforeTaxRatio": 0.0250783699,
        "incomeTaxExpense": 19000000,
        "netIncome": 5000000,
        "netIncomeRatio": 0.0052246604,
        "eps": 0.0588,
        "epsdiluted": 0.05,
        "weightedAverageShsOut": 100000000,
        "weightedAverageShsOutDil": 86000000,
        "link": null,
        "finalLink": null
    },
    {
        "date": "2023-03-31",
        "symbol": "AD",
        "reportedCurrency": "USD",
        "cik": "0000000000",
        "fillingDate": "2023-03-31",
        "acceptedDate": "2023-03-31 00:00:00",
        "calendarYear": "2023",
        "period": "Q1",
        "revenue": 986000000,
        "costOfRevenue": 435000000,
        "grossProfit": 551000000,
        "grossProfitRatio": 0.5588235294,
        "researchAndDevelopmentExpenses": 0,
        "generalAndAdministrativeExpenses": 0,
        "sellingAndMarketingExpenses": 0,
        "sellingGeneralAndAdministrativeExpenses": 345000000,
        "otherExpenses": 180000000,
        "operatingExpenses": 525000000,
        "costAndExpenses": 960000000,
        "interestIncome": 0,
        "interestExpense": 0,
        "depreciationAndAmortization": 170000000,
        "ebitda": 206000000,
        "ebitdaratio": 0.2089249493,
        "operatingIncome": 26000000,
        "operatingIncomeRatio": 0.0263691684,
        "totalOtherIncomeExpensesNet": -1000000,
        "incomeBeforeTax": 25000000,
        "incomeBeforeTaxRatio": 0.0253549696,
        "incomeTaxExpense": 11000000,
        "netIncome": 13000000,
        "netIncomeRatio": 0.0131845842,
        "eps": 0.15,
        "epsdiluted": 0.15,
        "weightedAverageShsOut": 86666666,
        "weightedAverageShsOutDil": 86000000,
        "link": null,
        "finalLink": null
    },
    {
        "date": "2022-12-31",
        "symbol": "AD",
        "reportedCurrency": "USD",
        "cik": "0000000000",
        "fillingDate": "2022-12-31",
        "acceptedDate": "2022-12-31 00:00:00",
        "calendarYear": "2022",
        "period": "Q4",
        "revenue": 1049000000,
        "costOfRevenue": 510000000,
        "grossProfit": 539000000,
        "grossProfitRatio": 0.5138226883,
        "researchAndDevelopmentExpenses": 0,
        "generalAndAdministrativeExpenses": 0,
        "sellingAndMarketingExpenses": 0,
        "sellingGeneralAndAdministrativeExpenses": 376000000,
        "otherExpenses": 190000000,
        "operatingExpenses": 566000000,
        "costAndExpenses": 1076000000,
        "interestIncome": 0,
        "interestExpense": 0,
        "depreciationAndAmortization": 180000000,
        "ebitda": 163000000,
        "ebitdaratio": 0.155386082,
        "operatingIncome": -27000000,
        "operatingIncomeRatio": -0.0257387989,
        "totalOtherIncomeExpensesNet": -9000000,
        "incomeBeforeTax": -36000000,
        "incomeBeforeTaxRatio": -0.0343183985,
        "incomeTaxExpense": 9000000,
        "netIncome": -28000000,
        "netIncomeRatio": -0.0266920877,
        "eps": -0.33,
        "epsdiluted": -0.33,
        "weightedAverageShsOut": 84427116,
        "weightedAverageShsOutDil": 85000000,
        "link": null,
        "finalLink": null
    },
    {
        "date": "2022-09-30",
        "symbol": "AD",
        "reportedCurrency": "USD",
        "cik": "0000000000",
        "fillingDate": "2022-09-30",
        "acceptedDate": "2022-09-30 00:00:00",
        "calendarYear": "2022",
        "period": "Q3",
        "revenue": 1083000000,
        "costOfRevenue": 551000000,
        "grossProfit": 532000000,
        "grossProfitRatio": 0.4912280702,
        "researchAndDevelopmentExpenses": 0,
        "generalAndAdministrativeExpenses": 0,
        "sellingAndMarketingExpenses": 0,
        "sellingGeneralAndAdministrativeExpenses": 369000000,
        "otherExpenses": 178000000,
        "operatingExpenses": 547000000,
        "costAndExpenses": 1098000000,
        "interestIncome": 0,
        "interestExpense": 0,
        "depreciationAndAmortization": 178000000,
        "ebitda": 164000000,
        "ebitdaratio": 0.1514312096,
        "operatingIncome": -15000000,
        "operatingIncomeRatio": -0.0138504155,
        "totalOtherIncomeExpensesNet": 0,
        "incomeBeforeTax": -15000000,
        "incomeBeforeTaxRatio": -0.0138504155,
        "incomeTaxExpense": 3000000,
        "netIncome": -12000000,
        "netIncomeRatio": -0.0110803324,
        "eps": -0.14,
        "epsdiluted": -0.15,
        "weightedAverageShsOut": 80000000,
        "weightedAverageShsOutDil": 85000000,
        "link": null,
        "finalLink": null
    },
    {
        "date": "2022-06-30",
        "symbol": "AD",
        "reportedCurrency": "USD",
        "cik": "0000000000",
        "fillingDate": "2022-06-30",
        "acceptedDate": "2022-06-30 00:00:00",
        "calendarYear": "2022",
        "period": "Q2",
        "revenue": 1027000000,
        "costOfRevenue": 467000000,
        "grossProfit": 560000000,
        "grossProfitRatio": 0.5452775073,
        "researchAndDevelopmentExpenses": 0,
        "generalAndAdministrativeExpenses": 0,
        "sellingAndMarketingExpenses": 0,
        "sellingGeneralAndAdministrativeExpenses": 339000000,
        "otherExpenses": 181000000,
        "operatingExpenses": 520000000,
        "costAndExpenses": 987000000,
        "interestIncome": 0,
        "interestExpense": 0,
        "depreciationAndAmortization": 171000000,
        "ebitda": 220000000,
        "ebitdaratio": 0.2142161636,
        "operatingIncome": 40000000,
        "operatingIncomeRatio": 0.0389483934,
        "totalOtherIncomeExpensesNet": 0,
        "incomeBeforeTax": 40000000,
        "incomeBeforeTaxRatio": 0.0389483934,
        "incomeTaxExpense": 18000000,
        "netIncome": 21000000,
        "netIncomeRatio": 0.0204479065,
        "eps": 0.24,
        "epsdiluted": 0.24,
        "weightedAverageShsOut": 86000016,
        "weightedAverageShsOutDil": 87000000,
        "link": null,
        "finalLink": null
    },
    {
        "date": "2022-03-31",
        "symbol": "AD",
        "reportedCurrency": "USD",
        "cik": "0000000000",
        "fillingDate": "2022-03-31",
        "acceptedDate": "2022-03-31 00:00:00",
        "calendarYear": "2022",
        "period": "Q1",
        "revenue": 1010000000,
        "costOfRevenue": 442000000,
        "grossProfit": 568000000,
        "grossProfitRatio": 0.5623762376,
        "researchAndDevelopmentExpenses": 0,
        "generalAndAdministrativeExpenses": 0,
        "sellingAndMarketingExpenses": 0,
        "sellingGeneralAndAdministrativeExpenses": 325000000,
        "otherExpenses": 172000000,
        "operatingExpenses": 497000000,
        "costAndExpenses": 939000000,
        "interestIncome": 0,
        "interestExpense": 0,
        "depreciationAndAmortization": 171000000,
        "ebitda": 243000000,
        "ebitdaratio": 0.2405940594,
        "operatingIncome": 71000000,
        "operatingIncomeRatio": 0.0702970297,
        "totalOtherIncomeExpensesNet": 13000000,
        "incomeBeforeTax": 84000000,
        "incomeBeforeTaxRatio": 0.0831683168,
        "incomeTaxExpense": 32000000,
        "netIncome": 49000000,
        "netIncomeRatio": 0.0485148515,
        "eps": 0.57,
        "epsdiluted": 0.57,
        "weightedAverageShsOut": 86000066,
        "weightedAverageShsOutDil": 87000000,
        "link": null,
        "finalLink": null
    },
    {
        "date": "2021-12-31",
        "symbol": "AD",
        "reportedCurrency": "USD",
        "cik": "0000000000",
        "fillingDate": "2021-12-31",
        "acceptedDate": "2021-12-31 00:00:00",
        "calendarYear": "2021",
        "period": "Q4",
        "revenue": 1069000000,
        "costOfRevenue": 528000000,
        "grossProfit": 541000000,
        "grossProfitRatio": 0.506080449,
        "researchAndDevelopmentExpenses": 0,
        "generalAndAdministrativeExpenses": 0,
        "sellingAndMarketingExpenses": 0,
        "sellingGeneralAndAdministrativeExpenses": 361000000,
        "otherExpenses": 175000000,
        "operatingExpenses": 536000000,
        "costAndExpenses": 1064000000,
        "interestIncome": 0,
        "interestExpense": 0,
        "depreciationAndAmortization": 168000000,
        "ebitda": 180000000,
        "ebitdaratio": 0.1683816651,
        "operatingIncome": 5000000,
        "operatingIncomeRatio": 0.0046772685,
        "totalOtherIncomeExpensesNet": 12000000,
        "incomeBeforeTax": 17000000,
        "incomeBeforeTaxRatio": 0.0159027128,
        "incomeTaxExpense": 11000000,
        "netIncome": 27000000,
        "netIncomeRatio": 0.0252572498,
        "eps": 0.31,
        "epsdiluted": 0.29,
        "weightedAverageShsOut": 92081659,
        "weightedAverageShsOutDil": 87000000,
        "link": null,
        "finalLink": null
    },
    {
        "date": "2021-09-30",
        "symbol": "AD",
        "reportedCurrency": "USD",
        "cik": "0000000000",
        "fillingDate": "2021-09-30",
        "acceptedDate": "2021-09-30 00:00:00",
        "calendarYear": "2021",
        "period": "Q3",
        "revenue": 1016000000,
        "costOfRevenue": 457000000,
        "grossProfit": 559000000,
        "grossProfitRatio": 0.5501968504,
        "researchAndDevelopmentExpenses": 0,
        "generalAndAdministrativeExpenses": 0,
        "sellingAndMarketingExpenses": 0,
        "sellingGeneralAndAdministrativeExpenses": 346000000,
        "otherExpenses": 168000000,
        "operatingExpenses": 514000000,
        "costAndExpenses": 971000000,
        "interestIncome": 0,
        "interestExpense": 0,
        "depreciationAndAmortization": 160000000,
        "ebitda": 213000000,
        "ebitdaratio": 0.2096456693,
        "operatingIncome": 45000000,
        "operatingIncomeRatio": 0.0442913386,
        "totalOtherIncomeExpensesNet": 4000000,
        "incomeBeforeTax": 49000000,
        "incomeBeforeTaxRatio": 0.0482283465,
        "incomeTaxExpense": 14000000,
        "netIncome": 34000000,
        "netIncomeRatio": 0.0334645669,
        "eps": 0.4,
        "epsdiluted": 0.38,
        "weightedAverageShsOut": 89473684,
        "weightedAverageShsOutDil": 87000000,
        "link": null,
        "finalLink": null
    },
    {
        "date": "2021-06-30",
        "symbol": "AD",
        "reportedCurrency": "USD",
        "cik": "0000000000",
        "fillingDate": "2021-06-30",
        "acceptedDate": "2021-06-30 00:00:00",
        "calendarYear": "2021",
        "period": "Q2",
        "revenue": 1014000000,
        "costOfRevenue": 462000000,
        "grossProfit": 552000000,
        "grossProfitRatio": 0.5443786982,
        "researchAndDevelopmentExpenses": 0,
        "generalAndAdministrativeExpenses": 0,
        "sellingAndMarketingExpenses": 0,
        "sellingGeneralAndAdministrativeExpenses": 334000000,
        "otherExpenses": 182000000,
        "operatingExpenses": 516000000,
        "costAndExpenses": 978000000,
        "interestIncome": 0,
        "interestExpense": 0,
        "depreciationAndAmortization": 180000000,
        "ebitda": 218000000,
        "ebitdaratio": 0.2149901381,
        "operatingIncome": 36000000,
        "operatingIncomeRatio": 0.0355029586,
        "totalOtherIncomeExpensesNet": -11000000,
        "incomeBeforeTax": 25000000,
        "incomeBeforeTaxRatio": 0.0246548323,
        "incomeTaxExpense": 10000000,
        "netIncome": 35000000,
        "netIncomeRatio": 0.0345167653,
        "eps": 0.4,
        "epsdiluted": 0.39,
        "weightedAverageShsOut": 89743589,
        "weightedAverageShsOutDil": 88000000,
        "link": null,
        "finalLink": null
    },
    {
        "date": "2021-03-31",
        "symbol": "AD",
        "reportedCurrency": "USD",
        "cik": "0000000000",
        "fillingDate": "2021-03-31",
        "acceptedDate": "2021-03-31 00:00:00",
        "calendarYear": "2021",
        "period": "Q1",
        "revenue": 1023000000,
        "costOfRevenue": 460000000,
        "grossProfit": 563000000,
        "grossProfitRatio": 0.550342131,
        "researchAndDevelopmentExpenses": 0,
        "generalAndAdministrativeExpenses": 0,
        "sellingAndMarketingExpenses": 0,
        "sellingGeneralAndAdministrativeExpenses": 305000000,
        "otherExpenses": 174000000,
        "operatingExpenses": 479000000,
        "costAndExpenses": 939000000,
        "interestIncome": 0,
        "interestExpense": 0,
        "depreciationAndAmortization": 170000000,
        "ebitda": 258000000,
        "ebitdaratio": 0.2521994135,
        "operatingIncome": 84000000,
        "operatingIncomeRatio": 0.082111437,
        "totalOtherIncomeExpensesNet": 5000000,
        "incomeBeforeTax": 89000000,
        "incomeBeforeTaxRatio": 0.0869990225,
        "incomeTaxExpense": 27000000,
        "netIncome": 60000000,
        "netIncomeRatio": 0.0586510264,
        "eps": 0.7,
        "epsdiluted": 0.69,
        "weightedAverageShsOut": 86956521,
        "weightedAverageShsOutDil": 88000000,
        "link": null,
        "finalLink": null
    },
    {
        "date": "2020-12-31",
        "symbol": "AD",
        "reportedCurrency": "USD",
        "cik": "0000000000",
        "fillingDate": "2020-12-31",
        "acceptedDate": "2020-12-31 00:00:00",
        "calendarYear": "2020",
        "period": "Q4",
        "revenue": 1073000000,
        "costOfRevenue": 521000000,
        "grossProfit": 552000000,
        "grossProfitRatio": 0.51444548,
        "researchAndDevelopmentExpenses": 0,
        "generalAndAdministrativeExpenses": 0,
        "sellingAndMarketingExpenses": 0,
        "sellingGeneralAndAdministrativeExpenses": 374000000,
        "otherExpenses": 173000000,
        "operatingExpenses": 547000000,
        "costAndExpenses": 1068000000,
        "interestIncome": 0,
        "interestExpense": 0,
        "depreciationAndAmortization": 167000000,
        "ebitda": 178000000,
        "ebitdaratio": 0.165890028,
        "operatingIncome": 5000000,
        "operatingIncomeRatio": 0.0046598322,
        "totalOtherIncomeExpensesNet": 7000000,
        "incomeBeforeTax": 12000000,
        "incomeBeforeTaxRatio": 0.0111835974,
        "incomeTaxExpense": 6000000,
        "netIncome": 5000000,
        "netIncomeRatio": 0.0046598322,
        "eps": 0.0581,
        "epsdiluted": 0.0581,
        "weightedAverageShsOut": 86000791,
        "weightedAverageShsOutDil": 88000000,
        "link": null,
        "finalLink": null
    },
    {
        "date": "2020-09-30",
        "symbol": "AD",
        "reportedCurrency": "USD",
        "cik": "0000000000",
        "fillingDate": "2020-09-30",
        "acceptedDate": "2020-09-30 00:00:00",
        "calendarYear": "2020",
        "period": "Q3",
        "revenue": 1027000000,
        "costOfRevenue": 460000000,
        "grossProfit": 567000000,
        "grossProfitRatio": 0.5520934761,
        "researchAndDevelopmentExpenses": 0,
        "generalAndAdministrativeExpenses": 0,
        "sellingAndMarketingExpenses": 0,
        "sellingGeneralAndAdministrativeExpenses": 335000000,
        "otherExpenses": 167000000,
        "operatingExpenses": 502000000,
        "costAndExpenses": 962000000,
        "interestIncome": 0,
        "interestExpense": 0,
        "depreciationAndAmortization": 162000000,
        "ebitda": 233000000,
        "ebitdaratio": 0.2268743914,
        "operatingIncome": 65000000,
        "operatingIncomeRatio": 0.0632911392,
        "totalOtherIncomeExpensesNet": 24000000,
        "incomeBeforeTax": 89000000,
        "incomeBeforeTaxRatio": 0.0866601753,
        "incomeTaxExpense": 4000000,
        "netIncome": 85000000,
        "netIncomeRatio": 0.0827653359,
        "eps": 0.99,
        "epsdiluted": 0.97,
        "weightedAverageShsOut": 87628865,
        "weightedAverageShsOutDil": 88000000,
        "link": null,
        "finalLink": null
    },
    {
        "date": "2020-06-30",
        "symbol": "AD",
        "reportedCurrency": "USD",
        "cik": "0000000000",
        "fillingDate": "2020-06-30",
        "acceptedDate": "2020-06-30 00:00:00",
        "calendarYear": "2020",
        "period": "Q2",
        "revenue": 973000000,
        "costOfRevenue": 415000000,
        "grossProfit": 558000000,
        "grossProfitRatio": 0.5734840699,
        "researchAndDevelopmentExpenses": 0,
        "generalAndAdministrativeExpenses": 0,
        "sellingAndMarketingExpenses": 0,
        "sellingGeneralAndAdministrativeExpenses": 323000000,
        "otherExpenses": 182000000,
        "operatingExpenses": 505000000,
        "costAndExpenses": 920000000,
        "interestIncome": 0,
        "interestExpense": 0,
        "depreciationAndAmortization": 177000000,
        "ebitda": 234000000,
        "ebitdaratio": 0.2404933196,
        "operatingIncome": 53000000,
        "operatingIncomeRatio": 0.0544707091,
        "totalOtherIncomeExpensesNet": 20000000,
        "incomeBeforeTax": 73000000,
        "incomeBeforeTaxRatio": 0.0750256937,
        "incomeTaxExpense": 4000000,
        "netIncome": 68000000,
        "netIncomeRatio": 0.0698869476,
        "eps": 0.79,
        "epsdiluted": 0.78,
        "weightedAverageShsOut": 87179487,
        "weightedAverageShsOutDil": 87000000,
        "link": null,
        "finalLink": null
    },
    {
        "date": "2020-03-31",
        "symbol": "AD",
        "reportedCurrency": "USD",
        "cik": "0000000000",
        "fillingDate": "2020-03-31",
        "acceptedDate": "2020-03-31 00:00:00",
        "calendarYear": "2020",
        "period": "Q1",
        "revenue": 963000000,
        "costOfRevenue": 397000000,
        "grossProfit": 566000000,
        "grossProfitRatio": 0.5877466251,
        "researchAndDevelopmentExpenses": 0,
        "generalAndAdministrativeExpenses": 0,
        "sellingAndMarketingExpenses": 0,
        "sellingGeneralAndAdministrativeExpenses": 335000000,
        "otherExpenses": 181000000,
        "operatingExpenses": 516000000,
        "costAndExpenses": 913000000,
        "interestIncome": 0,
        "interestExpense": 0,
        "depreciationAndAmortization": 177000000,
        "ebitda": 231000000,
        "ebitdaratio": 0.2398753894,
        "operatingIncome": 50000000,
        "operatingIncomeRatio": 0.05192108,
        "totalOtherIncomeExpensesNet": 26000000,
        "incomeBeforeTax": 76000000,
        "incomeBeforeTaxRatio": 0.0789200415,
        "incomeTaxExpense": 4000000,
        "netIncome": 71000000,
        "netIncomeRatio": 0.0737279335,
        "eps": 0.83,
        "epsdiluted": 0.81,
        "weightedAverageShsOut": 87654320,
        "weightedAverageShsOutDil": 88000000,
        "link": null,
        "finalLink": null
    },
    {
        "date": "2019-12-31",
        "symbol": "AD",
        "reportedCurrency": "USD",
        "cik": "0000000000",
        "fillingDate": "2019-12-31",
        "acceptedDate": "2019-12-31 00:00:00",
        "calendarYear": "2019",
        "period": "Q4",
        "revenue": 1052000000,
        "costOfRevenue": 492000000,
        "grossProfit": 560000000,
        "grossProfitRatio": 0.5323193916,
        "researchAndDevelopmentExpenses": 0,
        "generalAndAdministrativeExpenses": 0,
        "sellingAndMarketingExpenses": 0,
        "sellingGeneralAndAdministrativeExpenses": 379000000,
        "otherExpenses": 184000000,
        "operatingExpenses": 563000000,
        "costAndExpenses": 1055000000,
        "interestIncome": 0,
        "interestExpense": 0,
        "depreciationAndAmortization": 178000000,
        "ebitda": 181000000,
        "ebitdaratio": 0.1720532319,
        "operatingIncome": -3000000,
        "operatingIncomeRatio": -0.002851711,
        "totalOtherIncomeExpensesNet": 18000000,
        "incomeBeforeTax": 15000000,
        "incomeBeforeTaxRatio": 0.0142585551,
        "incomeTaxExpense": 3000000,
        "netIncome": 18000000,
        "netIncomeRatio": 0.0171102662,
        "eps": 0.21,
        "epsdiluted": 0.2,
        "weightedAverageShsOut": 90000000,
        "weightedAverageShsOutDil": 88000000,
        "link": null,
        "finalLink": null
    },
    {
        "date": "2019-09-30",
        "symbol": "AD",
        "reportedCurrency": "USD",
        "cik": "0000000000",
        "fillingDate": "2019-09-30",
        "acceptedDate": "2019-09-30 00:00:00",
        "calendarYear": "2019",
        "period": "Q3",
        "revenue": 1031000000,
        "costOfRevenue": 465000000,
        "grossProfit": 566000000,
        "grossProfitRatio": 0.5489815713,
        "researchAndDevelopmentExpenses": 0,
        "generalAndAdministrativeExpenses": 0,
        "sellingAndMarketingExpenses": 0,
        "sellingGeneralAndAdministrativeExpenses": 358000000,
        "otherExpenses": 188000000,
        "operatingExpenses": 546000000,
        "costAndExpenses": 1011000000,
        "interestIncome": 0,
        "interestExpense": 0,
        "depreciationAndAmortization": 179000000,
        "ebitda": 206000000,
        "ebitdaratio": 0.1998060136,
        "operatingIncome": 20000000,
        "operatingIncomeRatio": 0.0193986421,
        "totalOtherIncomeExpensesNet": 19000000,
        "incomeBeforeTax": 39000000,
        "incomeBeforeTaxRatio": 0.0378273521,
        "incomeTaxExpense": 15000000,
        "netIncome": 23000000,
        "netIncomeRatio": 0.0223084384,
        "eps": 0.27,
        "epsdiluted": 0.27,
        "weightedAverageShsOut": 86000276,
        "weightedAverageShsOutDil": 88000000,
        "link": null,
        "finalLink": null
    },
    {
        "date": "2019-06-30",
        "symbol": "AD",
        "reportedCurrency": "USD",
        "cik": "0000000000",
        "fillingDate": "2019-06-30",
        "acceptedDate": "2019-06-30 00:00:00",
        "calendarYear": "2019",
        "period": "Q2",
        "revenue": 973000000,
        "costOfRevenue": 417000000,
        "grossProfit": 556000000,
        "grossProfitRatio": 0.5714285714,
        "researchAndDevelopmentExpenses": 0,
        "generalAndAdministrativeExpenses": 0,
        "sellingAndMarketingExpenses": 0,
        "sellingGeneralAndAdministrativeExpenses": 344000000,
        "otherExpenses": 182000000,
        "operatingExpenses": 526000000,
        "costAndExpenses": 943000000,
        "interestIncome": 0,
        "interestExpense": 0,
        "depreciationAndAmortization": 176000000,
        "ebitda": 211000000,
        "ebitdaratio": 0.2168550874,
        "operatingIncome": 30000000,
        "operatingIncomeRatio": 0.0308324769,
        "totalOtherIncomeExpensesNet": 16000000,
        "incomeBeforeTax": 46000000,
        "incomeBeforeTaxRatio": 0.0472764645,
        "incomeTaxExpense": 14000000,
        "netIncome": 31000000,
        "netIncomeRatio": 0.0318602261,
        "eps": 0.36,
        "epsdiluted": 0.35,
        "weightedAverageShsOut": 88571428,
        "weightedAverageShsOutDil": 88000000,
        "link": null,
        "finalLink": null
    },
    {
        "date": "2019-03-31",
        "symbol": "AD",
        "reportedCurrency": "USD",
        "cik": "0000000000",
        "fillingDate": "2019-03-31",
        "acceptedDate": "2019-03-31 00:00:00",
        "calendarYear": "2019",
        "period": "Q1",
        "revenue": 966000000,
        "costOfRevenue": 409000000,
        "grossProfit": 557000000,
        "grossProfitRatio": 0.5766045549,
        "researchAndDevelopmentExpenses": 0,
        "generalAndAdministrativeExpenses": 0,
        "sellingAndMarketingExpenses": 0,
        "sellingGeneralAndAdministrativeExpenses": 326000000,
        "otherExpenses": 167000000,
        "operatingExpenses": 493000000,
        "costAndExpenses": 902000000,
        "interestIncome": 0,
        "interestExpense": 0,
        "depreciationAndAmortization": 169000000,
        "ebitda": 231000000,
        "ebitdaratio": 0.2391304348,
        "operatingIncome": 64000000,
        "operatingIncomeRatio": 0.066252588,
        "totalOtherIncomeExpensesNet": 21000000,
        "incomeBeforeTax": 85000000,
        "incomeBeforeTaxRatio": 0.0879917184,
        "incomeTaxExpense": 27000000,
        "netIncome": 54000000,
        "netIncomeRatio": 0.0559006211,
        "eps": 0.63,
        "epsdiluted": 0.62,
        "weightedAverageShsOut": 87096774,
        "weightedAverageShsOutDil": 88000000,
        "link": null,
        "finalLink": null
    },
    {
        "date": "2018-12-31",
        "symbol": "AD",
        "reportedCurrency": "USD",
        "cik": "0000000000",
        "fillingDate": "2018-12-31",
        "acceptedDate": "2018-12-31 00:00:00",
        "calendarYear": "2018",
        "period": "Q4",
        "revenue": 1051000000,
        "costOfRevenue": 507000000,
        "grossProfit": 544000000,
        "grossProfitRatio": 0.5176022835,
        "researchAndDevelopmentExpenses": 0,
        "generalAndAdministrativeExpenses": 0,
        "sellingAndMarketingExpenses": 0,
        "sellingGeneralAndAdministrativeExpenses": 374000000,
        "otherExpenses": 167000000,
        "operatingExpenses": 541000000,
        "costAndExpenses": 1048000000,
        "interestIncome": 0,
        "interestExpense": 0,
        "depreciationAndAmortization": 162000000,
        "ebitda": 170000000,
        "ebitdaratio": 0.1617507136,
        "operatingIncome": 3000000,
        "operatingIncomeRatio": 0.0028544244,
        "totalOtherIncomeExpensesNet": 14000000,
        "incomeBeforeTax": 17000000,
        "incomeBeforeTaxRatio": 0.0161750714,
        "incomeTaxExpense": 4000000,
        "netIncome": 21000000,
        "netIncomeRatio": 0.0199809705,
        "eps": 0.24,
        "epsdiluted": 0.24,
        "weightedAverageShsOut": 86000016,
        "weightedAverageShsOutDil": 88000000,
        "link": null,
        "finalLink": null
    },
    {
        "date": "2018-09-30",
        "symbol": "AD",
        "reportedCurrency": "USD",
        "cik": "0000000000",
        "fillingDate": "2018-09-30",
        "acceptedDate": "2018-09-30 00:00:00",
        "calendarYear": "2018",
        "period": "Q3",
        "revenue": 1001000000,
        "costOfRevenue": 458000000,
        "grossProfit": 543000000,
        "grossProfitRatio": 0.5424575425,
        "researchAndDevelopmentExpenses": 0,
        "generalAndAdministrativeExpenses": 0,
        "sellingAndMarketingExpenses": 0,
        "sellingGeneralAndAdministrativeExpenses": 346000000,
        "otherExpenses": 163000000,
        "operatingExpenses": 509000000,
        "costAndExpenses": 967000000,
        "interestIncome": 0,
        "interestExpense": 0,
        "depreciationAndAmortization": 161000000,
        "ebitda": 198000000,
        "ebitdaratio": 0.1978021978,
        "operatingIncome": 34000000,
        "operatingIncomeRatio": 0.033966034,
        "totalOtherIncomeExpensesNet": 17000000,
        "incomeBeforeTax": 51000000,
        "incomeBeforeTaxRatio": 0.0509490509,
        "incomeTaxExpense": 14000000,
        "netIncome": 36000000,
        "netIncomeRatio": 0.035964036,
        "eps": 0.42,
        "epsdiluted": 0.41,
        "weightedAverageShsOut": 87804878,
        "weightedAverageShsOutDil": 87000000,
        "link": null,
        "finalLink": null
    },
    {
        "date": "2018-06-30",
        "symbol": "AD",
        "reportedCurrency": "USD",
        "cik": "0000000000",
        "fillingDate": "2018-06-30",
        "acceptedDate": "2018-06-30 00:00:00",
        "calendarYear": "2018",
        "period": "Q2",
        "revenue": 974000000,
        "costOfRevenue": 427000000,
        "grossProfit": 547000000,
        "grossProfitRatio": 0.5616016427,
        "researchAndDevelopmentExpenses": 0,
        "generalAndAdministrativeExpenses": 0,
        "sellingAndMarketingExpenses": 0,
        "sellingGeneralAndAdministrativeExpenses": 342000000,
        "otherExpenses": 149000000,
        "operatingExpenses": 491000000,
        "costAndExpenses": 918000000,
        "interestIncome": 0,
        "interestExpense": 0,
        "depreciationAndAmortization": 158000000,
        "ebitda": 204000000,
        "ebitdaratio": 0.2094455852,
        "operatingIncome": 56000000,
        "operatingIncomeRatio": 0.0574948665,
        "totalOtherIncomeExpensesNet": 14000000,
        "incomeBeforeTax": 70000000,
        "incomeBeforeTaxRatio": 0.0718685832,
        "incomeTaxExpense": 18000000,
        "netIncome": 49000000,
        "netIncomeRatio": 0.0503080082,
        "eps": 0.57,
        "epsdiluted": 0.56,
        "weightedAverageShsOut": 87499999,
        "weightedAverageShsOutDil": 86000000,
        "link": null,
        "finalLink": null
    },
    {
        "date": "2018-03-31",
        "symbol": "AD",
        "reportedCurrency": "USD",
        "cik": "0000000000",
        "fillingDate": "2018-03-31",
        "acceptedDate": "2018-03-31 00:00:00",
        "calendarYear": "2018",
        "period": "Q1",
        "revenue": 942000000,
        "costOfRevenue": 398000000,
        "grossProfit": 544000000,
        "grossProfitRatio": 0.5774946921,
        "researchAndDevelopmentExpenses": 0,
        "generalAndAdministrativeExpenses": 0,
        "sellingAndMarketingExpenses": 0,
        "sellingGeneralAndAdministrativeExpenses": 326000000,
        "otherExpenses": 153000000,
        "operatingExpenses": 479000000,
        "costAndExpenses": 877000000,
        "interestIncome": 0,
        "interestExpense": 0,
        "depreciationAndAmortization": 159000000,
        "ebitda": 218000000,
        "ebitdaratio": 0.2314225053,
        "operatingIncome": 65000000,
        "operatingIncomeRatio": 0.0690021231,
        "totalOtherIncomeExpensesNet": 12000000,
        "incomeBeforeTax": 77000000,
        "incomeBeforeTaxRatio": 0.0817409766,
        "incomeTaxExpense": 22000000,
        "netIncome": 45000000,
        "netIncomeRatio": 0.0477707006,
        "eps": 0.53,
        "epsdiluted": 0.52,
        "weightedAverageShsOut": 86538461,
        "weightedAverageShsOutDil": 86000000,
        "link": null,
        "finalLink": null
    },
    {
        "date": "2017-12-31",
        "symbol": "AD",
        "reportedCurrency": "USD",
        "cik": "0000000000",
        "fillingDate": "2017-12-31",
        "acceptedDate": "2017-12-31 00:00:00",
        "calendarYear": "2017",
        "period": "Q4",
        "revenue": 1028000000,
        "costOfRevenue": 505000000,
        "grossProfit": 523000000,
        "grossProfitRatio": 0.5087548638,
        "researchAndDevelopmentExpenses": 0,
        "generalAndAdministrativeExpenses": 160000000,
        "sellingAndMarketingExpenses": 211000000,
        "sellingGeneralAndAdministrativeExpenses": 371000000,
        "otherExpenses": 155000000,
        "operatingExpenses": 526000000,
        "costAndExpenses": 1031000000,
        "interestIncome": 0,
        "interestExpense": 0,
        "depreciationAndAmortization": 155000000,
        "ebitda": 152000000,
        "ebitdaratio": 0.1478599222,
        "operatingIncome": -3000000,
        "operatingIncomeRatio": -0.0029182879,
        "totalOtherIncomeExpensesNet": 9000000,
        "incomeBeforeTax": 6000000,
        "incomeBeforeTaxRatio": 0.0058365759,
        "incomeTaxExpense": 268000000,
        "netIncome": 273000000,
        "netIncomeRatio": 0.2655642023,
        "eps": 3.21,
        "epsdiluted": 3.17,
        "weightedAverageShsOut": 86003159,
        "weightedAverageShsOutDil": 86000000,
        "link": null,
        "finalLink": null
    },
    {
        "date": "2017-09-30",
        "symbol": "AD",
        "reportedCurrency": "USD",
        "cik": "0000000000",
        "fillingDate": "2017-09-30",
        "acceptedDate": "2017-09-30 00:00:00",
        "calendarYear": "2017",
        "period": "Q3",
        "revenue": 963000000,
        "costOfRevenue": 446000000,
        "grossProfit": 517000000,
        "grossProfitRatio": 0.5368639668,
        "researchAndDevelopmentExpenses": 0,
        "generalAndAdministrativeExpenses": 0,
        "sellingAndMarketingExpenses": 0,
        "sellingGeneralAndAdministrativeExpenses": 350000000,
        "otherExpenses": 527000000,
        "operatingExpenses": 877000000,
        "costAndExpenses": 1323000000,
        "interestIncome": 0,
        "interestExpense": 0,
        "depreciationAndAmortization": 153000000,
        "ebitda": 167000000,
        "ebitdaratio": 0.1734164071,
        "operatingIncome": -360000000,
        "operatingIncomeRatio": -0.3738317757,
        "totalOtherIncomeExpensesNet": 9000000,
        "incomeBeforeTax": -351000000,
        "incomeBeforeTaxRatio": -0.3644859813,
        "incomeTaxExpense": 53000000,
        "netIncome": -299000000,
        "netIncomeRatio": -0.3104880582,
        "eps": -3.52,
        "epsdiluted": -3.52,
        "weightedAverageShsOut": 85000000,
        "weightedAverageShsOutDil": 85000000,
        "link": null,
        "finalLink": null
    },
    {
        "date": "2017-06-30",
        "symbol": "AD",
        "reportedCurrency": "USD",
        "cik": "0000000000",
        "fillingDate": "2017-06-30",
        "acceptedDate": "2017-06-30 00:00:00",
        "calendarYear": "2017",
        "period": "Q2",
        "revenue": 963000000,
        "costOfRevenue": 449000000,
        "grossProfit": 514000000,
        "grossProfitRatio": 0.533748702,
        "researchAndDevelopmentExpenses": 0,
        "generalAndAdministrativeExpenses": 0,
        "sellingAndMarketingExpenses": 0,
        "sellingGeneralAndAdministrativeExpenses": 351000000,
        "otherExpenses": 158000000,
        "operatingExpenses": 509000000,
        "costAndExpenses": 958000000,
        "interestIncome": 0,
        "interestExpense": 0,
        "depreciationAndAmortization": 154000000,
        "ebitda": 162000000,
        "ebitdaratio": 0.1682242991,
        "operatingIncome": 5000000,
        "operatingIncomeRatio": 0.005192108,
        "totalOtherIncomeExpensesNet": 7000000,
        "incomeBeforeTax": 12000000,
        "incomeBeforeTaxRatio": 0.0124610592,
        "incomeTaxExpense": 0,
        "netIncome": 12000000,
        "netIncomeRatio": 0.0124610592,
        "eps": 0.14,
        "epsdiluted": 0.14,
        "weightedAverageShsOut": 85714285,
        "weightedAverageShsOutDil": 86000000,
        "link": null,
        "finalLink": null
    },
    {
        "date": "2017-03-31",
        "symbol": "AD",
        "reportedCurrency": "USD",
        "cik": "0000000000",
        "fillingDate": "2017-03-31",
        "acceptedDate": "2017-03-31 00:00:00",
        "calendarYear": "2017",
        "period": "Q1",
        "revenue": 936000000,
        "costOfRevenue": 403000000,
        "grossProfit": 533000000,
        "grossProfitRatio": 0.5694444444,
        "researchAndDevelopmentExpenses": 0,
        "generalAndAdministrativeExpenses": 0,
        "sellingAndMarketingExpenses": 0,
        "sellingGeneralAndAdministrativeExpenses": 339000000,
        "otherExpenses": 140000000,
        "operatingExpenses": 479000000,
        "costAndExpenses": 882000000,
        "interestIncome": 0,
        "interestExpense": 0,
        "depreciationAndAmortization": 153000000,
        "ebitda": 194000000,
        "ebitdaratio": 0.2072649573,
        "operatingIncome": 54000000,
        "operatingIncomeRatio": 0.0576923077,
        "totalOtherIncomeExpensesNet": 7000000,
        "incomeBeforeTax": 61000000,
        "incomeBeforeTaxRatio": 0.0651709402,
        "incomeTaxExpense": 33000000,
        "netIncome": 26000000,
        "netIncomeRatio": 0.0277777778,
        "eps": 0.31,
        "epsdiluted": 0.31,
        "weightedAverageShsOut": 85000098,
        "weightedAverageShsOutDil": 86000000,
        "link": null,
        "finalLink": null
    },
    {
        "date": "2016-12-31",
        "symbol": "AD",
        "reportedCurrency": "USD",
        "cik": "0000000000",
        "fillingDate": "2016-12-31",
        "acceptedDate": "2016-12-31 00:00:00",
        "calendarYear": "2016",
        "period": "Q4",
        "revenue": 1005000000,
        "costOfRevenue": 470000000,
        "grossProfit": 535000000,
        "grossProfitRatio": 0.5323383085,
        "researchAndDevelopmentExpenses": 0,
        "generalAndAdministrativeExpenses": 146000000,
        "sellingAndMarketingExpenses": 245000000,
        "sellingGeneralAndAdministrativeExpenses": 391000000,
        "otherExpenses": 159000000,
        "operatingExpenses": 550000000,
        "costAndExpenses": 1020000000,
        "interestIncome": 0,
        "interestExpense": 0,
        "depreciationAndAmortization": 156000000,
        "ebitda": 144000000,
        "ebitdaratio": 0.1432835821,
        "operatingIncome": -15000000,
        "operatingIncomeRatio": -0.0149253731,
        "totalOtherIncomeExpensesNet": 4000000,
        "incomeBeforeTax": -11000000,
        "incomeBeforeTaxRatio": -0.0109452736,
        "incomeTaxExpense": 6000000,
        "netIncome": -5000000,
        "netIncomeRatio": -0.0049751244,
        "eps": -0.0588,
        "epsdiluted": -0.07,
        "weightedAverageShsOut": 71428571,
        "weightedAverageShsOutDil": 85000000,
        "link": null,
        "finalLink": null
    },
    {
        "date": "2016-09-30",
        "symbol": "AD",
        "reportedCurrency": "USD",
        "cik": "0000000000",
        "fillingDate": "2016-09-30",
        "acceptedDate": "2016-09-30 00:00:00",
        "calendarYear": "2016",
        "period": "Q3",
        "revenue": 1023000000,
        "costOfRevenue": 476000000,
        "grossProfit": 547000000,
        "grossProfitRatio": 0.5347018573,
        "researchAndDevelopmentExpenses": 0,
        "generalAndAdministrativeExpenses": 0,
        "sellingAndMarketingExpenses": 0,
        "sellingGeneralAndAdministrativeExpenses": 370000000,
        "otherExpenses": 155000000,
        "operatingExpenses": 525000000,
        "costAndExpenses": 1001000000,
        "interestIncome": 0,
        "interestExpense": 0,
        "depreciationAndAmortization": 155000000,
        "ebitda": 177000000,
        "ebitdaratio": 0.1730205279,
        "operatingIncome": 22000000,
        "operatingIncomeRatio": 0.0215053763,
        "totalOtherIncomeExpensesNet": 11000000,
        "incomeBeforeTax": 33000000,
        "incomeBeforeTaxRatio": 0.0322580645,
        "incomeTaxExpense": 15000000,
        "netIncome": 17000000,
        "netIncomeRatio": 0.0166177908,
        "eps": 0.2,
        "epsdiluted": 0.2,
        "weightedAverageShsOut": 85000000,
        "weightedAverageShsOutDil": 85000000,
        "link": null,
        "finalLink": null
    },
    {
        "date": "2016-06-30",
        "symbol": "AD",
        "reportedCurrency": "USD",
        "cik": "0000000000",
        "fillingDate": "2016-06-30",
        "acceptedDate": "2016-06-30 00:00:00",
        "calendarYear": "2016",
        "period": "Q2",
        "revenue": 992000000,
        "costOfRevenue": 455000000,
        "grossProfit": 537000000,
        "grossProfitRatio": 0.5413306452,
        "researchAndDevelopmentExpenses": 0,
        "generalAndAdministrativeExpenses": 0,
        "sellingAndMarketingExpenses": 0,
        "sellingGeneralAndAdministrativeExpenses": 357000000,
        "otherExpenses": 150000000,
        "operatingExpenses": 507000000,
        "costAndExpenses": 962000000,
        "interestIncome": 0,
        "interestExpense": 0,
        "depreciationAndAmortization": 154000000,
        "ebitda": 180000000,
        "ebitdaratio": 0.1814516129,
        "operatingIncome": 30000000,
        "operatingIncomeRatio": 0.0302419355,
        "totalOtherIncomeExpensesNet": 10000000,
        "incomeBeforeTax": 40000000,
        "incomeBeforeTaxRatio": 0.0403225806,
        "incomeTaxExpense": 13000000,
        "netIncome": 27000000,
        "netIncomeRatio": 0.0272177419,
        "eps": 0.32,
        "epsdiluted": 0.32,
        "weightedAverageShsOut": 85000015,
        "weightedAverageShsOutDil": 85000000,
        "link": null,
        "finalLink": null
    },
    {
        "date": "2016-03-31",
        "symbol": "AD",
        "reportedCurrency": "USD",
        "cik": "0000000000",
        "fillingDate": "2016-03-31",
        "acceptedDate": "2016-03-31 00:00:00",
        "calendarYear": "2016",
        "period": "Q1",
        "revenue": 969000000,
        "costOfRevenue": 440000000,
        "grossProfit": 529000000,
        "grossProfitRatio": 0.5459236326,
        "researchAndDevelopmentExpenses": 0,
        "generalAndAdministrativeExpenses": 0,
        "sellingAndMarketingExpenses": 0,
        "sellingGeneralAndAdministrativeExpenses": 361000000,
        "otherExpenses": 158000000,
        "operatingExpenses": 519000000,
        "costAndExpenses": 959000000,
        "interestIncome": 0,
        "interestExpense": 0,
        "depreciationAndAmortization": 153000000,
        "ebitda": 168000000,
        "ebitdaratio": 0.173374613,
        "operatingIncome": 10000000,
        "operatingIncomeRatio": 0.0103199174,
        "totalOtherIncomeExpensesNet": 10000000,
        "incomeBeforeTax": 20000000,
        "incomeBeforeTaxRatio": 0.0206398349,
        "incomeTaxExpense": 11000000,
        "netIncome": 9000000,
        "netIncomeRatio": 0.0092879257,
        "eps": 0.11,
        "epsdiluted": 0.1,
        "weightedAverageShsOut": 90000000,
        "weightedAverageShsOutDil": 85000000,
        "link": null,
        "finalLink": null
    },
    {
        "date": "2015-12-31",
        "symbol": "AD",
        "reportedCurrency": "USD",
        "cik": "0000000000",
        "fillingDate": "2015-12-31",
        "acceptedDate": "2015-12-31 00:00:00",
        "calendarYear": "2015",
        "period": "Q4",
        "revenue": 987000000,
        "costOfRevenue": 463000000,
        "grossProfit": 524000000,
        "grossProfitRatio": 0.5309017224,
        "researchAndDevelopmentExpenses": 0,
        "generalAndAdministrativeExpenses": 156000000,
        "sellingAndMarketingExpenses": 231000000,
        "sellingGeneralAndAdministrativeExpenses": 387000000,
        "otherExpenses": 161000000,
        "operatingExpenses": 548000000,
        "costAndExpenses": 1011000000,
        "interestIncome": 0,
        "interestExpense": 0,
        "depreciationAndAmortization": 157000000,
        "ebitda": 137000000,
        "ebitdaratio": 0.138804458,
        "operatingIncome": -24000000,
        "operatingIncomeRatio": -0.0243161094,
        "totalOtherIncomeExpensesNet": 0,
        "incomeBeforeTax": -7000000,
        "incomeBeforeTaxRatio": -0.0070921986,
        "incomeTaxExpense": 4000000,
        "netIncome": -2000000,
        "netIncomeRatio": -0.0020263425,
        "eps": -0.0237,
        "epsdiluted": -0.0237,
        "weightedAverageShsOut": 84320586,
        "weightedAverageShsOutDil": 84320000,
        "link": null,
        "finalLink": null
    },
    {
        "date": "2015-09-30",
        "symbol": "AD",
        "reportedCurrency": "USD",
        "cik": "0000000000",
        "fillingDate": "2015-09-30",
        "acceptedDate": "2015-09-30 00:00:00",
        "calendarYear": "2015",
        "period": "Q3",
        "revenue": 1069000000,
        "costOfRevenue": 486000000,
        "grossProfit": 583000000,
        "grossProfitRatio": 0.5453695042,
        "researchAndDevelopmentExpenses": 0,
        "generalAndAdministrativeExpenses": 0,
        "sellingAndMarketingExpenses": 0,
        "sellingGeneralAndAdministrativeExpenses": 375000000,
        "otherExpenses": 130000000,
        "operatingExpenses": 505000000,
        "costAndExpenses": 991000000,
        "interestIncome": 0,
        "interestExpense": 0,
        "depreciationAndAmortization": 152000000,
        "ebitda": 208000000,
        "ebitdaratio": 0.1945743686,
        "operatingIncome": 78000000,
        "operatingIncomeRatio": 0.0729653882,
        "totalOtherIncomeExpensesNet": 28000000,
        "incomeBeforeTax": 106000000,
        "incomeBeforeTaxRatio": 0.0991580917,
        "incomeTaxExpense": 41000000,
        "netIncome": 64000000,
        "netIncomeRatio": 0.0598690365,
        "eps": 0.76,
        "epsdiluted": 0.75,
        "weightedAverageShsOut": 85333333,
        "weightedAverageShsOutDil": 85000000,
        "link": null,
        "finalLink": null
    },
    {
        "date": "2015-06-30",
        "symbol": "AD",
        "reportedCurrency": "USD",
        "cik": "0000000000",
        "fillingDate": "2015-06-30",
        "acceptedDate": "2015-06-30 00:00:00",
        "calendarYear": "2015",
        "period": "Q2",
        "revenue": 976000000,
        "costOfRevenue": 450000000,
        "grossProfit": 526000000,
        "grossProfitRatio": 0.5389344262,
        "researchAndDevelopmentExpenses": 0,
        "generalAndAdministrativeExpenses": 0,
        "sellingAndMarketingExpenses": 0,
        "sellingGeneralAndAdministrativeExpenses": 364000000,
        "otherExpenses": 154000000,
        "operatingExpenses": 518000000,
        "costAndExpenses": 968000000,
        "interestIncome": 0,
        "interestExpense": 0,
        "depreciationAndAmortization": 151000000,
        "ebitda": 162000000,
        "ebitdaratio": 0.1659836066,
        "operatingIncome": 8000000,
        "operatingIncomeRatio": 0.0081967213,
        "totalOtherIncomeExpensesNet": 25000000,
        "incomeBeforeTax": 33000000,
        "incomeBeforeTaxRatio": 0.0338114754,
        "incomeTaxExpense": 13000000,
        "netIncome": 19000000,
        "netIncomeRatio": 0.0194672131,
        "eps": 0.23,
        "epsdiluted": 0.23,
        "weightedAverageShsOut": 84000176,
        "weightedAverageShsOutDil": 85000000,
        "link": null,
        "finalLink": null
    },
    {
        "date": "2015-03-31",
        "symbol": "AD",
        "reportedCurrency": "USD",
        "cik": "0000000000",
        "fillingDate": "2015-03-31",
        "acceptedDate": "2015-03-31 00:00:00",
        "calendarYear": "2015",
        "period": "Q1",
        "revenue": 965000000,
        "costOfRevenue": 429000000,
        "grossProfit": 536000000,
        "grossProfitRatio": 0.5554404145,
        "researchAndDevelopmentExpenses": 0,
        "generalAndAdministrativeExpenses": 0,
        "sellingAndMarketingExpenses": 0,
        "sellingGeneralAndAdministrativeExpenses": 369000000,
        "otherExpenses": -83000000,
        "operatingExpenses": 286000000,
        "costAndExpenses": 715000000,
        "interestIncome": 0,
        "interestExpense": 0,
        "depreciationAndAmortization": 147000000,
        "ebitda": 167000000,
        "ebitdaratio": 0.1730569948,
        "operatingIncome": 250000000,
        "operatingIncomeRatio": 0.2590673575,
        "totalOtherIncomeExpensesNet": 22000000,
        "incomeBeforeTax": 272000000,
        "incomeBeforeTaxRatio": 0.281865285,
        "incomeTaxExpense": 107000000,
        "netIncome": 160000000,
        "netIncomeRatio": 0.1658031088,
        "eps": 1.9,
        "epsdiluted": 1.89,
        "weightedAverageShsOut": 84656084,
        "weightedAverageShsOutDil": 85000000,
        "link": null,
        "finalLink": null
    },
    {
        "date": "2014-12-31",
        "symbol": "AD",
        "reportedCurrency": "USD",
        "cik": "0000000000",
        "fillingDate": "2014-12-31",
        "acceptedDate": "2014-12-31 00:00:00",
        "calendarYear": "2014",
        "period": "Q4",
        "revenue": 1008744000,
        "costOfRevenue": 544778000,
        "grossProfit": 463966000,
        "grossProfitRatio": 0.4599442475,
        "researchAndDevelopmentExpenses": 0,
        "generalAndAdministrativeExpenses": 189653000,
        "sellingAndMarketingExpenses": 204900000,
        "sellingGeneralAndAdministrativeExpenses": 394553000,
        "otherExpenses": 118967000,
        "operatingExpenses": 513520000,
        "costAndExpenses": 1058298000,
        "interestIncome": 0,
        "interestExpense": 0,
        "depreciationAndAmortization": 127855000,
        "ebitda": 69413000,
        "ebitdaratio": 0.0688113139,
        "operatingIncome": -49554000,
        "operatingIncomeRatio": -0.0491244558,
        "totalOtherIncomeExpensesNet": 14922000,
        "incomeBeforeTax": -34632000,
        "incomeBeforeTaxRatio": -0.0343318027,
        "incomeTaxExpense": 12528000,
        "netIncome": -21340000,
        "netIncomeRatio": -0.0211550205,
        "eps": -0.25,
        "epsdiluted": -0.26,
        "weightedAverageShsOut": 81979808,
        "weightedAverageShsOutDil": 84066000,
        "link": null,
        "finalLink": null
    },
    {
        "date": "2014-09-30",
        "symbol": "AD",
        "reportedCurrency": "USD",
        "cik": "0000000000",
        "fillingDate": "2014-09-30",
        "acceptedDate": "2014-09-30 00:00:00",
        "calendarYear": "2014",
        "period": "Q3",
        "revenue": 1000419000,
        "costOfRevenue": 507612000,
        "grossProfit": 492807000,
        "grossProfitRatio": 0.4926006003,
        "researchAndDevelopmentExpenses": 0,
        "generalAndAdministrativeExpenses": 0,
        "sellingAndMarketingExpenses": 0,
        "sellingGeneralAndAdministrativeExpenses": 397545000,
        "otherExpenses": 146616000,
        "operatingExpenses": 544161000,
        "costAndExpenses": 1051773000,
        "interestIncome": 0,
        "interestExpense": 0,
        "depreciationAndAmortization": 148952000,
        "ebitda": 95262000,
        "ebitdaratio": 0.0952221019,
        "operatingIncome": -51354000,
        "operatingIncomeRatio": -0.0513324917,
        "totalOtherIncomeExpensesNet": 0,
        "incomeBeforeTax": -25230000,
        "incomeBeforeTaxRatio": -0.0252194331,
        "incomeTaxExpense": 1459000,
        "netIncome": -22165000,
        "netIncomeRatio": -0.0221557168,
        "eps": -0.26,
        "epsdiluted": -0.26,
        "weightedAverageShsOut": 84233047,
        "weightedAverageShsOutDil": 84233000,
        "link": null,
        "finalLink": null
    }
]