[
    {
        "date": "2025-06-30",
        "symbol": "ADCT",
        "reportedCurrency": "USD",
        "cik": "0001771910",
        "fillingDate": "2025-08-12",
        "acceptedDate": "2025-08-12 16:12:02",
        "calendarYear": "2025",
        "period": "Q2",
        "revenue": 18839000,
        "costOfRevenue": 836000,
        "grossProfit": 18003000,
        "grossProfitRatio": 0.9556239715,
        "researchAndDevelopmentExpenses": 30090000,
        "generalAndAdministrativeExpenses": 14964000,
        "sellingAndMarketingExpenses": 4005000,
        "sellingGeneralAndAdministrativeExpenses": 18969000,
        "otherExpenses": 13091000,
        "operatingExpenses": 62150000,
        "costAndExpenses": 62986000,
        "interestIncome": 1934000,
        "interestExpense": 12997000,
        "depreciationAndAmortization": 840000,
        "ebitda": -41555000,
        "ebitdaratio": -2.205796486,
        "operatingIncome": -44147000,
        "operatingIncomeRatio": -2.3433834068,
        "totalOtherIncomeExpensesNet": -11245000,
        "incomeBeforeTax": -55392000,
        "incomeBeforeTaxRatio": -2.9402834545,
        "incomeTaxExpense": 1254000,
        "netIncome": -56646000,
        "netIncomeRatio": -3.0068474972,
        "eps": -0.5,
        "epsdiluted": -0.5,
        "weightedAverageShsOut": 113743358,
        "weightedAverageShsOutDil": 113743358,
        "link": "https://www.sec.gov/Archives/edgar/data/1771910/000177191025000008/0001771910-25-000008-index.htm",
        "finalLink": "https://www.sec.gov/Archives/edgar/data/1771910/000177191025000008/adc-20250630.htm"
    },
    {
        "date": "2025-03-31",
        "symbol": "ADCT",
        "reportedCurrency": "USD",
        "cik": "0001771910",
        "fillingDate": "2025-05-14",
        "acceptedDate": "2025-05-14 16:07:39",
        "calendarYear": "2025",
        "period": "Q1",
        "revenue": 23033000,
        "costOfRevenue": 2061000,
        "grossProfit": 20972000,
        "grossProfitRatio": 0.9105196891,
        "researchAndDevelopmentExpenses": 28928000,
        "generalAndAdministrativeExpenses": 9955000,
        "sellingAndMarketingExpenses": -10553000,
        "sellingGeneralAndAdministrativeExpenses": -598000,
        "otherExpenses": 21106000,
        "operatingExpenses": 49436000,
        "costAndExpenses": 51497000,
        "interestIncome": 2054000,
        "interestExpense": 12230000,
        "depreciationAndAmortization": 801000,
        "ebitda": -28464000,
        "ebitdaratio": -1.2357921243,
        "operatingIncome": -28464000,
        "operatingIncomeRatio": -1.2357921243,
        "totalOtherIncomeExpensesNet": -9973000,
        "incomeBeforeTax": -38437000,
        "incomeBeforeTaxRatio": -1.6687795771,
        "incomeTaxExpense": -165000,
        "netIncome": -38602000,
        "netIncomeRatio": -1.6759432119,
        "eps": -0.36,
        "epsdiluted": -0.36,
        "weightedAverageShsOut": 107202374,
        "weightedAverageShsOutDil": 107202374,
        "link": "https://www.sec.gov/Archives/edgar/data/1771910/000162828025025481/0001628280-25-025481-index.htm",
        "finalLink": "https://www.sec.gov/Archives/edgar/data/1771910/000162828025025481/adc-20250331.htm"
    },
    {
        "date": "2024-12-31",
        "symbol": "ADCT",
        "reportedCurrency": "USD",
        "cik": "0001771910",
        "fillingDate": "2025-03-27",
        "acceptedDate": "2025-03-27 15:28:08",
        "calendarYear": "2024",
        "period": "Q4",
        "revenue": 16910000,
        "costOfRevenue": 1371000,
        "grossProfit": 15539000,
        "grossProfitRatio": 0.9189237138,
        "researchAndDevelopmentExpenses": 27101000,
        "generalAndAdministrativeExpenses": 15150000,
        "sellingAndMarketingExpenses": 5724000,
        "sellingGeneralAndAdministrativeExpenses": 20874000,
        "otherExpenses": 0,
        "operatingExpenses": 47975000,
        "costAndExpenses": 49346000,
        "interestIncome": 2633000,
        "interestExpense": 11919000,
        "depreciationAndAmortization": 793000,
        "ebitda": -18832000,
        "ebitdaratio": -1.1136605559,
        "operatingIncome": -32436000,
        "operatingIncomeRatio": -1.9181549379,
        "totalOtherIncomeExpensesNet": 1388000,
        "incomeBeforeTax": -31048000,
        "incomeBeforeTaxRatio": -1.8360733294,
        "incomeTaxExpense": -321000,
        "netIncome": -30727000,
        "netIncomeRatio": -1.817090479,
        "eps": -0.29,
        "epsdiluted": -0.29,
        "weightedAverageShsOut": 105396677,
        "weightedAverageShsOutDil": 105396677,
        "link": "https://www.sec.gov/Archives/edgar/data/1771910/000162828025015131/0001628280-25-015131-index.htm",
        "finalLink": "https://www.sec.gov/Archives/edgar/data/1771910/000162828025015131/adc-20241231.htm"
    },
    {
        "date": "2024-09-30",
        "symbol": "ADCT",
        "reportedCurrency": "USD",
        "cik": "0001771910",
        "fillingDate": "2024-11-07",
        "acceptedDate": "2024-11-07 10:44:56",
        "calendarYear": "2024",
        "period": "Q3",
        "revenue": 18464000,
        "costOfRevenue": 851000,
        "grossProfit": 17613000,
        "grossProfitRatio": 0.953910312,
        "researchAndDevelopmentExpenses": 32502000,
        "generalAndAdministrativeExpenses": 15619000,
        "sellingAndMarketingExpenses": 5056000,
        "sellingGeneralAndAdministrativeExpenses": 20675000,
        "otherExpenses": 0,
        "operatingExpenses": 53177000,
        "costAndExpenses": 54028000,
        "interestIncome": 3438000,
        "interestExpense": 13117000,
        "depreciationAndAmortization": 802000,
        "ebitda": -29700000,
        "ebitdaratio": -1.6085355286,
        "operatingIncome": -35564000,
        "operatingIncomeRatio": -1.9261265165,
        "totalOtherIncomeExpensesNet": -7488000,
        "incomeBeforeTax": -43052000,
        "incomeBeforeTaxRatio": -2.3316724437,
        "incomeTaxExpense": 90000,
        "netIncome": -43969000,
        "netIncomeRatio": -2.3813366551,
        "eps": -0.42,
        "epsdiluted": -0.42,
        "weightedAverageShsOut": 104824877,
        "weightedAverageShsOutDil": 104824877,
        "link": "https://www.sec.gov/Archives/edgar/data/1771910/000162828024046050/0001628280-24-046050-index.htm",
        "finalLink": "https://www.sec.gov/Archives/edgar/data/1771910/000162828024046050/adc-20240930.htm"
    },
    {
        "date": "2024-06-30",
        "symbol": "ADCT",
        "reportedCurrency": "USD",
        "cik": "0001771910",
        "fillingDate": "2024-08-06",
        "acceptedDate": "2024-08-06 10:06:32",
        "calendarYear": "2024",
        "period": "Q2",
        "revenue": 17410000,
        "costOfRevenue": 2055000,
        "grossProfit": 15355000,
        "grossProfitRatio": 0.8819643883,
        "researchAndDevelopmentExpenses": 24295000,
        "generalAndAdministrativeExpenses": 16089000,
        "sellingAndMarketingExpenses": 4850000,
        "sellingGeneralAndAdministrativeExpenses": 20939000,
        "otherExpenses": 2230000,
        "operatingExpenses": 44396000,
        "costAndExpenses": 46451000,
        "interestIncome": 3253000,
        "interestExpense": 12679000,
        "depreciationAndAmortization": 838000,
        "ebitda": -22516000,
        "ebitdaratio": -1.2932797243,
        "operatingIncome": -29041000,
        "operatingIncomeRatio": -1.6680643308,
        "totalOtherIncomeExpensesNet": -6992000,
        "incomeBeforeTax": -36033000,
        "incomeBeforeTaxRatio": -2.069672602,
        "incomeTaxExpense": -86000,
        "netIncome": -36544000,
        "netIncomeRatio": -2.0990235497,
        "eps": -0.38,
        "epsdiluted": -0.38,
        "weightedAverageShsOut": 95691245,
        "weightedAverageShsOutDil": 95691245,
        "link": "https://www.sec.gov/Archives/edgar/data/1771910/000162828024034999/0001628280-24-034999-index.htm",
        "finalLink": "https://www.sec.gov/Archives/edgar/data/1771910/000162828024034999/adc-20240630.htm"
    },
    {
        "date": "2024-03-31",
        "symbol": "ADCT",
        "reportedCurrency": "USD",
        "cik": "0001771910",
        "fillingDate": "2024-05-06",
        "acceptedDate": "2024-05-06 06:38:11",
        "calendarYear": "2024",
        "period": "Q1",
        "revenue": 18053000,
        "costOfRevenue": 3353000,
        "grossProfit": 14700000,
        "grossProfitRatio": 0.8142690965,
        "researchAndDevelopmentExpenses": 25735000,
        "generalAndAdministrativeExpenses": 17609000,
        "sellingAndMarketingExpenses": 5812000,
        "sellingGeneralAndAdministrativeExpenses": 23421000,
        "otherExpenses": 263000,
        "operatingExpenses": 48313000,
        "costAndExpenses": 51666000,
        "interestIncome": 2948000,
        "interestExpense": 12496000,
        "depreciationAndAmortization": 843000,
        "ebitda": -32664000,
        "ebitdaratio": -1.809339168,
        "operatingIncome": -33613000,
        "operatingIncomeRatio": -1.8619066083,
        "totalOtherIncomeExpensesNet": -12390000,
        "incomeBeforeTax": -46003000,
        "incomeBeforeTaxRatio": -2.5482191326,
        "incomeTaxExpense": -84000,
        "netIncome": -46606000,
        "netIncomeRatio": -2.5816207832,
        "eps": -0.56,
        "epsdiluted": -0.56,
        "weightedAverageShsOut": 82552322,
        "weightedAverageShsOutDil": 82552322,
        "link": "https://www.sec.gov/Archives/edgar/data/1771910/000162828024020450/0001628280-24-020450-index.htm",
        "finalLink": "https://www.sec.gov/Archives/edgar/data/1771910/000162828024020450/adc-20240331.htm"
    },
    {
        "date": "2023-12-31",
        "symbol": "ADCT",
        "reportedCurrency": "USD",
        "cik": "0001771910",
        "fillingDate": "2024-03-13",
        "acceptedDate": "2024-03-13 12:25:38",
        "calendarYear": "2023",
        "period": "Q4",
        "revenue": 16790000,
        "costOfRevenue": 1215000,
        "grossProfit": 15575000,
        "grossProfitRatio": 0.9276354973,
        "researchAndDevelopmentExpenses": 30331000,
        "generalAndAdministrativeExpenses": 11295000,
        "sellingAndMarketingExpenses": 13927000,
        "sellingGeneralAndAdministrativeExpenses": 25222000,
        "otherExpenses": 0,
        "operatingExpenses": 55553000,
        "costAndExpenses": 56768000,
        "interestIncome": 3290000,
        "interestExpense": 7675000,
        "depreciationAndAmortization": 1011000,
        "ebitda": -26963000,
        "ebitdaratio": -1.6058963669,
        "operatingIncome": -39978000,
        "operatingIncomeRatio": -2.3810601549,
        "totalOtherIncomeExpensesNet": -2651000,
        "incomeBeforeTax": -39872000,
        "incomeBeforeTaxRatio": -2.3747468731,
        "incomeTaxExpense": 43171000,
        "netIncome": -85031000,
        "netIncomeRatio": -5.0643835616,
        "eps": -1.03,
        "epsdiluted": -1.03,
        "weightedAverageShsOut": 82292594,
        "weightedAverageShsOutDil": 82292594,
        "link": "https://www.sec.gov/Archives/edgar/data/1771910/000162828024010843/0001628280-24-010843-index.htm",
        "finalLink": "https://www.sec.gov/Archives/edgar/data/1771910/000162828024010843/adc-20231231.htm"
    },
    {
        "date": "2023-09-30",
        "symbol": "ADCT",
        "reportedCurrency": "USD",
        "cik": "0001771910",
        "fillingDate": "2023-11-07",
        "acceptedDate": "2023-11-07 07:13:30",
        "calendarYear": "2023",
        "period": "Q3",
        "revenue": 14493000,
        "costOfRevenue": 366000,
        "grossProfit": 14127000,
        "grossProfitRatio": 0.9747464293,
        "researchAndDevelopmentExpenses": 28440000,
        "generalAndAdministrativeExpenses": 15056000,
        "sellingAndMarketingExpenses": 8035000,
        "sellingGeneralAndAdministrativeExpenses": 23091000,
        "otherExpenses": 0,
        "operatingExpenses": 51531000,
        "costAndExpenses": 51897000,
        "interestIncome": 3140000,
        "interestExpense": 12942000,
        "depreciationAndAmortization": 793000,
        "ebitda": -32993000,
        "ebitdaratio": -2.2764782999,
        "operatingIncome": -37404000,
        "operatingIncomeRatio": -2.5808321259,
        "totalOtherIncomeExpensesNet": -10489000,
        "incomeBeforeTax": -47893000,
        "incomeBeforeTaxRatio": -3.3045608225,
        "incomeTaxExpense": -86000,
        "netIncome": -47807000,
        "netIncomeRatio": -3.2986269233,
        "eps": -0.58,
        "epsdiluted": -0.58,
        "weightedAverageShsOut": 82256847,
        "weightedAverageShsOutDil": 82256847,
        "link": "https://www.sec.gov/Archives/edgar/data/1771910/000162828023037172/0001628280-23-037172-index.htm",
        "finalLink": "https://www.sec.gov/Archives/edgar/data/1771910/000162828023037172/adc-20230930_d2.htm"
    },
    {
        "date": "2023-06-30",
        "symbol": "ADCT",
        "reportedCurrency": "USD",
        "cik": "0001771910",
        "fillingDate": "2023-08-08",
        "acceptedDate": "2023-08-08 07:07:13",
        "calendarYear": "2023",
        "period": "Q2",
        "revenue": 19283000,
        "costOfRevenue": 1319000,
        "grossProfit": 17964000,
        "grossProfitRatio": 0.9315977804,
        "researchAndDevelopmentExpenses": 31944000,
        "generalAndAdministrativeExpenses": 18129000,
        "sellingAndMarketingExpenses": 8329000,
        "sellingGeneralAndAdministrativeExpenses": 26458000,
        "otherExpenses": 296000,
        "operatingExpenses": 57753000,
        "costAndExpenses": 59072000,
        "interestIncome": 2372000,
        "interestExpense": 10309000,
        "depreciationAndAmortization": 769000,
        "ebitda": -37119000,
        "ebitdaratio": -1.9249598092,
        "operatingIncome": -39789000,
        "operatingIncomeRatio": -2.0634237411,
        "totalOtherIncomeExpensesNet": -12864000,
        "incomeBeforeTax": -53727000,
        "incomeBeforeTaxRatio": -2.7862365814,
        "incomeTaxExpense": -6610000,
        "netIncome": -47117000,
        "netIncomeRatio": -2.4434475963,
        "eps": -0.58,
        "epsdiluted": -0.58,
        "weightedAverageShsOut": 81471127,
        "weightedAverageShsOutDil": 81471127,
        "link": "https://www.sec.gov/Archives/edgar/data/1771910/000162828023027934/0001628280-23-027934-index.htm",
        "finalLink": "https://www.sec.gov/Archives/edgar/data/1771910/000162828023027934/adc-20230630_d2.htm"
    },
    {
        "date": "2023-03-31",
        "symbol": "ADCT",
        "reportedCurrency": "USD",
        "cik": "0001771910",
        "fillingDate": "2023-05-09",
        "acceptedDate": "2023-05-09 06:06:22",
        "calendarYear": "2023",
        "period": "Q1",
        "revenue": 18992000,
        "costOfRevenue": 590000,
        "grossProfit": 18402000,
        "grossProfitRatio": 0.9689342881,
        "researchAndDevelopmentExpenses": 39480000,
        "generalAndAdministrativeExpenses": 15143000,
        "sellingAndMarketingExpenses": 15351000,
        "sellingGeneralAndAdministrativeExpenses": 30494000,
        "otherExpenses": 0,
        "operatingExpenses": 69974000,
        "costAndExpenses": 70564000,
        "interestIncome": 2304000,
        "interestExpense": 10417000,
        "depreciationAndAmortization": 694000,
        "ebitda": -47354000,
        "ebitdaratio": -2.4933656276,
        "operatingIncome": -51572000,
        "operatingIncomeRatio": -2.7154591407,
        "totalOtherIncomeExpensesNet": -6893000,
        "incomeBeforeTax": -59688000,
        "incomeBeforeTaxRatio": -3.1427969671,
        "incomeTaxExpense": -262000,
        "netIncome": -59426000,
        "netIncomeRatio": -3.1290016849,
        "eps": -0.74,
        "epsdiluted": -0.74,
        "weightedAverageShsOut": 80805770,
        "weightedAverageShsOutDil": 80805770,
        "link": "https://www.sec.gov/Archives/edgar/data/1771910/000162828023016603/0001628280-23-016603-index.htm",
        "finalLink": "https://www.sec.gov/Archives/edgar/data/1771910/000162828023016603/adc-20230331_d2.htm"
    },
    {
        "date": "2022-12-31",
        "symbol": "ADCT",
        "reportedCurrency": "USD",
        "cik": "0001771910",
        "fillingDate": "2023-03-15",
        "acceptedDate": "2023-03-15 14:51:57",
        "calendarYear": "2022",
        "period": "Q4",
        "revenue": 69798000,
        "costOfRevenue": 489000,
        "grossProfit": 69309000,
        "grossProfitRatio": 0.9929940686,
        "researchAndDevelopmentExpenses": 48733000,
        "generalAndAdministrativeExpenses": 15138000,
        "sellingAndMarketingExpenses": 16176000,
        "sellingGeneralAndAdministrativeExpenses": 31314000,
        "otherExpenses": 0,
        "operatingExpenses": 80047000,
        "costAndExpenses": 80536000,
        "interestIncome": 1627000,
        "interestExpense": 9804000,
        "depreciationAndAmortization": 802000,
        "ebitda": -8303000,
        "ebitdaratio": -0.1189575633,
        "operatingIncome": -10738000,
        "operatingIncomeRatio": -0.1538439497,
        "totalOtherIncomeExpensesNet": -10874000,
        "incomeBeforeTax": -20190000,
        "incomeBeforeTaxRatio": -0.2892633027,
        "incomeTaxExpense": 3967000,
        "netIncome": -24157000,
        "netIncomeRatio": -0.3460987421,
        "eps": -0.3,
        "epsdiluted": -0.3,
        "weightedAverageShsOut": 80642527,
        "weightedAverageShsOutDil": 80642527,
        "link": "https://www.sec.gov/Archives/edgar/data/1771910/000162828023008056/0001628280-23-008056-index.htm",
        "finalLink": "https://www.sec.gov/Archives/edgar/data/1771910/000162828023008056/adc-20221231.htm"
    },
    {
        "date": "2022-09-30",
        "symbol": "ADCT",
        "reportedCurrency": "USD",
        "cik": "0001771910",
        "fillingDate": "2022-11-08",
        "acceptedDate": "2022-11-08 07:06:15",
        "calendarYear": "2022",
        "period": "Q3",
        "revenue": 76321000,
        "costOfRevenue": 1295000,
        "grossProfit": 75026000,
        "grossProfitRatio": 0.983032193,
        "researchAndDevelopmentExpenses": 41676000,
        "generalAndAdministrativeExpenses": 28228000,
        "sellingAndMarketingExpenses": 8236000,
        "sellingGeneralAndAdministrativeExpenses": 36464000,
        "otherExpenses": 0,
        "operatingExpenses": 78140000,
        "costAndExpenses": 79435000,
        "interestIncome": 273000,
        "interestExpense": 11356000,
        "depreciationAndAmortization": 572000,
        "ebitda": -37383000,
        "ebitdaratio": -0.4898127645,
        "operatingIncome": 6867000,
        "operatingIncomeRatio": 0.0899752362,
        "totalOtherIncomeExpensesNet": -48205000,
        "incomeBeforeTax": -51319000,
        "incomeBeforeTaxRatio": -0.6724099527,
        "incomeTaxExpense": -711000,
        "netIncome": -50608000,
        "netIncomeRatio": -0.663094037,
        "eps": -0.65,
        "epsdiluted": -0.65,
        "weightedAverageShsOut": 78372680,
        "weightedAverageShsOutDil": 78372680,
        "link": "https://www.sec.gov/Archives/edgar/data/1771910/000162828022028752/0001628280-22-028752-index.htm",
        "finalLink": "https://www.sec.gov/Archives/edgar/data/1771910/000162828022028752/adc-20220930_d2.htm"
    },
    {
        "date": "2022-06-30",
        "symbol": "ADCT",
        "reportedCurrency": "USD",
        "cik": "0001771910",
        "fillingDate": "2022-06-30",
        "acceptedDate": "2022-06-30 00:00:00",
        "calendarYear": "2022",
        "period": "Q2",
        "revenue": 17291000,
        "costOfRevenue": 2266000,
        "grossProfit": 15025000,
        "grossProfitRatio": 0.8689491643,
        "researchAndDevelopmentExpenses": 48537000,
        "generalAndAdministrativeExpenses": 18240000,
        "sellingAndMarketingExpenses": 17659000,
        "sellingGeneralAndAdministrativeExpenses": 35899000,
        "otherExpenses": 114000,
        "operatingExpenses": 84436000,
        "costAndExpenses": 86702000,
        "interestIncome": 16000,
        "interestExpense": 8801000,
        "depreciationAndAmortization": 586000,
        "ebitda": -54131000,
        "ebitdaratio": -3.1305881673,
        "operatingIncome": -69411000,
        "operatingIncomeRatio": -4.0142848881,
        "totalOtherIncomeExpensesNet": 4090000,
        "incomeBeforeTax": -65321000,
        "incomeBeforeTaxRatio": -3.777745648,
        "incomeTaxExpense": -947000,
        "netIncome": -64374000,
        "netIncomeRatio": -3.7229772714,
        "eps": -0.84,
        "epsdiluted": -0.84,
        "weightedAverageShsOut": 76911713,
        "weightedAverageShsOutDil": 76911713,
        "link": null,
        "finalLink": null
    },
    {
        "date": "2022-03-31",
        "symbol": "ADCT",
        "reportedCurrency": "USD",
        "cik": "0001771910",
        "fillingDate": "2022-05-09",
        "acceptedDate": "2022-05-09 07:15:57",
        "calendarYear": "2022",
        "period": "Q1",
        "revenue": 46498000,
        "costOfRevenue": 529000,
        "grossProfit": 45969000,
        "grossProfitRatio": 0.9886231666,
        "researchAndDevelopmentExpenses": 48952000,
        "generalAndAdministrativeExpenses": 19011000,
        "sellingAndMarketingExpenses": 18370000,
        "sellingGeneralAndAdministrativeExpenses": 37381000,
        "otherExpenses": 8000,
        "operatingExpenses": 86333000,
        "costAndExpenses": 86862000,
        "interestIncome": 18308000,
        "interestExpense": 9217000,
        "depreciationAndAmortization": 594000,
        "ebitda": -5518000,
        "ebitdaratio": -0.1186717708,
        "operatingIncome": -40364000,
        "operatingIncomeRatio": -0.8680803475,
        "totalOtherIncomeExpensesNet": 22533000,
        "incomeBeforeTax": -17831000,
        "incomeBeforeTaxRatio": -0.3834788593,
        "incomeTaxExpense": -1170000,
        "netIncome": -16661000,
        "netIncomeRatio": -0.3583164867,
        "eps": -0.22,
        "epsdiluted": -0.22,
        "weightedAverageShsOut": 76821726,
        "weightedAverageShsOutDil": 76821726,
        "link": "https://www.sec.gov/Archives/edgar/data/1771910/000177191022000013/0001771910-22-000013-index.htm",
        "finalLink": "https://www.sec.gov/Archives/edgar/data/1771910/000177191022000013/adc-20220331_d2.htm"
    },
    {
        "date": "2021-12-31",
        "symbol": "ADCT",
        "reportedCurrency": "USD",
        "cik": "0001771910",
        "fillingDate": "2022-03-17",
        "acceptedDate": "2022-03-17 08:24:40",
        "calendarYear": "2021",
        "period": "Q4",
        "revenue": 17010000,
        "costOfRevenue": 770000,
        "grossProfit": 16240000,
        "grossProfitRatio": 0.9547325103,
        "researchAndDevelopmentExpenses": 42492000,
        "generalAndAdministrativeExpenses": 17926000,
        "sellingAndMarketingExpenses": 18603000,
        "sellingGeneralAndAdministrativeExpenses": 36529000,
        "otherExpenses": 0,
        "operatingExpenses": 79021000,
        "costAndExpenses": 79791000,
        "interestIncome": 20000,
        "interestExpense": 9520000,
        "depreciationAndAmortization": 759000,
        "ebitda": -43307000,
        "ebitdaratio": -2.5459729571,
        "operatingIncome": -62781000,
        "operatingIncomeRatio": -3.6908289242,
        "totalOtherIncomeExpensesNet": 6429000,
        "incomeBeforeTax": -56352000,
        "incomeBeforeTaxRatio": -3.3128747795,
        "incomeTaxExpense": -21971000,
        "netIncome": -34381000,
        "netIncomeRatio": -2.0212228101,
        "eps": -0.45,
        "epsdiluted": -0.45,
        "weightedAverageShsOut": 76402222,
        "weightedAverageShsOutDil": 76402222,
        "link": "https://www.sec.gov/Archives/edgar/data/1771910/000177191022000004/0001771910-22-000004-index.htm",
        "finalLink": "https://www.sec.gov/Archives/edgar/data/1771910/000177191022000004/adc-20211231.htm"
    },
    {
        "date": "2021-09-30",
        "symbol": "ADCT",
        "reportedCurrency": "USD",
        "cik": "0001771910",
        "fillingDate": "2021-11-02",
        "acceptedDate": "2021-11-02 07:08:10",
        "calendarYear": "2021",
        "period": "Q3",
        "revenue": 13147000,
        "costOfRevenue": 502000,
        "grossProfit": 12645000,
        "grossProfitRatio": 0.961816384,
        "researchAndDevelopmentExpenses": 36805000,
        "generalAndAdministrativeExpenses": 16587000,
        "sellingAndMarketingExpenses": 17045000,
        "sellingGeneralAndAdministrativeExpenses": 33632000,
        "otherExpenses": 0,
        "operatingExpenses": 70437000,
        "costAndExpenses": 70939000,
        "interestIncome": 16000,
        "interestExpense": 4265000,
        "depreciationAndAmortization": 658000,
        "ebitda": -64271000,
        "ebitdaratio": -4.8886437971,
        "operatingIncome": -57792000,
        "operatingIncomeRatio": -4.3958317487,
        "totalOtherIncomeExpensesNet": -13612000,
        "incomeBeforeTax": -71404000,
        "incomeBeforeTaxRatio": -5.4312010345,
        "incomeTaxExpense": 145000,
        "netIncome": -71549000,
        "netIncomeRatio": -5.4422301666,
        "eps": -0.93,
        "epsdiluted": -0.93,
        "weightedAverageShsOut": 76739770,
        "weightedAverageShsOutDil": 76739770,
        "link": "https://www.sec.gov/Archives/edgar/data/1771910/000177191021000037/0001771910-21-000037-index.htm",
        "finalLink": "https://www.sec.gov/Archives/edgar/data/1771910/000177191021000037/adc-20210930_d2.htm"
    },
    {
        "date": "2021-06-30",
        "symbol": "ADCT",
        "reportedCurrency": "USD",
        "cik": "0001771910",
        "fillingDate": "2021-06-30",
        "acceptedDate": "2021-06-30 00:00:00",
        "calendarYear": "2021",
        "period": "Q2",
        "revenue": 3760000,
        "costOfRevenue": 121000,
        "grossProfit": 3639000,
        "grossProfitRatio": 0.9678191489,
        "researchAndDevelopmentExpenses": 39533000,
        "generalAndAdministrativeExpenses": 19367000,
        "sellingAndMarketingExpenses": 15221000,
        "sellingGeneralAndAdministrativeExpenses": 34588000,
        "otherExpenses": 0,
        "operatingExpenses": 74121000,
        "costAndExpenses": 74242000,
        "interestIncome": 15000,
        "interestExpense": 2555000,
        "depreciationAndAmortization": 635000,
        "ebitda": -69139000,
        "ebitdaratio": -18.3880319149,
        "operatingIncome": -70482000,
        "operatingIncomeRatio": -18.745212766,
        "totalOtherIncomeExpensesNet": -1847000,
        "incomeBeforeTax": -72329000,
        "incomeBeforeTaxRatio": -19.2364361702,
        "incomeTaxExpense": 240000,
        "netIncome": -72569000,
        "netIncomeRatio": -19.3002659574,
        "eps": -0.95,
        "epsdiluted": -0.95,
        "weightedAverageShsOut": 76728714,
        "weightedAverageShsOutDil": 76728714,
        "link": null,
        "finalLink": null
    },
    {
        "date": "2021-03-31",
        "symbol": "ADCT",
        "reportedCurrency": "USD",
        "cik": "0001771910",
        "fillingDate": "2021-05-06",
        "acceptedDate": "2021-05-06 07:08:58",
        "calendarYear": "2021",
        "period": "Q1",
        "revenue": 0,
        "costOfRevenue": 578000,
        "grossProfit": -578000,
        "grossProfitRatio": 0,
        "researchAndDevelopmentExpenses": 39172000,
        "generalAndAdministrativeExpenses": 17582000,
        "sellingAndMarketingExpenses": 13911000,
        "sellingGeneralAndAdministrativeExpenses": 31493000,
        "otherExpenses": 0,
        "operatingExpenses": 70665000,
        "costAndExpenses": 70665000,
        "interestIncome": 15000,
        "interestExpense": 2000000,
        "depreciationAndAmortization": 578000,
        "ebitda": -48315000,
        "ebitdaratio": 0,
        "operatingIncome": -70665000,
        "operatingIncomeRatio": 0,
        "totalOtherIncomeExpensesNet": 19245000,
        "incomeBeforeTax": -51420000,
        "incomeBeforeTaxRatio": 0,
        "incomeTaxExpense": 107000,
        "netIncome": -51527000,
        "netIncomeRatio": 0,
        "eps": -0.67,
        "epsdiluted": -0.67,
        "weightedAverageShsOut": 76721667,
        "weightedAverageShsOutDil": 76721667,
        "link": "https://www.sec.gov/Archives/edgar/data/1771910/000177191021000026/0001771910-21-000026-index.htm",
        "finalLink": "https://www.sec.gov/Archives/edgar/data/1771910/000177191021000026/adc-20210331_d2.htm"
    },
    {
        "date": "2020-12-31",
        "symbol": "ADCT",
        "reportedCurrency": "USD",
        "cik": "0001771910",
        "fillingDate": "2021-05-06",
        "acceptedDate": "2021-05-06 07:08:58",
        "calendarYear": "2020",
        "period": "Q4",
        "revenue": 51900000,
        "costOfRevenue": 25950000,
        "grossProfit": 25950000,
        "grossProfitRatio": 0.5,
        "researchAndDevelopmentExpenses": 48552000,
        "generalAndAdministrativeExpenses": 20096000,
        "sellingAndMarketingExpenses": 9353000,
        "sellingGeneralAndAdministrativeExpenses": 29449000,
        "otherExpenses": 143000,
        "operatingExpenses": 78001000,
        "costAndExpenses": 78001000,
        "interestIncome": 100000,
        "interestExpense": 2047000,
        "depreciationAndAmortization": 819000,
        "ebitda": -52937000,
        "ebitdaratio": -1.0199807322,
        "operatingIncome": -78001000,
        "operatingIncomeRatio": -1.5029094412,
        "totalOtherIncomeExpensesNet": 22198000,
        "incomeBeforeTax": -55803000,
        "incomeBeforeTaxRatio": -1.0752023121,
        "incomeTaxExpense": 126000,
        "netIncome": -55929000,
        "netIncomeRatio": -1.0776300578,
        "eps": -0.73,
        "epsdiluted": -0.73,
        "weightedAverageShsOut": 76719090,
        "weightedAverageShsOutDil": 76719090,
        "link": "https://www.sec.gov/Archives/edgar/data/1771910/000177191021000026/0001771910-21-000026-index.htm",
        "finalLink": "https://www.sec.gov/Archives/edgar/data/1771910/000177191021000026/adc-20210331_d2.htm"
    },
    {
        "date": "2020-09-30",
        "symbol": "ADCT",
        "reportedCurrency": "USD",
        "cik": "0001771910",
        "fillingDate": "2020-09-30",
        "acceptedDate": "2020-09-30 00:00:00",
        "calendarYear": "2020",
        "period": "Q3",
        "revenue": 0,
        "costOfRevenue": 32155000,
        "grossProfit": -32155000,
        "grossProfitRatio": 0,
        "researchAndDevelopmentExpenses": 32155000,
        "generalAndAdministrativeExpenses": 14157000,
        "sellingAndMarketingExpenses": 6116000,
        "sellingGeneralAndAdministrativeExpenses": 20273000,
        "otherExpenses": 34013000,
        "operatingExpenses": 52428000,
        "costAndExpenses": 52428000,
        "interestIncome": 163000,
        "interestExpense": 1940000,
        "depreciationAndAmortization": 489000,
        "ebitda": -17902000,
        "ebitdaratio": 0,
        "operatingIncome": -52428000,
        "operatingIncomeRatio": 0,
        "totalOtherIncomeExpensesNet": 32097000,
        "incomeBeforeTax": -20331000,
        "incomeBeforeTaxRatio": 0,
        "incomeTaxExpense": -3000,
        "netIncome": -20328000,
        "netIncomeRatio": 0,
        "eps": -0.29,
        "epsdiluted": -0.29,
        "weightedAverageShsOut": 70914300,
        "weightedAverageShsOutDil": 70914300,
        "link": null,
        "finalLink": null
    },
    {
        "date": "2020-06-30",
        "symbol": "ADCT",
        "reportedCurrency": "USD",
        "cik": "0001771910",
        "fillingDate": "2020-08-18",
        "acceptedDate": "2020-08-18 07:19:43",
        "calendarYear": "2020",
        "period": "Q2",
        "revenue": 0,
        "costOfRevenue": 25950000,
        "grossProfit": -25950000,
        "grossProfitRatio": 0,
        "researchAndDevelopmentExpenses": 25950000,
        "generalAndAdministrativeExpenses": 14995000,
        "sellingAndMarketingExpenses": 4004000,
        "sellingGeneralAndAdministrativeExpenses": 18999000,
        "otherExpenses": -80702000,
        "operatingExpenses": 44949000,
        "costAndExpenses": 44949000,
        "interestIncome": 195000,
        "interestExpense": 897000,
        "depreciationAndAmortization": 437000,
        "ebitda": -125556000,
        "ebitdaratio": 0,
        "operatingIncome": -44949000,
        "operatingIncomeRatio": 0,
        "totalOtherIncomeExpensesNet": -81504000,
        "incomeBeforeTax": -126453000,
        "incomeBeforeTaxRatio": 0,
        "incomeTaxExpense": 104000,
        "netIncome": -126557000,
        "netIncomeRatio": 0,
        "eps": -2.01,
        "epsdiluted": -2.01,
        "weightedAverageShsOut": 62863866,
        "weightedAverageShsOutDil": 62863866,
        "link": "https://www.sec.gov/Archives/edgar/data/1771910/000177191020000009/0001771910-20-000009-index.htm",
        "finalLink": "https://www.sec.gov/Archives/edgar/data/1771910/000177191020000009/dp134379_ex9901.htm"
    },
    {
        "date": "2020-03-31",
        "symbol": "ADCT",
        "reportedCurrency": "USD",
        "cik": "0001771910",
        "fillingDate": "2020-03-31",
        "acceptedDate": "2020-03-31 00:00:00",
        "calendarYear": "2020",
        "period": "Q1",
        "revenue": 0,
        "costOfRevenue": 35375000,
        "grossProfit": -35375000,
        "grossProfitRatio": 0,
        "researchAndDevelopmentExpenses": 35375000,
        "generalAndAdministrativeExpenses": 5882000,
        "sellingAndMarketingExpenses": 2628000,
        "sellingGeneralAndAdministrativeExpenses": 8510000,
        "otherExpenses": 148000,
        "operatingExpenses": 43885000,
        "costAndExpenses": 43885000,
        "interestIncome": 374000,
        "interestExpense": 42000,
        "depreciationAndAmortization": 443000,
        "ebitda": -43334000,
        "ebitdaratio": 0,
        "operatingIncome": -43885000,
        "operatingIncomeRatio": 0,
        "totalOtherIncomeExpensesNet": 509000,
        "incomeBeforeTax": -43376000,
        "incomeBeforeTaxRatio": 0,
        "incomeTaxExpense": 100000,
        "netIncome": -43476000,
        "netIncomeRatio": 0,
        "eps": -0.68,
        "epsdiluted": -0.68,
        "weightedAverageShsOut": 63932233,
        "weightedAverageShsOutDil": 63932233,
        "link": null,
        "finalLink": null
    },
    {
        "date": "2019-12-31",
        "symbol": "ADCT",
        "reportedCurrency": "USD",
        "cik": "0001771910",
        "fillingDate": "2019-12-31",
        "acceptedDate": "2019-12-31 00:00:00",
        "calendarYear": "2019",
        "period": "Q4",
        "revenue": 0,
        "costOfRevenue": 30424000,
        "grossProfit": -30424000,
        "grossProfitRatio": 0,
        "researchAndDevelopmentExpenses": 30424000,
        "generalAndAdministrativeExpenses": 4920000,
        "sellingAndMarketingExpenses": 0,
        "sellingGeneralAndAdministrativeExpenses": 4920000,
        "otherExpenses": 222000,
        "operatingExpenses": 35732000,
        "costAndExpenses": 35732000,
        "interestIncome": 218000,
        "interestExpense": 51000,
        "depreciationAndAmortization": 497000,
        "ebitda": -34795000,
        "ebitdaratio": 0,
        "operatingIncome": -35732000,
        "operatingIncomeRatio": 0,
        "totalOtherIncomeExpensesNet": 562000,
        "incomeBeforeTax": -35170000,
        "incomeBeforeTaxRatio": 0,
        "incomeTaxExpense": 115000,
        "netIncome": -35285000,
        "netIncomeRatio": 0,
        "eps": -0.48,
        "epsdiluted": -0.48,
        "weightedAverageShsOut": 73252000,
        "weightedAverageShsOutDil": 73252000,
        "link": null,
        "finalLink": null
    },
    {
        "date": "2019-09-30",
        "symbol": "ADCT",
        "reportedCurrency": "USD",
        "cik": "0001771910",
        "fillingDate": "2019-09-30",
        "acceptedDate": "2019-09-30 00:00:00",
        "calendarYear": "2019",
        "period": "Q3",
        "revenue": 0,
        "costOfRevenue": 30541000,
        "grossProfit": -30541000,
        "grossProfitRatio": 0,
        "researchAndDevelopmentExpenses": 30541000,
        "generalAndAdministrativeExpenses": 2302000,
        "sellingAndMarketingExpenses": 0,
        "sellingGeneralAndAdministrativeExpenses": 2302000,
        "otherExpenses": 1433000,
        "operatingExpenses": 32843000,
        "costAndExpenses": 32843000,
        "interestIncome": 729000,
        "interestExpense": 32000,
        "depreciationAndAmortization": 354000,
        "ebitda": -30687000,
        "ebitdaratio": 0,
        "operatingIncome": -32843000,
        "operatingIncomeRatio": 0,
        "totalOtherIncomeExpensesNet": 1770000,
        "incomeBeforeTax": -31073000,
        "incomeBeforeTaxRatio": 0,
        "incomeTaxExpense": 268000,
        "netIncome": -31341000,
        "netIncomeRatio": 0,
        "eps": -0.43,
        "epsdiluted": -0.43,
        "weightedAverageShsOut": 73252000,
        "weightedAverageShsOutDil": 73252000,
        "link": null,
        "finalLink": null
    },
    {
        "date": "2019-06-30",
        "symbol": "ADCT",
        "reportedCurrency": "USD",
        "cik": "0001771910",
        "fillingDate": "2019-06-30",
        "acceptedDate": "2019-06-30 00:00:00",
        "calendarYear": "2019",
        "period": "Q2",
        "revenue": 1962000,
        "costOfRevenue": 21760000,
        "grossProfit": -19798000,
        "grossProfitRatio": -10.0907237513,
        "researchAndDevelopmentExpenses": 21760000,
        "generalAndAdministrativeExpenses": 4089000,
        "sellingAndMarketingExpenses": 0,
        "sellingGeneralAndAdministrativeExpenses": 4089000,
        "otherExpenses": 0,
        "operatingExpenses": 25849000,
        "costAndExpenses": 25849000,
        "interestIncome": 659000,
        "interestExpense": 36000,
        "depreciationAndAmortization": 134500,
        "ebitda": -23228000,
        "ebitdaratio": -11.8389398573,
        "operatingIncome": -23887000,
        "operatingIncomeRatio": -12.1748216106,
        "totalOtherIncomeExpensesNet": 633000,
        "incomeBeforeTax": -23254000,
        "incomeBeforeTaxRatio": -11.8521916412,
        "incomeTaxExpense": 94000,
        "netIncome": -23348000,
        "netIncomeRatio": -11.9001019368,
        "eps": -0.32,
        "epsdiluted": -0.32,
        "weightedAverageShsOut": 73252000,
        "weightedAverageShsOutDil": 73252000,
        "link": null,
        "finalLink": null
    },
    {
        "date": "2019-03-31",
        "symbol": "ADCT",
        "reportedCurrency": "USD",
        "cik": "0001771910",
        "fillingDate": "2019-03-31",
        "acceptedDate": "2019-03-30 20:00:00",
        "calendarYear": "2019",
        "period": "Q1",
        "revenue": 1170000,
        "costOfRevenue": 23286000,
        "grossProfit": -22116000,
        "grossProfitRatio": -18.9025641026,
        "researchAndDevelopmentExpenses": 23286000,
        "generalAndAdministrativeExpenses": 3296000,
        "sellingAndMarketingExpenses": 0,
        "sellingGeneralAndAdministrativeExpenses": 3296000,
        "otherExpenses": 0,
        "operatingExpenses": 3330000,
        "costAndExpenses": 26616000,
        "interestIncome": 616500,
        "interestExpense": 0,
        "depreciationAndAmortization": 134500,
        "ebitda": -25277500,
        "ebitdaratio": -21.6047008547,
        "operatingIncome": -25412000,
        "operatingIncomeRatio": -21.7196581197,
        "totalOtherIncomeExpensesNet": 582500,
        "incomeBeforeTax": -24829500,
        "incomeBeforeTaxRatio": -21.2217948718,
        "incomeTaxExpense": 99500,
        "netIncome": -24929000,
        "netIncomeRatio": -21.3068376068,
        "eps": -0.53,
        "epsdiluted": -0.53,
        "weightedAverageShsOut": 47297861,
        "weightedAverageShsOutDil": 47297859,
        "link": null,
        "finalLink": null
    },
    {
        "date": "2018-12-31",
        "symbol": "ADCT",
        "reportedCurrency": "USD",
        "cik": "0001771910",
        "fillingDate": "2018-12-31",
        "acceptedDate": "2018-12-31 00:00:00",
        "calendarYear": "2018",
        "period": "Q4",
        "revenue": 257500,
        "costOfRevenue": 29090000,
        "grossProfit": -28832500,
        "grossProfitRatio": -111.9708737864,
        "researchAndDevelopmentExpenses": 29090000,
        "generalAndAdministrativeExpenses": 2449500,
        "sellingAndMarketingExpenses": -50000,
        "sellingGeneralAndAdministrativeExpenses": 2399500,
        "otherExpenses": 0,
        "operatingExpenses": 2371000,
        "costAndExpenses": 31461000,
        "interestIncome": 607500,
        "interestExpense": 0,
        "depreciationAndAmortization": 384000,
        "ebitda": -30848000,
        "ebitdaratio": -119.7980582524,
        "operatingIncome": -31232000,
        "operatingIncomeRatio": -121.2893203883,
        "totalOtherIncomeExpensesNet": 636000,
        "incomeBeforeTax": -30596000,
        "incomeBeforeTaxRatio": -118.8194174757,
        "incomeTaxExpense": 38000,
        "netIncome": -30634000,
        "netIncomeRatio": -118.9669902913,
        "eps": -0.57,
        "epsdiluted": -0.57,
        "weightedAverageShsOut": 53830234,
        "weightedAverageShsOutDil": 53830234,
        "link": null,
        "finalLink": null
    },
    {
        "date": "2018-09-30",
        "symbol": "ADCT",
        "reportedCurrency": "USD",
        "cik": "0001771910",
        "fillingDate": "2018-09-30",
        "acceptedDate": "2018-09-29 20:00:00",
        "calendarYear": "2018",
        "period": "Q3",
        "revenue": 257500,
        "costOfRevenue": 29090000,
        "grossProfit": -28832500,
        "grossProfitRatio": -111.9708737864,
        "researchAndDevelopmentExpenses": 29090000,
        "generalAndAdministrativeExpenses": 2449500,
        "sellingAndMarketingExpenses": -50000,
        "sellingGeneralAndAdministrativeExpenses": 2399500,
        "otherExpenses": 0,
        "operatingExpenses": 2371000,
        "costAndExpenses": 31461000,
        "interestIncome": 607500,
        "interestExpense": 0,
        "depreciationAndAmortization": 132000,
        "ebitda": -31100000,
        "ebitdaratio": -120.7766990291,
        "operatingIncome": -31232000,
        "operatingIncomeRatio": -121.2893203883,
        "totalOtherIncomeExpensesNet": 636000,
        "incomeBeforeTax": -30596000,
        "incomeBeforeTaxRatio": -118.8194174757,
        "incomeTaxExpense": 38000,
        "netIncome": -30634000,
        "netIncomeRatio": -118.9669902913,
        "eps": -0.569,
        "epsdiluted": -0.569,
        "weightedAverageShsOut": 53830234,
        "weightedAverageShsOutDil": 53830234,
        "link": null,
        "finalLink": null
    },
    {
        "date": "2018-06-30",
        "symbol": "ADCT",
        "reportedCurrency": "USD",
        "cik": "0001771910",
        "fillingDate": "2018-06-30",
        "acceptedDate": "2018-06-29 20:00:00",
        "calendarYear": "2018",
        "period": "Q2",
        "revenue": 312500,
        "costOfRevenue": 29953000,
        "grossProfit": -29640500,
        "grossProfitRatio": -94.8496,
        "researchAndDevelopmentExpenses": 30066500,
        "generalAndAdministrativeExpenses": 1934500,
        "sellingAndMarketingExpenses": 50000,
        "sellingGeneralAndAdministrativeExpenses": 1984500,
        "otherExpenses": 0,
        "operatingExpenses": 2020000,
        "costAndExpenses": 31973000,
        "interestIncome": 820500,
        "interestExpense": 0,
        "depreciationAndAmortization": 112000,
        "ebitda": -31513000,
        "ebitdaratio": -100.8416,
        "operatingIncome": -31625000,
        "operatingIncomeRatio": -101.2,
        "totalOtherIncomeExpensesNet": 898500,
        "incomeBeforeTax": -30840000,
        "incomeBeforeTaxRatio": -98.688,
        "incomeTaxExpense": 74000,
        "netIncome": -30914000,
        "netIncomeRatio": -98.9248,
        "eps": -0.574,
        "epsdiluted": -0.574,
        "weightedAverageShsOut": 53830234,
        "weightedAverageShsOutDil": 53830234,
        "link": null,
        "finalLink": null
    },
    {
        "date": "2018-03-31",
        "symbol": "ADCT",
        "reportedCurrency": "USD",
        "cik": "0001771910",
        "fillingDate": "2018-03-31",
        "acceptedDate": "2018-03-30 20:00:00",
        "calendarYear": "2018",
        "period": "Q1",
        "revenue": 312500,
        "costOfRevenue": 29953000,
        "grossProfit": -29640500,
        "grossProfitRatio": -94.8496,
        "researchAndDevelopmentExpenses": 30066500,
        "generalAndAdministrativeExpenses": 1934500,
        "sellingAndMarketingExpenses": 50000,
        "sellingGeneralAndAdministrativeExpenses": 1984500,
        "otherExpenses": 0,
        "operatingExpenses": 2020000,
        "costAndExpenses": 31973000,
        "interestIncome": 820500,
        "interestExpense": 0,
        "depreciationAndAmortization": 112000,
        "ebitda": -31513000,
        "ebitdaratio": -100.8416,
        "operatingIncome": -31625000,
        "operatingIncomeRatio": -101.2,
        "totalOtherIncomeExpensesNet": 898500,
        "incomeBeforeTax": -30840000,
        "incomeBeforeTaxRatio": -98.688,
        "incomeTaxExpense": 74000,
        "netIncome": -30914000,
        "netIncomeRatio": -98.9248,
        "eps": -0.574,
        "epsdiluted": -0.574,
        "weightedAverageShsOut": 53830234,
        "weightedAverageShsOutDil": 53830234,
        "link": null,
        "finalLink": null
    }
]