[
    {
        "date": "2025-06-30",
        "symbol": "ADT",
        "reportedCurrency": "USD",
        "cik": "0001703056",
        "fillingDate": "2025-07-24",
        "acceptedDate": "2025-07-24 16:02:39",
        "calendarYear": "2025",
        "period": "Q2",
        "revenue": 1287509000,
        "costOfRevenue": 249878000,
        "grossProfit": 698000000,
        "grossProfitRatio": 0.5421321327,
        "researchAndDevelopmentExpenses": 0,
        "generalAndAdministrativeExpenses": 0,
        "sellingAndMarketingExpenses": 0,
        "sellingGeneralAndAdministrativeExpenses": 356400000,
        "otherExpenses": 0,
        "operatingExpenses": 356400000,
        "costAndExpenses": 945000000,
        "interestIncome": 0,
        "interestExpense": 116000000,
        "depreciationAndAmortization": 338465000,
        "ebitda": 682000000,
        "ebitdaratio": 0.5297050351,
        "operatingIncome": 341748000,
        "operatingIncomeRatio": 0.2654334843,
        "totalOtherIncomeExpensesNet": -114995000,
        "incomeBeforeTax": 226491000,
        "incomeBeforeTaxRatio": 0.1759141101,
        "incomeTaxExpense": 59000000,
        "netIncome": 165000000,
        "netIncomeRatio": 0.128154444,
        "eps": 0.2,
        "epsdiluted": 0.19,
        "weightedAverageShsOut": 793000000,
        "weightedAverageShsOutDil": 856000000,
        "link": "https://www.sec.gov/Archives/edgar/data/1703056/000170305625000139/0001703056-25-000139-index.htm",
        "finalLink": "https://www.sec.gov/Archives/edgar/data/1703056/000170305625000139/adt-20250630.htm"
    },
    {
        "date": "2025-03-31",
        "symbol": "ADT",
        "reportedCurrency": "USD",
        "cik": "0001703056",
        "fillingDate": "2025-04-24",
        "acceptedDate": "2025-04-24 16:43:47",
        "calendarYear": "2025",
        "period": "Q1",
        "revenue": 1267491000,
        "costOfRevenue": 240122000,
        "grossProfit": 1027369000,
        "grossProfitRatio": 0.8105532899,
        "researchAndDevelopmentExpenses": 0,
        "generalAndAdministrativeExpenses": 0,
        "sellingAndMarketingExpenses": 18514000,
        "sellingGeneralAndAdministrativeExpenses": 368600000,
        "otherExpenses": 339517000,
        "operatingExpenses": 708117000,
        "costAndExpenses": 948239000,
        "interestIncome": 0,
        "interestExpense": 120879000,
        "depreciationAndAmortization": 339535000,
        "ebitda": 653923000,
        "ebitdaratio": 0.5159192452,
        "operatingIncome": 319252000,
        "operatingIncomeRatio": 0.2518771336,
        "totalOtherIncomeExpensesNet": -125743000,
        "incomeBeforeTax": 193509000,
        "incomeBeforeTaxRatio": 0.1526709065,
        "incomeTaxExpense": 51032000,
        "netIncome": 140246000,
        "netIncomeRatio": 0.1106485174,
        "eps": 0.16,
        "epsdiluted": 0.15,
        "weightedAverageShsOut": 862774000,
        "weightedAverageShsOutDil": 926057000,
        "link": "https://www.sec.gov/Archives/edgar/data/1703056/000170305625000069/0001703056-25-000069-index.htm",
        "finalLink": "https://www.sec.gov/Archives/edgar/data/1703056/000170305625000069/adt-20250331.htm"
    },
    {
        "date": "2024-12-31",
        "symbol": "ADT",
        "reportedCurrency": "USD",
        "cik": "0001703056",
        "fillingDate": "2025-02-27",
        "acceptedDate": "2025-02-27 17:02:02",
        "calendarYear": "2024",
        "period": "Q4",
        "revenue": 1260379000,
        "costOfRevenue": 234469000,
        "grossProfit": 1025910000,
        "grossProfitRatio": 0.8139694489,
        "researchAndDevelopmentExpenses": 0,
        "generalAndAdministrativeExpenses": 0,
        "sellingAndMarketingExpenses": 105000000,
        "sellingGeneralAndAdministrativeExpenses": 370823000,
        "otherExpenses": 349697000,
        "operatingExpenses": 720520000,
        "costAndExpenses": 954989000,
        "interestIncome": 0,
        "interestExpense": 82051000,
        "depreciationAndAmortization": 340693000,
        "ebitda": 649313000,
        "ebitdaratio": 0.5151728171,
        "operatingIncome": 305390000,
        "operatingIncomeRatio": 0.2423001335,
        "totalOtherIncomeExpensesNet": -78821000,
        "incomeBeforeTax": 226569000,
        "incomeBeforeTaxRatio": 0.1797625952,
        "incomeTaxExpense": 29275000,
        "netIncome": 189957000,
        "netIncomeRatio": 0.1507141899,
        "eps": 0.22,
        "epsdiluted": 0.21,
        "weightedAverageShsOut": 846521000,
        "weightedAverageShsOutDil": 908700000,
        "link": "https://www.sec.gov/Archives/edgar/data/1703056/000170305625000022/0001703056-25-000022-index.htm",
        "finalLink": "https://www.sec.gov/Archives/edgar/data/1703056/000170305625000022/adt-20241231.htm"
    },
    {
        "date": "2024-09-30",
        "symbol": "ADT",
        "reportedCurrency": "USD",
        "cik": "0001703056",
        "fillingDate": "2024-10-24",
        "acceptedDate": "2024-10-24 17:07:56",
        "calendarYear": "2024",
        "period": "Q3",
        "revenue": 1243836000,
        "costOfRevenue": 222106000,
        "grossProfit": 1021730000,
        "grossProfitRatio": 0.8214346586,
        "researchAndDevelopmentExpenses": 0,
        "generalAndAdministrativeExpenses": 0,
        "sellingAndMarketingExpenses": 0,
        "sellingGeneralAndAdministrativeExpenses": 358520000,
        "otherExpenses": 336860000,
        "operatingExpenses": 695380000,
        "costAndExpenses": 917486000,
        "interestIncome": 0,
        "interestExpense": 161830000,
        "depreciationAndAmortization": 335325000,
        "ebitda": 679410000,
        "ebitdaratio": 0.5462215276,
        "operatingIncome": 326350000,
        "operatingIncomeRatio": 0.2623738178,
        "totalOtherIncomeExpensesNet": -144095000,
        "incomeBeforeTax": 182255000,
        "incomeBeforeTaxRatio": 0.1465265517,
        "incomeTaxExpense": 50235000,
        "netIncome": 127151000,
        "netIncomeRatio": 0.1022248914,
        "eps": 0.14,
        "epsdiluted": 0.13,
        "weightedAverageShsOut": 905207000,
        "weightedAverageShsOutDil": 967606000,
        "link": "https://www.sec.gov/Archives/edgar/data/1703056/000170305624000107/0001703056-24-000107-index.htm",
        "finalLink": "https://www.sec.gov/Archives/edgar/data/1703056/000170305624000107/adt-20240930.htm"
    },
    {
        "date": "2024-06-30",
        "symbol": "ADT",
        "reportedCurrency": "USD",
        "cik": "0001703056",
        "fillingDate": "2024-08-01",
        "acceptedDate": "2024-08-01 17:08:14",
        "calendarYear": "2024",
        "period": "Q2",
        "revenue": 1204559000,
        "costOfRevenue": 196234000,
        "grossProfit": 1008325000,
        "grossProfitRatio": 0.8370905867,
        "researchAndDevelopmentExpenses": 0,
        "generalAndAdministrativeExpenses": 0,
        "sellingAndMarketingExpenses": 0,
        "sellingGeneralAndAdministrativeExpenses": 388440000,
        "otherExpenses": 335710000,
        "operatingExpenses": 724150000,
        "costAndExpenses": 920384000,
        "interestIncome": 0,
        "interestExpense": 109700000,
        "depreciationAndAmortization": 334325000,
        "ebitda": 630050000,
        "ebitdaratio": 0.5230544955,
        "operatingIncome": 284175000,
        "operatingIncomeRatio": 0.235916215,
        "totalOtherIncomeExpensesNet": -98150000,
        "incomeBeforeTax": 186025000,
        "incomeBeforeTaxRatio": 0.1544341124,
        "incomeTaxExpense": 59840000,
        "netIncome": 92394000,
        "netIncomeRatio": 0.0767035903,
        "eps": 0.1,
        "epsdiluted": 0.1,
        "weightedAverageShsOut": 903018000,
        "weightedAverageShsOutDil": 909182745,
        "link": "https://www.sec.gov/Archives/edgar/data/1703056/000170305624000089/0001703056-24-000089-index.htm",
        "finalLink": "https://www.sec.gov/Archives/edgar/data/1703056/000170305624000089/adt-20240630.htm"
    },
    {
        "date": "2024-03-31",
        "symbol": "ADT",
        "reportedCurrency": "USD",
        "cik": "0001703056",
        "fillingDate": "2024-04-25",
        "acceptedDate": "2024-04-25 16:09:46",
        "calendarYear": "2024",
        "period": "Q1",
        "revenue": 1189672000,
        "costOfRevenue": 194305000,
        "grossProfit": 995367000,
        "grossProfitRatio": 0.8366734697,
        "researchAndDevelopmentExpenses": 0,
        "generalAndAdministrativeExpenses": 0,
        "sellingAndMarketingExpenses": 24498000,
        "sellingGeneralAndAdministrativeExpenses": 370216000,
        "otherExpenses": 333002000,
        "operatingExpenses": 703218000,
        "costAndExpenses": 897523000,
        "interestIncome": 0,
        "interestExpense": 87450000,
        "depreciationAndAmortization": 334353000,
        "ebitda": 642124000,
        "ebitdaratio": 0.5397487711,
        "operatingIncome": 292149000,
        "operatingIncomeRatio": 0.2455710482,
        "totalOtherIncomeExpensesNet": -71828000,
        "incomeBeforeTax": 220321000,
        "incomeBeforeTaxRatio": 0.1851947428,
        "incomeTaxExpense": 56430000,
        "netIncome": 91551000,
        "netIncomeRatio": 0.0769548245,
        "eps": 0.1,
        "epsdiluted": 0.0941,
        "weightedAverageShsOut": 910638000,
        "weightedAverageShsOutDil": 973139000,
        "link": "https://www.sec.gov/Archives/edgar/data/1703056/000170305624000051/0001703056-24-000051-index.htm",
        "finalLink": "https://www.sec.gov/Archives/edgar/data/1703056/000170305624000051/adt-20240331.htm"
    },
    {
        "date": "2023-12-31",
        "symbol": "ADT",
        "reportedCurrency": "USD",
        "cik": "0001703056",
        "fillingDate": "2024-02-28",
        "acceptedDate": "2024-02-28 17:27:25",
        "calendarYear": "2023",
        "period": "Q4",
        "revenue": 1222255000,
        "costOfRevenue": 229070000,
        "grossProfit": 993185000,
        "grossProfitRatio": 0.8125841171,
        "researchAndDevelopmentExpenses": 0,
        "generalAndAdministrativeExpenses": 0,
        "sellingAndMarketingExpenses": 131000000,
        "sellingGeneralAndAdministrativeExpenses": 380491000,
        "otherExpenses": 349710000,
        "operatingExpenses": 730201000,
        "costAndExpenses": 959271000,
        "interestIncome": 0,
        "interestExpense": 169769000,
        "depreciationAndAmortization": 329877000,
        "ebitda": 588208000,
        "ebitdaratio": 0.4812481847,
        "operatingIncome": 307340000,
        "operatingIncomeRatio": 0.2514532565,
        "totalOtherIncomeExpensesNet": -159632000,
        "incomeBeforeTax": 147708000,
        "incomeBeforeTaxRatio": 0.1208487591,
        "incomeTaxExpense": 40598000,
        "netIncome": 575872000,
        "netIncomeRatio": 0.4711553645,
        "eps": 0.63,
        "epsdiluted": 0.59,
        "weightedAverageShsOut": 913000000,
        "weightedAverageShsOutDil": 974000000,
        "link": "https://www.sec.gov/Archives/edgar/data/1703056/000170305624000020/0001703056-24-000020-index.htm",
        "finalLink": "https://www.sec.gov/Archives/edgar/data/1703056/000170305624000020/adt-20231231.htm"
    },
    {
        "date": "2023-09-30",
        "symbol": "ADT",
        "reportedCurrency": "USD",
        "cik": "0001703056",
        "fillingDate": "2023-11-02",
        "acceptedDate": "2023-11-02 16:20:51",
        "calendarYear": "2023",
        "period": "Q3",
        "revenue": 1179873000,
        "costOfRevenue": 187396000,
        "grossProfit": 992477000,
        "grossProfitRatio": 0.8411727364,
        "researchAndDevelopmentExpenses": 0,
        "generalAndAdministrativeExpenses": 0,
        "sellingAndMarketingExpenses": 0,
        "sellingGeneralAndAdministrativeExpenses": 346444000,
        "otherExpenses": 339470000,
        "operatingExpenses": 685914000,
        "costAndExpenses": 873310000,
        "interestIncome": 0,
        "interestExpense": 146850000,
        "depreciationAndAmortization": 329901000,
        "ebitda": 637125000,
        "ebitdaratio": 0.5399945587,
        "operatingIncome": 306563000,
        "operatingIncomeRatio": 0.259827117,
        "totalOtherIncomeExpensesNet": -148877000,
        "incomeBeforeTax": 157686000,
        "incomeBeforeTaxRatio": 0.1336465874,
        "incomeTaxExpense": 34427000,
        "netIncome": -86237000,
        "netIncomeRatio": -0.0730900699,
        "eps": -0.0945,
        "epsdiluted": -0.0945,
        "weightedAverageShsOut": 912168000,
        "weightedAverageShsOutDil": 912168000,
        "link": "https://www.sec.gov/Archives/edgar/data/1703056/000170305623000187/0001703056-23-000187-index.htm",
        "finalLink": "https://www.sec.gov/Archives/edgar/data/1703056/000170305623000187/adt-20230930.htm"
    },
    {
        "date": "2023-06-30",
        "symbol": "ADT",
        "reportedCurrency": "USD",
        "cik": "0001703056",
        "fillingDate": "2023-08-08",
        "acceptedDate": "2023-08-08 16:39:07",
        "calendarYear": "2023",
        "period": "Q2",
        "revenue": 1168077000,
        "costOfRevenue": 187710000,
        "grossProfit": 980367000,
        "grossProfitRatio": 0.8392999777,
        "researchAndDevelopmentExpenses": 0,
        "generalAndAdministrativeExpenses": 0,
        "sellingAndMarketingExpenses": 0,
        "sellingGeneralAndAdministrativeExpenses": 319218000,
        "otherExpenses": 329051000,
        "operatingExpenses": 648269000,
        "costAndExpenses": 835979000,
        "interestIncome": 0,
        "interestExpense": 83478000,
        "depreciationAndAmortization": 345838000,
        "ebitda": 678455000,
        "ebitdaratio": 0.5808307158,
        "operatingIncome": 332098000,
        "operatingIncomeRatio": 0.2843117363,
        "totalOtherIncomeExpensesNet": -82959000,
        "incomeBeforeTax": 249139000,
        "incomeBeforeTaxRatio": 0.2132898773,
        "incomeTaxExpense": 66963000,
        "netIncome": 92211000,
        "netIncomeRatio": 0.0789425697,
        "eps": 0.1,
        "epsdiluted": 0.0949,
        "weightedAverageShsOut": 912326000,
        "weightedAverageShsOutDil": 971604000,
        "link": "https://www.sec.gov/Archives/edgar/data/1703056/000170305623000157/0001703056-23-000157-index.htm",
        "finalLink": "https://www.sec.gov/Archives/edgar/data/1703056/000170305623000157/adt-20230630.htm"
    },
    {
        "date": "2023-03-31",
        "symbol": "ADT",
        "reportedCurrency": "USD",
        "cik": "0001703056",
        "fillingDate": "2023-05-02",
        "acceptedDate": "2023-05-02 16:06:40",
        "calendarYear": "2023",
        "period": "Q1",
        "revenue": 1277311000,
        "costOfRevenue": 289968000,
        "grossProfit": 987343000,
        "grossProfitRatio": 0.7729855924,
        "researchAndDevelopmentExpenses": 0,
        "generalAndAdministrativeExpenses": 0,
        "sellingAndMarketingExpenses": 0,
        "sellingGeneralAndAdministrativeExpenses": 393374000,
        "otherExpenses": 619518000,
        "operatingExpenses": 1012892000,
        "costAndExpenses": 1302860000,
        "interestIncome": 0,
        "interestExpense": 171302000,
        "depreciationAndAmortization": 383055000,
        "ebitda": 356316000,
        "ebitdaratio": 0.2789579045,
        "operatingIncome": -25549000,
        "operatingIncomeRatio": -0.0200021764,
        "totalOtherIncomeExpensesNet": -172492000,
        "incomeBeforeTax": -198041000,
        "incomeBeforeTaxRatio": -0.1550452474,
        "incomeTaxExpense": -73937000,
        "netIncome": -118837000,
        "netIncomeRatio": -0.0930368563,
        "eps": -0.0957,
        "epsdiluted": -0.0957,
        "weightedAverageShsOut": 909044000,
        "weightedAverageShsOutDil": 909044000,
        "link": "https://www.sec.gov/Archives/edgar/data/1703056/000170305623000105/0001703056-23-000105-index.htm",
        "finalLink": "https://www.sec.gov/Archives/edgar/data/1703056/000170305623000105/adt-20230331.htm"
    },
    {
        "date": "2022-12-31",
        "symbol": "ADT",
        "reportedCurrency": "USD",
        "cik": "0001703056",
        "fillingDate": "2023-07-27",
        "acceptedDate": "2023-07-27 17:17:03",
        "calendarYear": "2022",
        "period": "Q4",
        "revenue": 1645442000,
        "costOfRevenue": 527946000,
        "grossProfit": 1117496000,
        "grossProfitRatio": 0.6791463935,
        "researchAndDevelopmentExpenses": 0,
        "generalAndAdministrativeExpenses": 0,
        "sellingAndMarketingExpenses": 0,
        "sellingGeneralAndAdministrativeExpenses": 480177000,
        "otherExpenses": 411704000,
        "operatingExpenses": 891881000,
        "costAndExpenses": 1419827000,
        "interestIncome": 0,
        "interestExpense": 147243000,
        "depreciationAndAmortization": 411704000,
        "ebitda": 713651000,
        "ebitdaratio": 0.4337138593,
        "operatingIncome": 206351000,
        "operatingIncomeRatio": 0.1254076412,
        "totalOtherIncomeExpensesNet": -51647000,
        "incomeBeforeTax": 154704000,
        "incomeBeforeTaxRatio": 0.0940197224,
        "incomeTaxExpense": 1202000,
        "netIncome": 151443000,
        "netIncomeRatio": 0.092037884,
        "eps": 0.17,
        "epsdiluted": 0.16,
        "weightedAverageShsOut": 906000000,
        "weightedAverageShsOutDil": 977000000,
        "link": "https://www.sec.gov/Archives/edgar/data/1703056/000170305623000146/0001703056-23-000146-index.htm",
        "finalLink": "https://www.sec.gov/Archives/edgar/data/1703056/000170305623000146/adt-20221231.htm"
    },
    {
        "date": "2022-09-30",
        "symbol": "ADT",
        "reportedCurrency": "USD",
        "cik": "0001703056",
        "fillingDate": "2023-07-27",
        "acceptedDate": "2023-07-27 16:50:04",
        "calendarYear": "2022",
        "period": "Q3",
        "revenue": 1289793000,
        "costOfRevenue": 278655000,
        "grossProfit": 1011138000,
        "grossProfitRatio": 0.7839537042,
        "researchAndDevelopmentExpenses": 0,
        "generalAndAdministrativeExpenses": 0,
        "sellingAndMarketingExpenses": 0,
        "sellingGeneralAndAdministrativeExpenses": 415373000,
        "otherExpenses": 387417000,
        "operatingExpenses": 802790000,
        "costAndExpenses": 1081445000,
        "interestIncome": 0,
        "interestExpense": 29832000,
        "depreciationAndAmortization": 406332000,
        "ebitda": 252843000,
        "ebitdaratio": 0.1960337822,
        "operatingIncome": 2629000,
        "operatingIncomeRatio": 0.0020383116,
        "totalOtherIncomeExpensesNet": -185950000,
        "incomeBeforeTax": -183321000,
        "incomeBeforeTaxRatio": -0.1421321096,
        "incomeTaxExpense": -15800000,
        "netIncome": -161249000,
        "netIncomeRatio": -0.125019286,
        "eps": -0.13,
        "epsdiluted": -0.13,
        "weightedAverageShsOut": 904975000,
        "weightedAverageShsOutDil": 905000000,
        "link": "https://www.sec.gov/Archives/edgar/data/1703056/000170305623000145/0001703056-23-000145-index.htm",
        "finalLink": "https://www.sec.gov/Archives/edgar/data/1703056/000170305623000145/adt-20220930.htm"
    },
    {
        "date": "2022-06-30",
        "symbol": "ADT",
        "reportedCurrency": "USD",
        "cik": "0001703056",
        "fillingDate": "2022-08-04",
        "acceptedDate": "2022-08-04 16:33:00",
        "calendarYear": "2022",
        "period": "Q2",
        "revenue": 1601030000,
        "costOfRevenue": 507813000,
        "grossProfit": 1093217000,
        "grossProfitRatio": 0.6828210589,
        "researchAndDevelopmentExpenses": 0,
        "generalAndAdministrativeExpenses": 0,
        "sellingAndMarketingExpenses": 0,
        "sellingGeneralAndAdministrativeExpenses": 487069000,
        "otherExpenses": 399416000,
        "operatingExpenses": 886485000,
        "costAndExpenses": 1394298000,
        "interestIncome": 0,
        "interestExpense": 81651000,
        "depreciationAndAmortization": 438466000,
        "ebitda": 611456000,
        "ebitdaratio": 0.3819141428,
        "operatingIncome": 210577000,
        "operatingIncomeRatio": 0.1315259552,
        "totalOtherIncomeExpensesNet": -80188000,
        "incomeBeforeTax": 130389000,
        "incomeBeforeTaxRatio": 0.0814406976,
        "incomeTaxExpense": 37924000,
        "netIncome": 91517000,
        "netIncomeRatio": 0.0571613274,
        "eps": 0.0948,
        "epsdiluted": 0.0948,
        "weightedAverageShsOut": 965554000,
        "weightedAverageShsOutDil": 965554000,
        "link": "https://www.sec.gov/Archives/edgar/data/1703056/000170305622000178/0001703056-22-000178-index.htm",
        "finalLink": "https://www.sec.gov/Archives/edgar/data/1703056/000170305622000178/adt-20220630.htm"
    },
    {
        "date": "2022-03-31",
        "symbol": "ADT",
        "reportedCurrency": "USD",
        "cik": "0001703056",
        "fillingDate": "2022-05-06",
        "acceptedDate": "2022-05-05 18:22:11",
        "calendarYear": "2022",
        "period": "Q1",
        "revenue": 1544000000,
        "costOfRevenue": 510000000,
        "grossProfit": 1034000000,
        "grossProfitRatio": 0.6696891192,
        "researchAndDevelopmentExpenses": 0,
        "generalAndAdministrativeExpenses": 0,
        "sellingAndMarketingExpenses": 0,
        "sellingGeneralAndAdministrativeExpenses": 482000000,
        "otherExpenses": 476000000,
        "operatingExpenses": 958000000,
        "costAndExpenses": 1468000000,
        "interestIncome": 0,
        "interestExpense": 6307000,
        "depreciationAndAmortization": 513062000,
        "ebitda": 553599000,
        "ebitdaratio": 0.3585485751,
        "operatingIncome": 76000000,
        "operatingIncomeRatio": 0.0492227979,
        "totalOtherIncomeExpensesNet": -4811000,
        "incomeBeforeTax": 71000000,
        "incomeBeforeTaxRatio": 0.045984456,
        "incomeTaxExpense": 20000000,
        "netIncome": 51645000,
        "netIncomeRatio": 0.0334488342,
        "eps": 0.0554,
        "epsdiluted": 0.0535,
        "weightedAverageShsOut": 931514014,
        "weightedAverageShsOutDil": 966000000,
        "link": "https://www.sec.gov/Archives/edgar/data/1703056/000170305622000126/0001703056-22-000126-index.htm",
        "finalLink": "https://www.sec.gov/Archives/edgar/data/1703056/000170305622000126/adt-20220331.htm"
    },
    {
        "date": "2021-12-31",
        "symbol": "ADT",
        "reportedCurrency": "USD",
        "cik": "0001703056",
        "fillingDate": "2022-03-01",
        "acceptedDate": "2022-03-01 16:20:53",
        "calendarYear": "2021",
        "period": "Q4",
        "revenue": 1381000000,
        "costOfRevenue": 415000000,
        "grossProfit": 966000000,
        "grossProfitRatio": 0.6994931209,
        "researchAndDevelopmentExpenses": 0,
        "generalAndAdministrativeExpenses": 0,
        "sellingAndMarketingExpenses": 0,
        "sellingGeneralAndAdministrativeExpenses": 445000000,
        "otherExpenses": 3000000,
        "operatingExpenses": 936000000,
        "costAndExpenses": 1351000000,
        "interestIncome": 0,
        "interestExpense": 110000000,
        "depreciationAndAmortization": 525725000,
        "ebitda": 504596000,
        "ebitdaratio": 0.365384504,
        "operatingIncome": 10000000,
        "operatingIncomeRatio": 0.0072411296,
        "totalOtherIncomeExpensesNet": -106441000,
        "incomeBeforeTax": -96000000,
        "incomeBeforeTaxRatio": -0.0695148443,
        "incomeTaxExpense": -38000000,
        "netIncome": -58000000,
        "netIncomeRatio": -0.0419985518,
        "eps": -0.0737,
        "epsdiluted": -0.0689,
        "weightedAverageShsOut": 787000000,
        "weightedAverageShsOutDil": 842000000,
        "link": "https://www.sec.gov/Archives/edgar/data/1703056/000170305622000042/0001703056-22-000042-index.htm",
        "finalLink": "https://www.sec.gov/Archives/edgar/data/1703056/000170305622000042/adt-20211231.htm"
    },
    {
        "date": "2021-09-30",
        "symbol": "ADT",
        "reportedCurrency": "USD",
        "cik": "0001703056",
        "fillingDate": "2021-11-09",
        "acceptedDate": "2021-11-09 16:25:53",
        "calendarYear": "2021",
        "period": "Q3",
        "revenue": 1317002000,
        "costOfRevenue": 371985000,
        "grossProfit": 945017000,
        "grossProfitRatio": 0.7175516818,
        "researchAndDevelopmentExpenses": 0,
        "generalAndAdministrativeExpenses": 0,
        "sellingAndMarketingExpenses": 0,
        "sellingGeneralAndAdministrativeExpenses": 448634000,
        "otherExpenses": 1511000,
        "operatingExpenses": 928644000,
        "costAndExpenses": 1300629000,
        "interestIncome": 0,
        "interestExpense": 133275000,
        "depreciationAndAmortization": 512544000,
        "ebitda": 496383000,
        "ebitdaratio": 0.3769037557,
        "operatingIncome": 23096000,
        "operatingIncomeRatio": 0.0175367995,
        "totalOtherIncomeExpensesNet": -168721000,
        "incomeBeforeTax": -145625000,
        "incomeBeforeTaxRatio": -0.1105731047,
        "incomeTaxExpense": -36496000,
        "netIncome": -109129000,
        "netIncomeRatio": -0.0828616813,
        "eps": -0.13,
        "epsdiluted": -0.13,
        "weightedAverageShsOut": 821559000,
        "weightedAverageShsOutDil": 821559000,
        "link": "https://www.sec.gov/Archives/edgar/data/1703056/000170305621000181/0001703056-21-000181-index.htm",
        "finalLink": "https://www.sec.gov/Archives/edgar/data/1703056/000170305621000181/adt-20210930.htm"
    },
    {
        "date": "2021-06-30",
        "symbol": "ADT",
        "reportedCurrency": "USD",
        "cik": "0001703056",
        "fillingDate": "2021-08-04",
        "acceptedDate": "2021-08-04 17:08:03",
        "calendarYear": "2021",
        "period": "Q2",
        "revenue": 1304417000,
        "costOfRevenue": 381585000,
        "grossProfit": 922832000,
        "grossProfitRatio": 0.707467014,
        "researchAndDevelopmentExpenses": 0,
        "generalAndAdministrativeExpenses": 0,
        "sellingAndMarketingExpenses": 0,
        "sellingGeneralAndAdministrativeExpenses": 445636000,
        "otherExpenses": 1533000,
        "operatingExpenses": 919907000,
        "costAndExpenses": 1301492000,
        "interestIncome": 0,
        "interestExpense": 166525000,
        "depreciationAndAmortization": 504271000,
        "ebitda": 474925000,
        "ebitdaratio": 0.3640898578,
        "operatingIncome": -1879000,
        "operatingIncomeRatio": -0.0014404903,
        "totalOtherIncomeExpensesNet": -164992000,
        "incomeBeforeTax": -166871000,
        "incomeBeforeTaxRatio": -0.1279276489,
        "incomeTaxExpense": -41021000,
        "netIncome": -125850000,
        "netIncomeRatio": -0.0964798834,
        "eps": -0.16,
        "epsdiluted": -0.15,
        "weightedAverageShsOut": 765922000,
        "weightedAverageShsOutDil": 820667000,
        "link": "https://www.sec.gov/Archives/edgar/data/1703056/000170305621000145/0001703056-21-000145-index.htm",
        "finalLink": "https://www.sec.gov/Archives/edgar/data/1703056/000170305621000145/adt-20210630.htm"
    },
    {
        "date": "2021-03-31",
        "symbol": "ADT",
        "reportedCurrency": "USD",
        "cik": "0001703056",
        "fillingDate": "2021-05-05",
        "acceptedDate": "2021-05-05 16:36:00",
        "calendarYear": "2021",
        "period": "Q1",
        "revenue": 1304704000,
        "costOfRevenue": 381166000,
        "grossProfit": 923538000,
        "grossProfitRatio": 0.7078525091,
        "researchAndDevelopmentExpenses": 0,
        "generalAndAdministrativeExpenses": 0,
        "sellingAndMarketingExpenses": 0,
        "sellingGeneralAndAdministrativeExpenses": 449602000,
        "otherExpenses": 1803000,
        "operatingExpenses": 919411000,
        "costAndExpenses": 1300577000,
        "interestIncome": 0,
        "interestExpense": 47724000,
        "depreciationAndAmortization": 498451000,
        "ebitda": 455076000,
        "ebitdaratio": 0.3487963553,
        "operatingIncome": -16380000,
        "operatingIncomeRatio": -0.0125545718,
        "totalOtherIncomeExpensesNet": -66584000,
        "incomeBeforeTax": -62457000,
        "incomeBeforeTaxRatio": -0.0478706281,
        "incomeTaxExpense": -14563000,
        "netIncome": -47894000,
        "netIncomeRatio": -0.0367087094,
        "eps": -0.0628,
        "epsdiluted": -0.0586,
        "weightedAverageShsOut": 762704000,
        "weightedAverageShsOutDil": 817449000,
        "link": "https://www.sec.gov/Archives/edgar/data/1703056/000170305621000095/0001703056-21-000095-index.htm",
        "finalLink": "https://www.sec.gov/Archives/edgar/data/1703056/000170305621000095/adt-20210331.htm"
    },
    {
        "date": "2020-12-31",
        "symbol": "ADT",
        "reportedCurrency": "USD",
        "cik": "0001703056",
        "fillingDate": "2021-02-25",
        "acceptedDate": "2021-02-25 16:46:51",
        "calendarYear": "2020",
        "period": "Q4",
        "revenue": 1315000000,
        "costOfRevenue": 374000000,
        "grossProfit": 941000000,
        "grossProfitRatio": 0.7155893536,
        "researchAndDevelopmentExpenses": 0,
        "generalAndAdministrativeExpenses": 444715000,
        "sellingAndMarketingExpenses": 285000,
        "sellingGeneralAndAdministrativeExpenses": 445000000,
        "otherExpenses": 2000000,
        "operatingExpenses": 919000000,
        "costAndExpenses": 1293000000,
        "interestIncome": 0,
        "interestExpense": 139000000,
        "depreciationAndAmortization": 473528000,
        "ebitda": 498000000,
        "ebitdaratio": 0.3787072243,
        "operatingIncome": 17000000,
        "operatingIncomeRatio": 0.0129277567,
        "totalOtherIncomeExpensesNet": -138212000,
        "incomeBeforeTax": -125000000,
        "incomeBeforeTaxRatio": -0.0950570342,
        "incomeTaxExpense": -13000000,
        "netIncome": -112000000,
        "netIncomeRatio": -0.0851711027,
        "eps": -0.15,
        "epsdiluted": -0.14,
        "weightedAverageShsOut": 761000000,
        "weightedAverageShsOutDil": 816000000,
        "link": "https://www.sec.gov/Archives/edgar/data/1703056/000170305621000020/0001703056-21-000020-index.htm",
        "finalLink": "https://www.sec.gov/Archives/edgar/data/1703056/000170305621000020/adt-20201231.htm"
    },
    {
        "date": "2020-09-30",
        "symbol": "ADT",
        "reportedCurrency": "USD",
        "cik": "0001703056",
        "fillingDate": "2020-11-05",
        "acceptedDate": "2020-11-05 16:56:20",
        "calendarYear": "2020",
        "period": "Q3",
        "revenue": 1298924000,
        "costOfRevenue": 357895000,
        "grossProfit": 941029000,
        "grossProfitRatio": 0.7244680982,
        "researchAndDevelopmentExpenses": 0,
        "generalAndAdministrativeExpenses": 410933000,
        "sellingAndMarketingExpenses": 0,
        "sellingGeneralAndAdministrativeExpenses": 410933000,
        "otherExpenses": 1992000,
        "operatingExpenses": 884279000,
        "costAndExpenses": 1242174000,
        "interestIncome": 0,
        "interestExpense": 156759000,
        "depreciationAndAmortization": 473346000,
        "ebitda": 489308000,
        "ebitdaratio": 0.376702563,
        "operatingIncome": 62886000,
        "operatingIncomeRatio": 0.048413918,
        "totalOtherIncomeExpensesNet": -203683000,
        "incomeBeforeTax": -140797000,
        "incomeBeforeTaxRatio": -0.1083951024,
        "incomeTaxExpense": -27699000,
        "netIncome": -113098000,
        "netIncomeRatio": -0.0870705291,
        "eps": -0.15,
        "epsdiluted": -0.15,
        "weightedAverageShsOut": 760913000,
        "weightedAverageShsOutDil": 777553000,
        "link": "https://www.sec.gov/Archives/edgar/data/1703056/000170305620000125/0001703056-20-000125-index.htm",
        "finalLink": "https://www.sec.gov/Archives/edgar/data/1703056/000170305620000125/adt-20200930.htm"
    },
    {
        "date": "2020-06-30",
        "symbol": "ADT",
        "reportedCurrency": "USD",
        "cik": "0001703056",
        "fillingDate": "2020-08-05",
        "acceptedDate": "2020-08-05 16:53:28",
        "calendarYear": "2020",
        "period": "Q2",
        "revenue": 1331387000,
        "costOfRevenue": 376347000,
        "grossProfit": 955040000,
        "grossProfitRatio": 0.7173271183,
        "researchAndDevelopmentExpenses": 0,
        "generalAndAdministrativeExpenses": 414031000,
        "sellingAndMarketingExpenses": 0,
        "sellingGeneralAndAdministrativeExpenses": 414031000,
        "otherExpenses": 2271000,
        "operatingExpenses": 891900000,
        "costAndExpenses": 1268247000,
        "interestIncome": 0,
        "interestExpense": 187265000,
        "depreciationAndAmortization": 477869000,
        "ebitda": 530562000,
        "ebitdaratio": 0.3985032151,
        "operatingIncome": 50422000,
        "operatingIncomeRatio": 0.0378717833,
        "totalOtherIncomeExpensesNet": -184994000,
        "incomeBeforeTax": -134572000,
        "incomeBeforeTaxRatio": -0.1010765465,
        "incomeTaxExpense": -27831000,
        "netIncome": -106741000,
        "netIncomeRatio": -0.0801727822,
        "eps": -0.14,
        "epsdiluted": -0.14,
        "weightedAverageShsOut": 760597000,
        "weightedAverageShsOutDil": 760597000,
        "link": "https://www.sec.gov/Archives/edgar/data/1703056/000170305620000107/0001703056-20-000107-index.htm",
        "finalLink": "https://www.sec.gov/Archives/edgar/data/1703056/000170305620000107/adt-20200630.htm"
    },
    {
        "date": "2020-03-31",
        "symbol": "ADT",
        "reportedCurrency": "USD",
        "cik": "0001703056",
        "fillingDate": "2020-05-07",
        "acceptedDate": "2020-05-07 17:13:18",
        "calendarYear": "2020",
        "period": "Q1",
        "revenue": 1369752000,
        "costOfRevenue": 407986000,
        "grossProfit": 961766000,
        "grossProfitRatio": 0.7021460819,
        "researchAndDevelopmentExpenses": 0,
        "generalAndAdministrativeExpenses": 453227000,
        "sellingAndMarketingExpenses": 0,
        "sellingGeneralAndAdministrativeExpenses": 453227000,
        "otherExpenses": 2309000,
        "operatingExpenses": 942251000,
        "costAndExpenses": 1350237000,
        "interestIncome": 0,
        "interestExpense": 225367000,
        "depreciationAndAmortization": 489024000,
        "ebitda": 358761000,
        "ebitdaratio": 0.2619167557,
        "operatingIncome": -89356000,
        "operatingIncomeRatio": -0.0652351667,
        "totalOtherIncomeExpensesNet": -288901000,
        "incomeBeforeTax": -378257000,
        "incomeBeforeTaxRatio": -0.2761499892,
        "incomeTaxExpense": -77964000,
        "netIncome": -300293000,
        "netIncomeRatio": -0.2192316565,
        "eps": -0.4,
        "epsdiluted": -0.4,
        "weightedAverageShsOut": 759092000,
        "weightedAverageShsOutDil": 759092000,
        "link": "https://www.sec.gov/Archives/edgar/data/1703056/000170305620000074/0001703056-20-000074-index.htm",
        "finalLink": "https://www.sec.gov/Archives/edgar/data/1703056/000170305620000074/adtinc10-q3x31x2020.htm"
    },
    {
        "date": "2019-12-31",
        "symbol": "ADT",
        "reportedCurrency": "USD",
        "cik": "0001703056",
        "fillingDate": "2020-03-10",
        "acceptedDate": "2020-03-10 16:52:59",
        "calendarYear": "2019",
        "period": "Q4",
        "revenue": 1298000000,
        "costOfRevenue": 370000000,
        "grossProfit": 928000000,
        "grossProfitRatio": 0.7149460709,
        "researchAndDevelopmentExpenses": 0,
        "generalAndAdministrativeExpenses": 358714000,
        "sellingAndMarketingExpenses": 286000,
        "sellingGeneralAndAdministrativeExpenses": 359000000,
        "otherExpenses": 2000000,
        "operatingExpenses": 846000000,
        "costAndExpenses": 1216000000,
        "interestIncome": 0,
        "interestExpense": 154000000,
        "depreciationAndAmortization": 486508000,
        "ebitda": 573000000,
        "ebitdaratio": 0.4414483821,
        "operatingIncome": 64000000,
        "operatingIncomeRatio": 0.0493066256,
        "totalOtherIncomeExpensesNet": -152564000,
        "incomeBeforeTax": -88000000,
        "incomeBeforeTaxRatio": -0.0677966102,
        "incomeTaxExpense": -16000000,
        "netIncome": -72000000,
        "netIncomeRatio": -0.0554699538,
        "eps": -0.0998,
        "epsdiluted": -0.0969,
        "weightedAverageShsOut": 721575191,
        "weightedAverageShsOutDil": 743000000,
        "link": "https://www.sec.gov/Archives/edgar/data/1703056/000170305620000013/0001703056-20-000013-index.htm",
        "finalLink": "https://www.sec.gov/Archives/edgar/data/1703056/000170305620000013/adtinc10-k12x31x2019cl.htm"
    },
    {
        "date": "2019-09-30",
        "symbol": "ADT",
        "reportedCurrency": "USD",
        "cik": "0001703056",
        "fillingDate": "2019-11-12",
        "acceptedDate": "2019-11-12 16:24:05",
        "calendarYear": "2019",
        "period": "Q3",
        "revenue": 1300570000,
        "costOfRevenue": 356556000,
        "grossProfit": 944014000,
        "grossProfitRatio": 0.7258463597,
        "researchAndDevelopmentExpenses": 0,
        "generalAndAdministrativeExpenses": 378645000,
        "sellingAndMarketingExpenses": 0,
        "sellingGeneralAndAdministrativeExpenses": 378645000,
        "otherExpenses": 200000,
        "operatingExpenses": 884477000,
        "costAndExpenses": 1241033000,
        "interestIncome": 0,
        "interestExpense": 152431000,
        "depreciationAndAmortization": 505832000,
        "ebitda": 461266000,
        "ebitdaratio": 0.3546644933,
        "operatingIncome": -51234000,
        "operatingIncomeRatio": -0.0393934967,
        "totalOtherIncomeExpensesNet": -166763000,
        "incomeBeforeTax": -217997000,
        "incomeBeforeTaxRatio": -0.1676165066,
        "incomeTaxExpense": -36367000,
        "netIncome": -181630000,
        "netIncomeRatio": -0.1396541516,
        "eps": -0.25,
        "epsdiluted": -0.25,
        "weightedAverageShsOut": 726520000,
        "weightedAverageShsOutDil": 739852000,
        "link": "https://www.sec.gov/Archives/edgar/data/1703056/000170305619000105/0001703056-19-000105-index.htm",
        "finalLink": "https://www.sec.gov/Archives/edgar/data/1703056/000170305619000105/adtinc10-q9x30x2019.htm"
    },
    {
        "date": "2019-06-30",
        "symbol": "ADT",
        "reportedCurrency": "USD",
        "cik": "0001703056",
        "fillingDate": "2019-08-06",
        "acceptedDate": "2019-08-06 16:24:12",
        "calendarYear": "2019",
        "period": "Q2",
        "revenue": 1283744000,
        "costOfRevenue": 338089000,
        "grossProfit": 945655000,
        "grossProfitRatio": 0.7366383017,
        "researchAndDevelopmentExpenses": 0,
        "generalAndAdministrativeExpenses": 344664000,
        "sellingAndMarketingExpenses": 0,
        "sellingGeneralAndAdministrativeExpenses": 344664000,
        "otherExpenses": 1510000,
        "operatingExpenses": 845528000,
        "costAndExpenses": 1183617000,
        "interestIncome": 0,
        "interestExpense": 154641000,
        "depreciationAndAmortization": 500864000,
        "ebitda": 602501000,
        "ebitdaratio": 0.4693311127,
        "operatingIncome": 93137000,
        "operatingIncomeRatio": 0.0725510694,
        "totalOtherIncomeExpensesNet": -220042000,
        "incomeBeforeTax": -126905000,
        "incomeBeforeTaxRatio": -0.0988553793,
        "incomeTaxExpense": -22848000,
        "netIncome": -104057000,
        "netIncomeRatio": -0.0810574382,
        "eps": -0.14,
        "epsdiluted": -0.14,
        "weightedAverageShsOut": 749575000,
        "weightedAverageShsOutDil": 749575000,
        "link": "https://www.sec.gov/Archives/edgar/data/1703056/000170305619000099/0001703056-19-000099-index.htm",
        "finalLink": "https://www.sec.gov/Archives/edgar/data/1703056/000170305619000099/adtinc10-q6x30x2019.htm"
    },
    {
        "date": "2019-03-31",
        "symbol": "ADT",
        "reportedCurrency": "USD",
        "cik": "0001703056",
        "fillingDate": "2019-05-07",
        "acceptedDate": "2019-05-07 16:37:06",
        "calendarYear": "2019",
        "period": "Q1",
        "revenue": 1243060000,
        "costOfRevenue": 325958000,
        "grossProfit": 917102000,
        "grossProfitRatio": 0.737777742,
        "researchAndDevelopmentExpenses": 0,
        "generalAndAdministrativeExpenses": 324509000,
        "sellingAndMarketingExpenses": 0,
        "sellingGeneralAndAdministrativeExpenses": 324509000,
        "otherExpenses": 1199000,
        "operatingExpenses": 820387000,
        "costAndExpenses": 1146345000,
        "interestIncome": 0,
        "interestExpense": 158905000,
        "depreciationAndAmortization": 495878000,
        "ebitda": 565952000,
        "ebitdaratio": 0.4552893666,
        "operatingIncome": 90436000,
        "operatingIncomeRatio": 0.0727527231,
        "totalOtherIncomeExpensesNet": -179267000,
        "incomeBeforeTax": -88831000,
        "incomeBeforeTaxRatio": -0.0714615546,
        "incomeTaxExpense": -22361000,
        "netIncome": -66470000,
        "netIncomeRatio": -0.0534728814,
        "eps": -0.0879,
        "epsdiluted": -0.0879,
        "weightedAverageShsOut": 756252000,
        "weightedAverageShsOutDil": 756252000,
        "link": "https://www.sec.gov/Archives/edgar/data/1703056/000170305619000081/0001703056-19-000081-index.htm",
        "finalLink": "https://www.sec.gov/Archives/edgar/data/1703056/000170305619000081/adtinc10-q3x31x2019.htm"
    },
    {
        "date": "2018-12-31",
        "symbol": "ADT",
        "reportedCurrency": "USD",
        "cik": "0001703056",
        "fillingDate": "2019-03-11",
        "acceptedDate": "2019-03-11 16:27:40",
        "calendarYear": "2018",
        "period": "Q4",
        "revenue": 1185000000,
        "costOfRevenue": 283000000,
        "grossProfit": 902000000,
        "grossProfitRatio": 0.7611814346,
        "researchAndDevelopmentExpenses": 0,
        "generalAndAdministrativeExpenses": 324323000,
        "sellingAndMarketingExpenses": -323000,
        "sellingGeneralAndAdministrativeExpenses": 324000000,
        "otherExpenses": -2000000,
        "operatingExpenses": 808000000,
        "costAndExpenses": 1091000000,
        "interestIncome": 0,
        "interestExpense": 162000000,
        "depreciationAndAmortization": 484000000,
        "ebitda": 576000000,
        "ebitdaratio": 0.4860759494,
        "operatingIncome": 11000000,
        "operatingIncomeRatio": 0.0092827004,
        "totalOtherIncomeExpensesNet": -163779000,
        "incomeBeforeTax": -153000000,
        "incomeBeforeTaxRatio": -0.1291139241,
        "incomeTaxExpense": -4000000,
        "netIncome": -149000000,
        "netIncomeRatio": -0.1257383966,
        "eps": -0.2,
        "epsdiluted": -0.2,
        "weightedAverageShsOut": 757000000,
        "weightedAverageShsOutDil": 757000000,
        "link": "https://www.sec.gov/Archives/edgar/data/1703056/000170305619000042/0001703056-19-000042-index.htm",
        "finalLink": "https://www.sec.gov/Archives/edgar/data/1703056/000170305619000042/adtinc10-k12x31x2018.htm"
    },
    {
        "date": "2018-09-30",
        "symbol": "ADT",
        "reportedCurrency": "USD",
        "cik": "0001703056",
        "fillingDate": "2018-11-08",
        "acceptedDate": "2018-11-08 16:26:36",
        "calendarYear": "2018",
        "period": "Q3",
        "revenue": 1148316000,
        "costOfRevenue": 263286000,
        "grossProfit": 885030000,
        "grossProfitRatio": 0.7707199064,
        "researchAndDevelopmentExpenses": 0,
        "generalAndAdministrativeExpenses": 295119000,
        "sellingAndMarketingExpenses": 0,
        "sellingGeneralAndAdministrativeExpenses": 295119000,
        "otherExpenses": 552000,
        "operatingExpenses": 769891000,
        "costAndExpenses": 1033177000,
        "interestIncome": 0,
        "interestExpense": 152405000,
        "depreciationAndAmortization": 474772000,
        "ebitda": 383932000,
        "ebitdaratio": 0.3343435082,
        "operatingIncome": 121847000,
        "operatingIncomeRatio": 0.106109294,
        "totalOtherIncomeExpensesNet": -365092000,
        "incomeBeforeTax": -243245000,
        "incomeBeforeTaxRatio": -0.2118275806,
        "incomeTaxExpense": -7701000,
        "netIncome": -235544000,
        "netIncomeRatio": -0.2051212384,
        "eps": -0.31,
        "epsdiluted": -0.31,
        "weightedAverageShsOut": 755277000,
        "weightedAverageShsOutDil": 755277000,
        "link": "https://www.sec.gov/Archives/edgar/data/1703056/000170305618000083/0001703056-18-000083-index.htm",
        "finalLink": "https://www.sec.gov/Archives/edgar/data/1703056/000170305618000083/adtinc10-q9x30x2018.htm"
    },
    {
        "date": "2018-06-30",
        "symbol": "ADT",
        "reportedCurrency": "USD",
        "cik": "0001703056",
        "fillingDate": "2018-08-09",
        "acceptedDate": "2018-08-09 17:14:20",
        "calendarYear": "2018",
        "period": "Q2",
        "revenue": 1131000000,
        "costOfRevenue": 246000000,
        "grossProfit": 885000000,
        "grossProfitRatio": 0.7824933687,
        "researchAndDevelopmentExpenses": 0,
        "generalAndAdministrativeExpenses": 322538000,
        "sellingAndMarketingExpenses": 462000,
        "sellingGeneralAndAdministrativeExpenses": 323000000,
        "otherExpenses": 29000000,
        "operatingExpenses": 811000000,
        "costAndExpenses": 1057000000,
        "interestIncome": 0,
        "interestExpense": 174000000,
        "depreciationAndAmortization": 488000000,
        "ebitda": 591523000,
        "ebitdaratio": 0.5230088417,
        "operatingIncome": 74000000,
        "operatingIncomeRatio": 0.065428824,
        "totalOtherIncomeExpensesNet": -145197000,
        "incomeBeforeTax": -71000000,
        "incomeBeforeTaxRatio": -0.0627763042,
        "incomeTaxExpense": -5000000,
        "netIncome": -67000000,
        "netIncomeRatio": -0.059239611,
        "eps": -0.0893,
        "epsdiluted": -0.0893,
        "weightedAverageShsOut": 750009000,
        "weightedAverageShsOutDil": 750009000,
        "link": "https://www.sec.gov/Archives/edgar/data/1703056/000170305618000036/0001703056-18-000036-index.htm",
        "finalLink": "https://www.sec.gov/Archives/edgar/data/1703056/000170305618000036/adtinc10-q6x30x2018.htm"
    },
    {
        "date": "2018-03-31",
        "symbol": "ADT",
        "reportedCurrency": "USD",
        "cik": "0001703056",
        "fillingDate": "2018-05-09",
        "acceptedDate": "2018-05-09 17:10:26",
        "calendarYear": "2018",
        "period": "Q1",
        "revenue": 1116448000,
        "costOfRevenue": 248394000,
        "grossProfit": 868054000,
        "grossProfitRatio": 0.7775140445,
        "researchAndDevelopmentExpenses": 0,
        "generalAndAdministrativeExpenses": 304970000,
        "sellingAndMarketingExpenses": 0,
        "sellingGeneralAndAdministrativeExpenses": 304970000,
        "otherExpenses": -460000,
        "operatingExpenses": 788646000,
        "costAndExpenses": 1037040000,
        "interestIncome": 0,
        "interestExpense": 174333000,
        "depreciationAndAmortization": 483676000,
        "ebitda": 493004000,
        "ebitdaratio": 0.4415825905,
        "operatingIncome": 71385000,
        "operatingIncomeRatio": 0.0639393863,
        "totalOtherIncomeExpensesNet": -236390000,
        "incomeBeforeTax": -165005000,
        "incomeBeforeTaxRatio": -0.1477946129,
        "incomeTaxExpense": -7568000,
        "netIncome": -157437000,
        "netIncomeRatio": -0.1410159721,
        "eps": -0.22,
        "epsdiluted": -0.22,
        "weightedAverageShsOut": 728579000,
        "weightedAverageShsOutDil": 728579000,
        "link": "https://www.sec.gov/Archives/edgar/data/1703056/000170305618000014/0001703056-18-000014-index.htm",
        "finalLink": "https://www.sec.gov/Archives/edgar/data/1703056/000170305618000014/adtinc10-q3x31x2018.htm"
    },
    {
        "date": "2017-12-31",
        "symbol": "ADT",
        "reportedCurrency": "USD",
        "cik": "0001703056",
        "fillingDate": "2018-03-15",
        "acceptedDate": "2018-03-15 16:59:09",
        "calendarYear": "2017",
        "period": "Q4",
        "revenue": 1105000000,
        "costOfRevenue": 238000000,
        "grossProfit": 867000000,
        "grossProfitRatio": 0.7846153846,
        "researchAndDevelopmentExpenses": 0,
        "generalAndAdministrativeExpenses": 286152000,
        "sellingAndMarketingExpenses": -152000,
        "sellingGeneralAndAdministrativeExpenses": 286000000,
        "otherExpenses": -3000000,
        "operatingExpenses": 762000000,
        "costAndExpenses": 1000000000,
        "interestIncome": 0,
        "interestExpense": 179000000,
        "depreciationAndAmortization": 476000000,
        "ebitda": 568163000,
        "ebitdaratio": 0.5141746606,
        "operatingIncome": 95000000,
        "operatingIncomeRatio": 0.0859728507,
        "totalOtherIncomeExpensesNet": -182230000,
        "incomeBeforeTax": -87000000,
        "incomeBeforeTaxRatio": -0.0787330317,
        "incomeTaxExpense": -725000000,
        "netIncome": 638188000,
        "netIncomeRatio": 0.5775457014,
        "eps": 0.85,
        "epsdiluted": 0.85,
        "weightedAverageShsOut": 748949378,
        "weightedAverageShsOutDil": 748949378,
        "link": "https://www.sec.gov/Archives/edgar/data/1703056/000170305618000008/0001703056-18-000008-index.htm",
        "finalLink": "https://www.sec.gov/Archives/edgar/data/1703056/000170305618000008/adtinc10-k12x31x2017.htm"
    },
    {
        "date": "2017-09-30",
        "symbol": "ADT",
        "reportedCurrency": "USD",
        "cik": "0001703056",
        "fillingDate": "2017-09-30",
        "acceptedDate": "2017-09-29 20:00:00",
        "calendarYear": "2017",
        "period": "Q3",
        "revenue": 1082962000,
        "costOfRevenue": 224140000,
        "grossProfit": 858822000,
        "grossProfitRatio": 0.7930305957,
        "researchAndDevelopmentExpenses": 0,
        "generalAndAdministrativeExpenses": 284137000,
        "sellingAndMarketingExpenses": 0,
        "sellingGeneralAndAdministrativeExpenses": 284137000,
        "otherExpenses": 22960000,
        "operatingExpenses": 752066000,
        "costAndExpenses": 976206000,
        "interestIncome": 0,
        "interestExpense": 184369000,
        "depreciationAndAmortization": 467929000,
        "ebitda": 583140000,
        "ebitdaratio": 0.5384676471,
        "operatingIncome": 92251000,
        "operatingIncomeRatio": 0.0851839677,
        "totalOtherIncomeExpensesNet": -175914000,
        "incomeBeforeTax": -69158000,
        "incomeBeforeTaxRatio": -0.0638600431,
        "incomeTaxExpense": -7128000,
        "netIncome": -62030000,
        "netIncomeRatio": -0.0572780947,
        "eps": -0.0893,
        "epsdiluted": -0.0893,
        "weightedAverageShsOut": 694632000,
        "weightedAverageShsOutDil": 694632000,
        "link": "",
        "finalLink": ""
    },
    {
        "date": "2017-06-30",
        "symbol": "ADT",
        "reportedCurrency": "USD",
        "cik": "0001703056",
        "fillingDate": "2017-06-30",
        "acceptedDate": "2017-06-30 00:00:00",
        "calendarYear": "2017",
        "period": "Q2",
        "revenue": 1067780000,
        "costOfRevenue": 215250000,
        "grossProfit": 852530000,
        "grossProfitRatio": 0.7984135309,
        "researchAndDevelopmentExpenses": 0,
        "generalAndAdministrativeExpenses": 285656000,
        "sellingAndMarketingExpenses": 0,
        "sellingGeneralAndAdministrativeExpenses": 285656000,
        "otherExpenses": 9018000,
        "operatingExpenses": 744043000,
        "costAndExpenses": 959293000,
        "interestIncome": 0,
        "interestExpense": 188099000,
        "depreciationAndAmortization": 458387000,
        "ebitda": 553601000,
        "ebitdaratio": 0.5184597951,
        "operatingIncome": 89627000,
        "operatingIncomeRatio": 0.0839377025,
        "totalOtherIncomeExpensesNet": -201372000,
        "incomeBeforeTax": -92885000,
        "incomeBeforeTaxRatio": -0.0869888928,
        "incomeTaxExpense": -229000,
        "netIncome": -92656000,
        "netIncomeRatio": -0.0867744292,
        "eps": -0.13,
        "epsdiluted": -0.13,
        "weightedAverageShsOut": 694632000,
        "weightedAverageShsOutDil": 694632000,
        "link": "",
        "finalLink": ""
    },
    {
        "date": "2017-03-31",
        "symbol": "ADT",
        "reportedCurrency": "USD",
        "cik": "0001703056",
        "fillingDate": "2017-03-31",
        "acceptedDate": "2017-03-31 00:00:00",
        "calendarYear": "2017",
        "period": "Q1",
        "revenue": 1059228000,
        "costOfRevenue": 218705000,
        "grossProfit": 840523000,
        "grossProfitRatio": 0.7935241516,
        "researchAndDevelopmentExpenses": 0,
        "generalAndAdministrativeExpenses": 353255000,
        "sellingAndMarketingExpenses": 0,
        "sellingGeneralAndAdministrativeExpenses": 353255000,
        "otherExpenses": 3987000,
        "operatingExpenses": 814184000,
        "costAndExpenses": 1032889000,
        "interestIncome": 0,
        "interestExpense": 181061000,
        "depreciationAndAmortization": 460929000,
        "ebitda": 469550000,
        "ebitdaratio": 0.4432945504,
        "operatingIncome": 5534000,
        "operatingIncomeRatio": 0.0052245598,
        "totalOtherIncomeExpensesNet": -198779000,
        "incomeBeforeTax": -172440000,
        "incomeBeforeTaxRatio": -0.1627978112,
        "incomeTaxExpense": -31565000,
        "netIncome": -140875000,
        "netIncomeRatio": -0.1329978059,
        "eps": -0.2,
        "epsdiluted": -0.2,
        "weightedAverageShsOut": 694632000,
        "weightedAverageShsOutDil": 694632000,
        "link": "",
        "finalLink": ""
    },
    {
        "date": "2016-12-31",
        "symbol": "ADT",
        "reportedCurrency": "USD",
        "cik": "0001703056",
        "fillingDate": "2016-12-31",
        "acceptedDate": "2016-12-30 19:00:00",
        "calendarYear": "2016",
        "period": "Q4",
        "revenue": 1051152000,
        "costOfRevenue": 228073000,
        "grossProfit": 823079000,
        "grossProfitRatio": 0.7830256709,
        "researchAndDevelopmentExpenses": 0,
        "generalAndAdministrativeExpenses": 192559000,
        "sellingAndMarketingExpenses": 105000000,
        "sellingGeneralAndAdministrativeExpenses": 297559000,
        "otherExpenses": -12365000,
        "operatingExpenses": 725137000,
        "costAndExpenses": 953210000,
        "interestIncome": 0,
        "interestExpense": 184050000,
        "depreciationAndAmortization": 427578000,
        "ebitda": 490227000,
        "ebitdaratio": 0.4663711813,
        "operatingIncome": 75014000,
        "operatingIncomeRatio": 0.0713636087,
        "totalOtherIncomeExpensesNet": -196415000,
        "incomeBeforeTax": -121401000,
        "incomeBeforeTaxRatio": -0.1154932874,
        "incomeTaxExpense": -36456000,
        "netIncome": -84945000,
        "netIncomeRatio": -0.0808113384,
        "eps": -0.12,
        "epsdiluted": -0.12,
        "weightedAverageShsOut": 694632000,
        "weightedAverageShsOutDil": 694632000,
        "link": "",
        "finalLink": ""
    },
    {
        "date": "2016-09-30",
        "symbol": "ADT",
        "reportedCurrency": "USD",
        "cik": "0001703056",
        "fillingDate": "2016-09-30",
        "acceptedDate": "2016-09-29 20:00:00",
        "calendarYear": "2016",
        "period": "Q3",
        "revenue": 1037507000,
        "costOfRevenue": 220018000,
        "grossProfit": 817489000,
        "grossProfitRatio": 0.7879358886,
        "researchAndDevelopmentExpenses": 0,
        "generalAndAdministrativeExpenses": 0,
        "sellingAndMarketingExpenses": 0,
        "sellingGeneralAndAdministrativeExpenses": 300920000,
        "otherExpenses": 0,
        "operatingExpenses": 800390000,
        "costAndExpenses": 1020408000,
        "interestIncome": 184058000,
        "interestExpense": 0,
        "depreciationAndAmortization": 457589000,
        "ebitda": 454709000,
        "ebitdaratio": 0.4382707779,
        "operatingIncome": -2880000,
        "operatingIncomeRatio": -0.0027758849,
        "totalOtherIncomeExpensesNet": -164079000,
        "incomeBeforeTax": -166959000,
        "incomeBeforeTaxRatio": -0.1609232516,
        "incomeTaxExpense": 75542000,
        "netIncome": -91417000,
        "netIncomeRatio": -0.0881121766,
        "eps": -0.14,
        "epsdiluted": -0.14,
        "weightedAverageShsOut": 640723236,
        "weightedAverageShsOutDil": 640723236,
        "link": null,
        "finalLink": null
    },
    {
        "date": "2016-06-30",
        "symbol": "ADT",
        "reportedCurrency": "USD",
        "cik": "0001703056",
        "fillingDate": "2016-06-30",
        "acceptedDate": "2016-06-29 20:00:00",
        "calendarYear": "2016",
        "period": "Q2",
        "revenue": 430553500,
        "costOfRevenue": 122669500,
        "grossProfit": 307884000,
        "grossProfitRatio": 0.7150888333,
        "researchAndDevelopmentExpenses": 0,
        "generalAndAdministrativeExpenses": 0,
        "sellingAndMarketingExpenses": 0,
        "sellingGeneralAndAdministrativeExpenses": 130208499,
        "otherExpenses": 0,
        "operatingExpenses": 488381500,
        "costAndExpenses": 611051000,
        "interestIncome": 76691500,
        "interestExpense": 0,
        "depreciationAndAmortization": 173900000,
        "ebitda": 177675500,
        "ebitdaratio": 0.4126676476,
        "operatingIncome": 3775500,
        "operatingIncomeRatio": 0.0087689451,
        "totalOtherIncomeExpensesNet": -260964500,
        "incomeBeforeTax": -257189000,
        "incomeBeforeTaxRatio": -0.5973450454,
        "incomeTaxExpense": 77076500,
        "netIncome": -180112500,
        "netIncomeRatio": -0.4183278036,
        "eps": -0.28,
        "epsdiluted": -0.28,
        "weightedAverageShsOut": 640723236,
        "weightedAverageShsOutDil": 640723236,
        "link": null,
        "finalLink": null
    },
    {
        "date": "2016-03-31",
        "symbol": "ADT",
        "reportedCurrency": "USD",
        "cik": "0001703056",
        "fillingDate": "2016-03-31",
        "acceptedDate": "2016-03-30 20:00:00",
        "calendarYear": "2016",
        "period": "Q1",
        "revenue": 430553500,
        "costOfRevenue": 122669500,
        "grossProfit": 307884000,
        "grossProfitRatio": 0.7150888333,
        "researchAndDevelopmentExpenses": 0,
        "generalAndAdministrativeExpenses": 0,
        "sellingAndMarketingExpenses": 0,
        "sellingGeneralAndAdministrativeExpenses": 130208499,
        "otherExpenses": 0,
        "operatingExpenses": 488381500,
        "costAndExpenses": 611051000,
        "interestIncome": 76691500,
        "interestExpense": 0,
        "depreciationAndAmortization": 173900000,
        "ebitda": 177675500,
        "ebitdaratio": 0.4126676476,
        "operatingIncome": 3775500,
        "operatingIncomeRatio": 0.0087689451,
        "totalOtherIncomeExpensesNet": -260964500,
        "incomeBeforeTax": -257189000,
        "incomeBeforeTaxRatio": -0.5973450454,
        "incomeTaxExpense": 77076500,
        "netIncome": -180112500,
        "netIncomeRatio": -0.4183278036,
        "eps": -0.28,
        "epsdiluted": -0.28,
        "weightedAverageShsOut": 640723236,
        "weightedAverageShsOutDil": 640723236,
        "link": null,
        "finalLink": null
    }
]