[
    {
        "date": "2018-09-30",
        "symbol": "AET",
        "reportedCurrency": "USD",
        "cik": "0000000000",
        "fillingDate": "2018-09-30",
        "acceptedDate": "2018-09-30 00:00:00",
        "calendarYear": "2018",
        "period": "Q3",
        "revenue": 15484000000,
        "costOfRevenue": 0,
        "grossProfit": 15484000000,
        "grossProfitRatio": 1,
        "researchAndDevelopmentExpenses": 0,
        "generalAndAdministrativeExpenses": 0,
        "sellingAndMarketingExpenses": 0,
        "sellingGeneralAndAdministrativeExpenses": 2742000000,
        "otherExpenses": -16851000000,
        "operatingExpenses": -14109000000,
        "costAndExpenses": 14117000000,
        "interestIncome": 0,
        "interestExpense": 85000000,
        "depreciationAndAmortization": 136000000,
        "ebitda": 1511000000,
        "ebitdaratio": 0.0975846035,
        "operatingIncome": 1375000000,
        "operatingIncomeRatio": 0.0888013433,
        "totalOtherIncomeExpensesNet": -8000000,
        "incomeBeforeTax": 1367000000,
        "incomeBeforeTaxRatio": 0.088284681,
        "incomeTaxExpense": 375000000,
        "netIncome": 1000000000,
        "netIncomeRatio": 0.0645827951,
        "eps": 3.05,
        "epsdiluted": 3.03,
        "weightedAverageShsOut": 327900000,
        "weightedAverageShsOutDil": 330200000,
        "link": null,
        "finalLink": null
    },
    {
        "date": "2018-06-30",
        "symbol": "AET",
        "reportedCurrency": "USD",
        "cik": "0000000000",
        "fillingDate": "2018-06-30",
        "acceptedDate": "2018-06-30 00:00:00",
        "calendarYear": "2018",
        "period": "Q2",
        "revenue": 15561000000,
        "costOfRevenue": 0,
        "grossProfit": 15561000000,
        "grossProfitRatio": 1,
        "researchAndDevelopmentExpenses": 0,
        "generalAndAdministrativeExpenses": 0,
        "sellingAndMarketingExpenses": 0,
        "sellingGeneralAndAdministrativeExpenses": 2769000000,
        "otherExpenses": -16669000000,
        "operatingExpenses": -13900000000,
        "costAndExpenses": 13895000000,
        "interestIncome": 0,
        "interestExpense": 88000000,
        "depreciationAndAmortization": 132000000,
        "ebitda": 1793000000,
        "ebitdaratio": 0.1152239573,
        "operatingIncome": 1661000000,
        "operatingIncomeRatio": 0.106741212,
        "totalOtherIncomeExpensesNet": 5000000,
        "incomeBeforeTax": 1666000000,
        "incomeBeforeTaxRatio": 0.1070625281,
        "incomeTaxExpense": 449000000,
        "netIncome": 1212000000,
        "netIncomeRatio": 0.0778870253,
        "eps": 3.7,
        "epsdiluted": 3.67,
        "weightedAverageShsOut": 327800000,
        "weightedAverageShsOutDil": 329800000,
        "link": null,
        "finalLink": null
    },
    {
        "date": "2018-03-31",
        "symbol": "AET",
        "reportedCurrency": "USD",
        "cik": "0000000000",
        "fillingDate": "2018-03-31",
        "acceptedDate": "2018-03-31 00:00:00",
        "calendarYear": "2018",
        "period": "Q1",
        "revenue": 15335000000,
        "costOfRevenue": 0,
        "grossProfit": 15335000000,
        "grossProfitRatio": 1,
        "researchAndDevelopmentExpenses": 0,
        "generalAndAdministrativeExpenses": 0,
        "sellingAndMarketingExpenses": 0,
        "sellingGeneralAndAdministrativeExpenses": 2787000000,
        "otherExpenses": -16667000000,
        "operatingExpenses": -13880000000,
        "costAndExpenses": 13870000000,
        "interestIncome": 0,
        "interestExpense": 89000000,
        "depreciationAndAmortization": 132000000,
        "ebitda": 1587000000,
        "ebitdaratio": 0.1034887512,
        "operatingIncome": 1455000000,
        "operatingIncomeRatio": 0.0948809912,
        "totalOtherIncomeExpensesNet": 10000000,
        "incomeBeforeTax": 1465000000,
        "incomeBeforeTaxRatio": 0.0955330942,
        "incomeTaxExpense": 246000000,
        "netIncome": 1209000000,
        "netIncomeRatio": 0.0788392566,
        "eps": 3.7,
        "epsdiluted": 3.67,
        "weightedAverageShsOut": 327100000,
        "weightedAverageShsOutDil": 329600000,
        "link": null,
        "finalLink": null
    },
    {
        "date": "2017-12-31",
        "symbol": "AET",
        "reportedCurrency": "USD",
        "cik": "0000000000",
        "fillingDate": "2017-12-31",
        "acceptedDate": "2017-12-31 00:00:00",
        "calendarYear": "2017",
        "period": "Q4",
        "revenue": 14853000000,
        "costOfRevenue": 11091000000,
        "grossProfit": 3762000000,
        "grossProfitRatio": 0.2532821652,
        "researchAndDevelopmentExpenses": 0,
        "generalAndAdministrativeExpenses": 2673000000,
        "sellingAndMarketingExpenses": 374000000,
        "sellingGeneralAndAdministrativeExpenses": 3047000000,
        "otherExpenses": 0,
        "operatingExpenses": 3047000000,
        "costAndExpenses": 14327000000,
        "interestIncome": 0,
        "interestExpense": 93000000,
        "depreciationAndAmortization": 206000000,
        "ebitda": 619000000,
        "ebitdaratio": 0.0416750825,
        "operatingIncome": 413000000,
        "operatingIncomeRatio": 0.0278058305,
        "totalOtherIncomeExpensesNet": 113000000,
        "incomeBeforeTax": 526000000,
        "incomeBeforeTaxRatio": 0.0354137211,
        "incomeTaxExpense": 272000000,
        "netIncome": 244000000,
        "netIncomeRatio": 0.0164276577,
        "eps": 1.61,
        "epsdiluted": 1.61,
        "weightedAverageShsOut": 326800000,
        "weightedAverageShsOutDil": 326800000,
        "link": null,
        "finalLink": null
    },
    {
        "date": "2017-09-30",
        "symbol": "AET",
        "reportedCurrency": "USD",
        "cik": "0000000000",
        "fillingDate": "2017-09-30",
        "acceptedDate": "2017-09-30 00:00:00",
        "calendarYear": "2017",
        "period": "Q3",
        "revenue": 14994000000,
        "costOfRevenue": 10960000000,
        "grossProfit": 4034000000,
        "grossProfitRatio": 0.2690409497,
        "researchAndDevelopmentExpenses": 0,
        "generalAndAdministrativeExpenses": 2211000000,
        "sellingAndMarketingExpenses": 401000000,
        "sellingGeneralAndAdministrativeExpenses": 2612000000,
        "otherExpenses": 0,
        "operatingExpenses": 2612000000,
        "costAndExpenses": 13720000000,
        "interestIncome": 0,
        "interestExpense": 90000000,
        "depreciationAndAmortization": 102000000,
        "ebitda": 1524000000,
        "ebitdaratio": 0.1016406563,
        "operatingIncome": 1422000000,
        "operatingIncomeRatio": 0.0948379352,
        "totalOtherIncomeExpensesNet": -148000000,
        "incomeBeforeTax": 1274000000,
        "incomeBeforeTaxRatio": 0.0849673203,
        "incomeTaxExpense": 426000000,
        "netIncome": 838000000,
        "netIncomeRatio": 0.0558890223,
        "eps": 2.54,
        "epsdiluted": 2.52,
        "weightedAverageShsOut": 329700000,
        "weightedAverageShsOutDil": 332000000,
        "link": null,
        "finalLink": null
    },
    {
        "date": "2017-06-30",
        "symbol": "AET",
        "reportedCurrency": "USD",
        "cik": "0000000000",
        "fillingDate": "2017-06-30",
        "acceptedDate": "2017-06-29 20:00:00",
        "calendarYear": "2017",
        "period": "Q2",
        "revenue": 15523000000,
        "costOfRevenue": 11116000000,
        "grossProfit": 4407000000,
        "grossProfitRatio": 0.2839013077,
        "researchAndDevelopmentExpenses": 0,
        "generalAndAdministrativeExpenses": 2150000000,
        "sellingAndMarketingExpenses": 402000000,
        "sellingGeneralAndAdministrativeExpenses": 2552000000,
        "otherExpenses": 0,
        "operatingExpenses": 2552000000,
        "costAndExpenses": 13703000000,
        "interestIncome": 0,
        "interestExpense": 86000000,
        "depreciationAndAmortization": 179000000,
        "ebitda": 2085000000,
        "ebitdaratio": 0.1343168202,
        "operatingIncome": 1855000000,
        "operatingIncomeRatio": 0.1195000966,
        "totalOtherIncomeExpensesNet": -35000000,
        "incomeBeforeTax": 1820000000,
        "incomeBeforeTaxRatio": 0.1172453778,
        "incomeTaxExpense": 637000000,
        "netIncome": 1203000000,
        "netIncomeRatio": 0.0774979063,
        "eps": 3.62,
        "epsdiluted": 3.6,
        "weightedAverageShsOut": 332500000,
        "weightedAverageShsOutDil": 334500000,
        "link": null,
        "finalLink": null
    },
    {
        "date": "2017-03-31",
        "symbol": "AET",
        "reportedCurrency": "USD",
        "cik": "0000000000",
        "fillingDate": "2017-03-31",
        "acceptedDate": "2017-03-30 20:00:00",
        "calendarYear": "2017",
        "period": "Q1",
        "revenue": 15165000000,
        "costOfRevenue": 11461000000,
        "grossProfit": 3704000000,
        "grossProfitRatio": 0.2442466205,
        "researchAndDevelopmentExpenses": 0,
        "generalAndAdministrativeExpenses": 3432000000,
        "sellingAndMarketingExpenses": 421000000,
        "sellingGeneralAndAdministrativeExpenses": 3853000000,
        "otherExpenses": 0,
        "operatingExpenses": 3853000000,
        "costAndExpenses": 15793000000,
        "interestIncome": 0,
        "interestExpense": 173000000,
        "depreciationAndAmortization": 160000000,
        "ebitda": -295000000,
        "ebitdaratio": -0.0194526871,
        "operatingIncome": 149000000,
        "operatingIncomeRatio": 0.0098252555,
        "totalOtherIncomeExpensesNet": -777000000,
        "incomeBeforeTax": -628000000,
        "incomeBeforeTaxRatio": -0.0414111441,
        "incomeTaxExpense": -249000000,
        "netIncome": -381000000,
        "netIncomeRatio": -0.02512364,
        "eps": -1.11,
        "epsdiluted": -1.11,
        "weightedAverageShsOut": 343800000,
        "weightedAverageShsOutDil": 343800000,
        "link": null,
        "finalLink": null
    },
    {
        "date": "2016-12-31",
        "symbol": "AET",
        "reportedCurrency": "USD",
        "cik": "0000000000",
        "fillingDate": "2016-12-31",
        "acceptedDate": "2016-12-30 19:00:00",
        "calendarYear": "2016",
        "period": "Q4",
        "revenue": 15727800000,
        "costOfRevenue": 11595000000,
        "grossProfit": 4132800000,
        "grossProfitRatio": 0.2627703811,
        "researchAndDevelopmentExpenses": 0,
        "generalAndAdministrativeExpenses": 3175000000,
        "sellingAndMarketingExpenses": 432600000,
        "sellingGeneralAndAdministrativeExpenses": 3607600000,
        "otherExpenses": 0,
        "operatingExpenses": 3608000000,
        "costAndExpenses": 15452500000,
        "interestIncome": 0,
        "interestExpense": 189300000,
        "depreciationAndAmortization": 170200000,
        "ebitda": 464000000,
        "ebitdaratio": 0.0295019011,
        "operatingIncome": 524000000,
        "operatingIncomeRatio": 0.0333168021,
        "totalOtherIncomeExpensesNet": -248700000,
        "incomeBeforeTax": 275300000,
        "incomeBeforeTaxRatio": 0.0175040374,
        "incomeTaxExpense": 147400000,
        "netIncome": 139400000,
        "netIncomeRatio": 0.0088632867,
        "eps": 0.39,
        "epsdiluted": 0.39,
        "weightedAverageShsOut": 351700000,
        "weightedAverageShsOutDil": 354900000,
        "link": null,
        "finalLink": null
    },
    {
        "date": "2016-09-30",
        "symbol": "AET",
        "reportedCurrency": "USD",
        "cik": "0000000000",
        "fillingDate": "2016-09-30",
        "acceptedDate": "2016-09-29 20:00:00",
        "calendarYear": "2016",
        "period": "Q3",
        "revenue": 15781500000,
        "costOfRevenue": 11626700000,
        "grossProfit": 4154800000,
        "grossProfitRatio": 0.2632702848,
        "researchAndDevelopmentExpenses": 0,
        "generalAndAdministrativeExpenses": 2422100000,
        "sellingAndMarketingExpenses": 408600000,
        "sellingGeneralAndAdministrativeExpenses": 2830700000,
        "otherExpenses": 0,
        "operatingExpenses": 2830700000,
        "costAndExpenses": 14708000000,
        "interestIncome": 0,
        "interestExpense": 189200000,
        "depreciationAndAmortization": 167900000,
        "ebitda": 1430600000,
        "ebitdaratio": 0.0906504451,
        "operatingIncome": 1324100000,
        "operatingIncomeRatio": 0.0839020372,
        "totalOtherIncomeExpensesNet": -250600000,
        "incomeBeforeTax": 1073500000,
        "incomeBeforeTaxRatio": 0.0680226848,
        "incomeTaxExpense": 476300000,
        "netIncome": 603900000,
        "netIncomeRatio": 0.0382663245,
        "eps": 1.72,
        "epsdiluted": 1.7,
        "weightedAverageShsOut": 351400000,
        "weightedAverageShsOutDil": 354300000,
        "link": null,
        "finalLink": null
    },
    {
        "date": "2016-06-30",
        "symbol": "AET",
        "reportedCurrency": "USD",
        "cik": "0000000000",
        "fillingDate": "2016-06-30",
        "acceptedDate": "2016-06-29 20:00:00",
        "calendarYear": "2016",
        "period": "Q2",
        "revenue": 15952300000,
        "costOfRevenue": 11757600000,
        "grossProfit": 4194700000,
        "grossProfitRatio": 0.2629526777,
        "researchAndDevelopmentExpenses": 0,
        "generalAndAdministrativeExpenses": 2367400000,
        "sellingAndMarketingExpenses": 415700000,
        "sellingGeneralAndAdministrativeExpenses": 2783100000,
        "otherExpenses": 0,
        "operatingExpenses": 2783100000,
        "costAndExpenses": 14598700000,
        "interestIncome": 0,
        "interestExpense": 123700000,
        "depreciationAndAmortization": 173700000,
        "ebitda": 1651000000,
        "ebitdaratio": 0.1034960476,
        "operatingIncome": 1411600000,
        "operatingIncomeRatio": 0.0884888073,
        "totalOtherIncomeExpensesNet": -58000000,
        "incomeBeforeTax": 1353600000,
        "incomeBeforeTaxRatio": 0.0848529679,
        "incomeTaxExpense": 560900000,
        "netIncome": 790800000,
        "netIncomeRatio": 0.0495727889,
        "eps": 2.25,
        "epsdiluted": 2.23,
        "weightedAverageShsOut": 351200000,
        "weightedAverageShsOutDil": 354100000,
        "link": null,
        "finalLink": null
    },
    {
        "date": "2016-03-31",
        "symbol": "AET",
        "reportedCurrency": "USD",
        "cik": "0000000000",
        "fillingDate": "2016-03-31",
        "acceptedDate": "2016-03-30 20:00:00",
        "calendarYear": "2016",
        "period": "Q1",
        "revenue": 15693400000,
        "costOfRevenue": 11376600000,
        "grossProfit": 4316800000,
        "grossProfitRatio": 0.275071049,
        "researchAndDevelopmentExpenses": 0,
        "generalAndAdministrativeExpenses": 2442500000,
        "sellingAndMarketingExpenses": 421100000,
        "sellingGeneralAndAdministrativeExpenses": 2863600000,
        "otherExpenses": 0,
        "operatingExpenses": 2863600000,
        "costAndExpenses": 14404800000,
        "interestIncome": 0,
        "interestExpense": 101800000,
        "depreciationAndAmortization": 169200000,
        "ebitda": 1390400000,
        "ebitdaratio": 0.0885977545,
        "operatingIncome": 1453200000,
        "operatingIncomeRatio": 0.0925994367,
        "totalOtherIncomeExpensesNet": -164600000,
        "incomeBeforeTax": 1288600000,
        "incomeBeforeTaxRatio": 0.0821109511,
        "incomeTaxExpense": 560700000,
        "netIncome": 726600000,
        "netIncomeRatio": 0.0462997184,
        "eps": 2.07,
        "epsdiluted": 2.06,
        "weightedAverageShsOut": 350700000,
        "weightedAverageShsOutDil": 353100000,
        "link": null,
        "finalLink": null
    },
    {
        "date": "2015-12-31",
        "symbol": "AET",
        "reportedCurrency": "USD",
        "cik": "0000000000",
        "fillingDate": "2015-12-31",
        "acceptedDate": "2015-12-30 19:00:00",
        "calendarYear": "2015",
        "period": "Q4",
        "revenue": 15048500000,
        "costOfRevenue": 11090200000,
        "grossProfit": 3958300000,
        "grossProfitRatio": 0.263036183,
        "researchAndDevelopmentExpenses": 0,
        "generalAndAdministrativeExpenses": 2803000000,
        "sellingAndMarketingExpenses": 397500000,
        "sellingGeneralAndAdministrativeExpenses": 3200500000,
        "otherExpenses": 0,
        "operatingExpenses": 3200500000,
        "costAndExpenses": 14464000000,
        "interestIncome": 0,
        "interestExpense": 109900000,
        "depreciationAndAmortization": 172300000,
        "ebitda": 694400000,
        "ebitdaratio": 0.046144134,
        "operatingIncome": 757800000,
        "operatingIncomeRatio": 0.0503571785,
        "totalOtherIncomeExpensesNet": -173300000,
        "incomeBeforeTax": 584500000,
        "incomeBeforeTaxRatio": 0.0388410805,
        "incomeTaxExpense": 263200000,
        "netIncome": 320800000,
        "netIncomeRatio": 0.0213177393,
        "eps": 0.92,
        "epsdiluted": 0.91,
        "weightedAverageShsOut": 349500000,
        "weightedAverageShsOutDil": 352900000,
        "link": null,
        "finalLink": null
    },
    {
        "date": "2015-09-30",
        "symbol": "AET",
        "reportedCurrency": "USD",
        "cik": "0000000000",
        "fillingDate": "2015-09-30",
        "acceptedDate": "2015-09-29 20:00:00",
        "calendarYear": "2015",
        "period": "Q3",
        "revenue": 14953000000,
        "costOfRevenue": 10938300000,
        "grossProfit": 4014700000,
        "grossProfitRatio": 0.2684879288,
        "researchAndDevelopmentExpenses": 0,
        "generalAndAdministrativeExpenses": 2437300000,
        "sellingAndMarketingExpenses": 393000000,
        "sellingGeneralAndAdministrativeExpenses": 2830300000,
        "otherExpenses": 0,
        "operatingExpenses": 2830300000,
        "costAndExpenses": 13930100000,
        "interestIncome": 0,
        "interestExpense": 96400000,
        "depreciationAndAmortization": 169000000,
        "ebitda": 1288300000,
        "ebitdaratio": 0.0861566241,
        "operatingIncome": 1184400000,
        "operatingIncomeRatio": 0.0792081856,
        "totalOtherIncomeExpensesNet": -161500000,
        "incomeBeforeTax": 1022900000,
        "incomeBeforeTaxRatio": 0.0684076774,
        "incomeTaxExpense": 460500000,
        "netIncome": 560100000,
        "netIncomeRatio": 0.0374573664,
        "eps": 1.6,
        "epsdiluted": 1.59,
        "weightedAverageShsOut": 349200000,
        "weightedAverageShsOutDil": 352500000,
        "link": null,
        "finalLink": null
    },
    {
        "date": "2015-06-30",
        "symbol": "AET",
        "reportedCurrency": "USD",
        "cik": "0000000000",
        "fillingDate": "2015-06-30",
        "acceptedDate": "2015-06-29 20:00:00",
        "calendarYear": "2015",
        "period": "Q2",
        "revenue": 15240900000,
        "costOfRevenue": 11035500000,
        "grossProfit": 4205400000,
        "grossProfitRatio": 0.2759285869,
        "researchAndDevelopmentExpenses": 0,
        "generalAndAdministrativeExpenses": 2396100000,
        "sellingAndMarketingExpenses": 405700000,
        "sellingGeneralAndAdministrativeExpenses": 2801800000,
        "otherExpenses": 0,
        "operatingExpenses": 2801800000,
        "costAndExpenses": 13979300000,
        "interestIncome": 0,
        "interestExpense": 78300000,
        "depreciationAndAmortization": 166000000,
        "ebitda": 1505900000,
        "ebitdaratio": 0.0988065009,
        "operatingIncome": 1403600000,
        "operatingIncomeRatio": 0.0920942989,
        "totalOtherIncomeExpensesNet": -142000000,
        "incomeBeforeTax": 1261600000,
        "incomeBeforeTaxRatio": 0.0827772638,
        "incomeTaxExpense": 527000000,
        "netIncome": 731800000,
        "netIncomeRatio": 0.0480155371,
        "eps": 2.1,
        "epsdiluted": 2.08,
        "weightedAverageShsOut": 349000000,
        "weightedAverageShsOutDil": 352200000,
        "link": null,
        "finalLink": null
    },
    {
        "date": "2015-03-31",
        "symbol": "AET",
        "reportedCurrency": "USD",
        "cik": "0000000000",
        "fillingDate": "2015-03-31",
        "acceptedDate": "2015-03-30 20:00:00",
        "calendarYear": "2015",
        "period": "Q1",
        "revenue": 15094100000,
        "costOfRevenue": 10768600000,
        "grossProfit": 4325500000,
        "grossProfitRatio": 0.2865689243,
        "researchAndDevelopmentExpenses": 0,
        "generalAndAdministrativeExpenses": 2401800000,
        "sellingAndMarketingExpenses": 414900000,
        "sellingGeneralAndAdministrativeExpenses": 2816700000,
        "otherExpenses": 0,
        "operatingExpenses": 2816700000,
        "costAndExpenses": 13727500000,
        "interestIncome": 0,
        "interestExpense": 79000000,
        "depreciationAndAmortization": 164000000,
        "ebitda": 1445600000,
        "ebitdaratio": 0.0957725204,
        "operatingIncome": 1508800000,
        "operatingIncomeRatio": 0.0999595869,
        "totalOtherIncomeExpensesNet": -142200000,
        "incomeBeforeTax": 1366600000,
        "incomeBeforeTaxRatio": 0.0905386873,
        "incomeTaxExpense": 590300000,
        "netIncome": 777500000,
        "netIncomeRatio": 0.0515101927,
        "eps": 2.22,
        "epsdiluted": 2.2,
        "weightedAverageShsOut": 349500000,
        "weightedAverageShsOutDil": 352700000,
        "link": null,
        "finalLink": null
    },
    {
        "date": "2014-12-31",
        "symbol": "AET",
        "reportedCurrency": "USD",
        "cik": "0000000000",
        "fillingDate": "2014-12-31",
        "acceptedDate": "2014-12-30 19:00:00",
        "calendarYear": "2014",
        "period": "Q4",
        "revenue": 14771200000,
        "costOfRevenue": 11040200000,
        "grossProfit": 3731000000,
        "grossProfitRatio": 0.2525861135,
        "researchAndDevelopmentExpenses": 0,
        "generalAndAdministrativeExpenses": 2656500000,
        "sellingAndMarketingExpenses": 414900000,
        "sellingGeneralAndAdministrativeExpenses": 3071400000,
        "otherExpenses": 0,
        "operatingExpenses": 3131200000,
        "costAndExpenses": 14342500000,
        "interestIncome": 0,
        "interestExpense": 81800000,
        "depreciationAndAmortization": 161300000,
        "ebitda": 570300000,
        "ebitdaratio": 0.0386089146,
        "operatingIncome": 599800000,
        "operatingIncomeRatio": 0.0406060442,
        "totalOtherIncomeExpensesNet": -171100000,
        "incomeBeforeTax": 428700000,
        "incomeBeforeTaxRatio": 0.0290226928,
        "incomeTaxExpense": 198900000,
        "netIncome": 232000000,
        "netIncomeRatio": 0.0157062392,
        "eps": 0.66,
        "epsdiluted": 0.65,
        "weightedAverageShsOut": 350700000,
        "weightedAverageShsOutDil": 359100000,
        "link": null,
        "finalLink": null
    },
    {
        "date": "2014-09-30",
        "symbol": "AET",
        "reportedCurrency": "USD",
        "cik": "0000000000",
        "fillingDate": "2014-09-30",
        "acceptedDate": "2014-09-29 20:00:00",
        "calendarYear": "2014",
        "period": "Q3",
        "revenue": 14727800000,
        "costOfRevenue": 10876100000,
        "grossProfit": 3851700000,
        "grossProfitRatio": 0.2615258219,
        "researchAndDevelopmentExpenses": 0,
        "generalAndAdministrativeExpenses": 2292400000,
        "sellingAndMarketingExpenses": 422300000,
        "sellingGeneralAndAdministrativeExpenses": 2714700000,
        "otherExpenses": 0,
        "operatingExpenses": 2714700000,
        "costAndExpenses": 13730900000,
        "interestIncome": 0,
        "interestExpense": 80600000,
        "depreciationAndAmortization": 156500000,
        "ebitda": 1234000000,
        "ebitdaratio": 0.0837871237,
        "operatingIncome": 1137000000,
        "operatingIncomeRatio": 0.0772009397,
        "totalOtherIncomeExpensesNet": -140100000,
        "incomeBeforeTax": 996900000,
        "incomeBeforeTaxRatio": 0.0676883173,
        "incomeTaxExpense": 398100000,
        "netIncome": 594500000,
        "netIncomeRatio": 0.0403658388,
        "eps": 1.68,
        "epsdiluted": 1.67,
        "weightedAverageShsOut": 353200000,
        "weightedAverageShsOutDil": 356800000,
        "link": null,
        "finalLink": null
    },
    {
        "date": "2014-06-30",
        "symbol": "AET",
        "reportedCurrency": "USD",
        "cik": "0000000000",
        "fillingDate": "2014-06-30",
        "acceptedDate": "2014-06-29 20:00:00",
        "calendarYear": "2014",
        "period": "Q2",
        "revenue": 14509400000,
        "costOfRevenue": 10840400000,
        "grossProfit": 3669000000,
        "grossProfitRatio": 0.2528705529,
        "researchAndDevelopmentExpenses": 0,
        "generalAndAdministrativeExpenses": 2188200000,
        "sellingAndMarketingExpenses": 413000000,
        "sellingGeneralAndAdministrativeExpenses": 2601200000,
        "otherExpenses": 0,
        "operatingExpenses": 2601200000,
        "costAndExpenses": 13584800000,
        "interestIncome": 0,
        "interestExpense": 81300000,
        "depreciationAndAmortization": 156500000,
        "ebitda": 1005900000,
        "ebitdaratio": 0.0693274705,
        "operatingIncome": 1067800000,
        "operatingIncomeRatio": 0.0735936703,
        "totalOtherIncomeExpensesNet": -143200000,
        "incomeBeforeTax": 924600000,
        "incomeBeforeTaxRatio": 0.0637242064,
        "incomeTaxExpense": 377400000,
        "netIncome": 548800000,
        "netIncomeRatio": 0.0378237556,
        "eps": 1.54,
        "epsdiluted": 1.52,
        "weightedAverageShsOut": 356800000,
        "weightedAverageShsOutDil": 360300000,
        "link": null,
        "finalLink": null
    },
    {
        "date": "2014-03-31",
        "symbol": "AET",
        "reportedCurrency": "USD",
        "cik": "0000000000",
        "fillingDate": "2014-03-31",
        "acceptedDate": "2014-03-30 20:00:00",
        "calendarYear": "2014",
        "period": "Q1",
        "revenue": 13994800000,
        "costOfRevenue": 10155000000,
        "grossProfit": 3839800000,
        "grossProfitRatio": 0.2743733387,
        "researchAndDevelopmentExpenses": 0,
        "generalAndAdministrativeExpenses": 2047600000,
        "sellingAndMarketingExpenses": 402800000,
        "sellingGeneralAndAdministrativeExpenses": 2450400000,
        "otherExpenses": 0,
        "operatingExpenses": 2450400000,
        "costAndExpenses": 12845100000,
        "interestIncome": 0,
        "interestExpense": 85600000,
        "depreciationAndAmortization": 154700000,
        "ebitda": 1390000000,
        "ebitdaratio": 0.0993226055,
        "operatingIncome": 1389400000,
        "operatingIncomeRatio": 0.0992797325,
        "totalOtherIncomeExpensesNet": -239700000,
        "incomeBeforeTax": 1149700000,
        "incomeBeforeTaxRatio": 0.0821519421,
        "incomeTaxExpense": 480300000,
        "netIncome": 665500000,
        "netIncomeRatio": 0.047553377,
        "eps": 1.84,
        "epsdiluted": 1.82,
        "weightedAverageShsOut": 361600000,
        "weightedAverageShsOutDil": 365000000,
        "link": null,
        "finalLink": null
    },
    {
        "date": "2013-12-31",
        "symbol": "AET",
        "reportedCurrency": "USD",
        "cik": "0000000000",
        "fillingDate": "2013-12-31",
        "acceptedDate": "2013-12-30 19:00:00",
        "calendarYear": "2013",
        "period": "Q4",
        "revenue": 13182700000,
        "costOfRevenue": 9988600000,
        "grossProfit": 3194100000,
        "grossProfitRatio": 0.2422948258,
        "researchAndDevelopmentExpenses": 0,
        "generalAndAdministrativeExpenses": 2142000000,
        "sellingAndMarketingExpenses": 365300000,
        "sellingGeneralAndAdministrativeExpenses": 2507300000,
        "otherExpenses": 0,
        "operatingExpenses": 2507300000,
        "costAndExpenses": 12647300000,
        "interestIncome": 0,
        "interestExpense": 86300000,
        "depreciationAndAmortization": 162600000,
        "ebitda": 621700000,
        "ebitdaratio": 0.0471602934,
        "operatingIncome": 686800000,
        "operatingIncomeRatio": 0.0520985837,
        "totalOtherIncomeExpensesNet": -151400000,
        "incomeBeforeTax": 535400000,
        "incomeBeforeTaxRatio": 0.0406138348,
        "incomeTaxExpense": 166600000,
        "netIncome": 368900000,
        "netIncomeRatio": 0.0279836452,
        "eps": 1.01,
        "epsdiluted": 1,
        "weightedAverageShsOut": 365900000,
        "weightedAverageShsOutDil": 370300000,
        "link": null,
        "finalLink": null
    },
    {
        "date": "2013-09-30",
        "symbol": "AET",
        "reportedCurrency": "USD",
        "cik": "0000000000",
        "fillingDate": "2013-09-30",
        "acceptedDate": "2013-09-29 20:00:00",
        "calendarYear": "2013",
        "period": "Q3",
        "revenue": 13035600000,
        "costOfRevenue": 9773000000,
        "grossProfit": 3262600000,
        "grossProfitRatio": 0.2502838381,
        "researchAndDevelopmentExpenses": 0,
        "generalAndAdministrativeExpenses": 1950600000,
        "sellingAndMarketingExpenses": 353900000,
        "sellingGeneralAndAdministrativeExpenses": 2304500000,
        "otherExpenses": 0,
        "operatingExpenses": 2304500000,
        "costAndExpenses": 12228900000,
        "interestIncome": 0,
        "interestExpense": 86100000,
        "depreciationAndAmortization": 158600000,
        "ebitda": 1051400000,
        "ebitdaratio": 0.0806560496,
        "operatingIncome": 958100000,
        "operatingIncomeRatio": 0.0734987266,
        "totalOtherIncomeExpensesNet": -151400000,
        "incomeBeforeTax": 806700000,
        "incomeBeforeTaxRatio": 0.0618843782,
        "incomeTaxExpense": 287700000,
        "netIncome": 518600000,
        "netIncomeRatio": 0.0397833625,
        "eps": 1.4,
        "epsdiluted": 1.38,
        "weightedAverageShsOut": 371100000,
        "weightedAverageShsOutDil": 375200000,
        "link": null,
        "finalLink": null
    },
    {
        "date": "2013-06-30",
        "symbol": "AET",
        "reportedCurrency": "USD",
        "cik": "0000000000",
        "fillingDate": "2013-06-30",
        "acceptedDate": "2013-06-29 20:00:00",
        "calendarYear": "2013",
        "period": "Q2",
        "revenue": 11537400000,
        "costOfRevenue": 8546000000,
        "grossProfit": 2991400000,
        "grossProfitRatio": 0.2592785203,
        "researchAndDevelopmentExpenses": 0,
        "generalAndAdministrativeExpenses": 1762200000,
        "sellingAndMarketingExpenses": 332200000,
        "sellingGeneralAndAdministrativeExpenses": 2094400000,
        "otherExpenses": 0,
        "operatingExpenses": 2094400000,
        "costAndExpenses": 10689700000,
        "interestIncome": 0,
        "interestExpense": 83500000,
        "depreciationAndAmortization": 139300000,
        "ebitda": 1070500000,
        "ebitdaratio": 0.0927852029,
        "operatingIncome": 897000000,
        "operatingIncomeRatio": 0.0777471527,
        "totalOtherIncomeExpensesNet": -49300000,
        "incomeBeforeTax": 847700000,
        "incomeBeforeTaxRatio": 0.0734740929,
        "incomeTaxExpense": 314500000,
        "netIncome": 536000000,
        "netIncomeRatio": 0.0464576074,
        "eps": 1.5,
        "epsdiluted": 1.49,
        "weightedAverageShsOut": 356200000,
        "weightedAverageShsOutDil": 360100000,
        "link": null,
        "finalLink": null
    },
    {
        "date": "2013-03-31",
        "symbol": "AET",
        "reportedCurrency": "USD",
        "cik": "0000000000",
        "fillingDate": "2013-03-31",
        "acceptedDate": "2013-03-30 20:00:00",
        "calendarYear": "2013",
        "period": "Q1",
        "revenue": 9538900000,
        "costOfRevenue": 6938800000,
        "grossProfit": 2600100000,
        "grossProfitRatio": 0.2725785992,
        "researchAndDevelopmentExpenses": 0,
        "generalAndAdministrativeExpenses": 1442000000,
        "sellingAndMarketingExpenses": 297200000,
        "sellingGeneralAndAdministrativeExpenses": 1739200000,
        "otherExpenses": 0,
        "operatingExpenses": 1739200000,
        "costAndExpenses": 8788200000,
        "interestIncome": 0,
        "interestExpense": 77800000,
        "depreciationAndAmortization": 108600000,
        "ebitda": 937100000,
        "ebitdaratio": 0.098239839,
        "operatingIncome": 860900000,
        "operatingIncomeRatio": 0.0902514965,
        "totalOtherIncomeExpensesNet": -110200000,
        "incomeBeforeTax": 750700000,
        "incomeBeforeTaxRatio": 0.0786988017,
        "incomeTaxExpense": 259800000,
        "netIncome": 490100000,
        "netIncomeRatio": 0.0513790898,
        "eps": 1.5,
        "epsdiluted": 1.48,
        "weightedAverageShsOut": 327600000,
        "weightedAverageShsOutDil": 330700000,
        "link": null,
        "finalLink": null
    },
    {
        "date": "2012-12-31",
        "symbol": "AET",
        "reportedCurrency": "USD",
        "cik": "0000000000",
        "fillingDate": "2012-12-31",
        "acceptedDate": "2012-12-30 19:00:00",
        "calendarYear": "2012",
        "period": "Q4",
        "revenue": 10684900000,
        "costOfRevenue": 7553800000,
        "grossProfit": 3131100000,
        "grossProfitRatio": 0.2930397102,
        "researchAndDevelopmentExpenses": 0,
        "generalAndAdministrativeExpenses": 1639400000,
        "sellingAndMarketingExpenses": 285000000,
        "sellingGeneralAndAdministrativeExpenses": 1924400000,
        "otherExpenses": 0,
        "operatingExpenses": 1924400000,
        "costAndExpenses": 9973900000,
        "interestIncome": 0,
        "interestExpense": 76600000,
        "depreciationAndAmortization": 111900000,
        "ebitda": 479600000,
        "ebitdaratio": 0.0448857734,
        "operatingIncome": 450300000,
        "operatingIncomeRatio": 0.0421435858,
        "totalOtherIncomeExpensesNet": -159200000,
        "incomeBeforeTax": 291100000,
        "incomeBeforeTaxRatio": 0.0272440547,
        "incomeTaxExpense": 101000000,
        "netIncome": 190100000,
        "netIncomeRatio": 0.0177914627,
        "eps": 0.57,
        "epsdiluted": 0.56,
        "weightedAverageShsOut": 333600000,
        "weightedAverageShsOutDil": 338500000,
        "link": "",
        "finalLink": ""
    },
    {
        "date": "2012-09-30",
        "symbol": "AET",
        "reportedCurrency": "USD",
        "cik": "0000000000",
        "fillingDate": "2012-09-30",
        "acceptedDate": "2012-09-29 20:00:00",
        "calendarYear": "2012",
        "period": "Q3",
        "revenue": 8683800000,
        "costOfRevenue": 6364600000,
        "grossProfit": 2319200000,
        "grossProfitRatio": 0.2670720192,
        "researchAndDevelopmentExpenses": 0,
        "generalAndAdministrativeExpenses": 1366800000,
        "sellingAndMarketingExpenses": 272800000,
        "sellingGeneralAndAdministrativeExpenses": 1639600000,
        "otherExpenses": 0,
        "operatingExpenses": 1639600000,
        "costAndExpenses": 8004200000,
        "interestIncome": 0,
        "interestExpense": 68500000,
        "depreciationAndAmortization": 111300000,
        "ebitda": 954100000,
        "ebitdaratio": 0.1098712545,
        "operatingIncome": 912300000,
        "operatingIncomeRatio": 0.1050576936,
        "totalOtherIncomeExpensesNet": -138000000,
        "incomeBeforeTax": 774300000,
        "incomeBeforeTaxRatio": 0.0891660333,
        "incomeTaxExpense": 275100000,
        "netIncome": 499200000,
        "netIncomeRatio": 0.0574863539,
        "eps": 1.49,
        "epsdiluted": 1.47,
        "weightedAverageShsOut": 334800000,
        "weightedAverageShsOutDil": 338600000,
        "link": "",
        "finalLink": ""
    },
    {
        "date": "2012-06-30",
        "symbol": "AET",
        "reportedCurrency": "USD",
        "cik": "0000000000",
        "fillingDate": "2012-06-30",
        "acceptedDate": "2012-06-29 20:00:00",
        "calendarYear": "2012",
        "period": "Q2",
        "revenue": 8603700000,
        "costOfRevenue": 6391600000,
        "grossProfit": 2212100000,
        "grossProfitRatio": 0.257110313,
        "researchAndDevelopmentExpenses": 0,
        "generalAndAdministrativeExpenses": 1375000000,
        "sellingAndMarketingExpenses": 271400000,
        "sellingGeneralAndAdministrativeExpenses": 1646400000,
        "otherExpenses": 0,
        "operatingExpenses": 1646400000,
        "costAndExpenses": 8038000000,
        "interestIncome": 0,
        "interestExpense": 64400000,
        "depreciationAndAmortization": 111700000,
        "ebitda": 871800000,
        "ebitdaratio": 0.1013284982,
        "operatingIncome": 797100000,
        "operatingIncomeRatio": 0.0926461871,
        "totalOtherIncomeExpensesNet": -101400000,
        "incomeBeforeTax": 695700000,
        "incomeBeforeTaxRatio": 0.08086056,
        "incomeTaxExpense": 238100000,
        "netIncome": 457600000,
        "netIncomeRatio": 0.0531864198,
        "eps": 1.34,
        "epsdiluted": 1.32,
        "weightedAverageShsOut": 341700000,
        "weightedAverageShsOutDil": 346200000,
        "link": "",
        "finalLink": ""
    },
    {
        "date": "2012-03-31",
        "symbol": "AET",
        "reportedCurrency": "USD",
        "cik": "0000000000",
        "fillingDate": "2012-03-31",
        "acceptedDate": "2012-03-30 20:00:00",
        "calendarYear": "2012",
        "period": "Q1",
        "revenue": 8623500000,
        "costOfRevenue": 6368400000,
        "grossProfit": 2255100000,
        "grossProfitRatio": 0.2615063489,
        "researchAndDevelopmentExpenses": 0,
        "generalAndAdministrativeExpenses": 1380200000,
        "sellingAndMarketingExpenses": 285800000,
        "sellingGeneralAndAdministrativeExpenses": 1666000000,
        "otherExpenses": 0,
        "operatingExpenses": 1666000000,
        "costAndExpenses": 8034400000,
        "interestIncome": 0,
        "interestExpense": 59300000,
        "depreciationAndAmortization": 115000000,
        "ebitda": 958600000,
        "ebitdaratio": 0.1111613614,
        "operatingIncome": 881400000,
        "operatingIncomeRatio": 0.1022090798,
        "totalOtherIncomeExpensesNet": -97100000,
        "incomeBeforeTax": 784300000,
        "incomeBeforeTaxRatio": 0.0909491506,
        "incomeTaxExpense": 273300000,
        "netIncome": 511000000,
        "netIncomeRatio": 0.0592566823,
        "eps": 1.46,
        "epsdiluted": 1.43,
        "weightedAverageShsOut": 350300000,
        "weightedAverageShsOutDil": 356800000,
        "link": "",
        "finalLink": ""
    },
    {
        "date": "2011-12-31",
        "symbol": "AET",
        "reportedCurrency": "USD",
        "cik": "0000000000",
        "fillingDate": "2011-12-31",
        "acceptedDate": "2011-12-30 19:00:00",
        "calendarYear": "2011",
        "period": "Q4",
        "revenue": 8340800000,
        "costOfRevenue": 6035800000,
        "grossProfit": 2305000000,
        "grossProfitRatio": 0.2763523883,
        "researchAndDevelopmentExpenses": 0,
        "generalAndAdministrativeExpenses": 1555100000,
        "sellingAndMarketingExpenses": 277800000,
        "sellingGeneralAndAdministrativeExpenses": 1832900000,
        "otherExpenses": 0,
        "operatingExpenses": 1832900000,
        "costAndExpenses": 7868700000,
        "interestIncome": 0,
        "interestExpense": 59600000,
        "depreciationAndAmortization": 120800000,
        "ebitda": 787300000,
        "ebitdaratio": 0.0943914253,
        "operatingIncome": 703600000,
        "operatingIncomeRatio": 0.0843564167,
        "totalOtherIncomeExpensesNet": -96700000,
        "incomeBeforeTax": 606900000,
        "incomeBeforeTaxRatio": 0.0727628045,
        "incomeTaxExpense": 234300000,
        "netIncome": 372600000,
        "netIncomeRatio": 0.0446719739,
        "eps": 1.06,
        "epsdiluted": 1.04,
        "weightedAverageShsOut": 350300000,
        "weightedAverageShsOutDil": 356800000,
        "link": "",
        "finalLink": ""
    },
    {
        "date": "2011-09-30",
        "symbol": "AET",
        "reportedCurrency": "USD",
        "cik": "0000000000",
        "fillingDate": "2011-09-30",
        "acceptedDate": "2011-09-29 20:00:00",
        "calendarYear": "2011",
        "period": "Q3",
        "revenue": 8163100000,
        "costOfRevenue": 5816200000,
        "grossProfit": 2346900000,
        "grossProfitRatio": 0.2875010719,
        "researchAndDevelopmentExpenses": 0,
        "generalAndAdministrativeExpenses": 1547200000,
        "sellingAndMarketingExpenses": 269100000,
        "sellingGeneralAndAdministrativeExpenses": 1816300000,
        "otherExpenses": 0,
        "operatingExpenses": 1816300000,
        "costAndExpenses": 7632500000,
        "interestIncome": 0,
        "interestExpense": 59700000,
        "depreciationAndAmortization": 111500000,
        "ebitda": 922600000,
        "ebitdaratio": 0.1130207887,
        "operatingIncome": 842800000,
        "operatingIncomeRatio": 0.1032450907,
        "totalOtherIncomeExpensesNet": -91400000,
        "incomeBeforeTax": 751400000,
        "incomeBeforeTaxRatio": 0.092048364,
        "incomeTaxExpense": 261000000,
        "netIncome": 490400000,
        "netIncomeRatio": 0.0600752165,
        "eps": 1.33,
        "epsdiluted": 1.3,
        "weightedAverageShsOut": 369200000,
        "weightedAverageShsOutDil": 376800000,
        "link": "",
        "finalLink": ""
    },
    {
        "date": "2011-06-30",
        "symbol": "AET",
        "reportedCurrency": "USD",
        "cik": "0000000000",
        "fillingDate": "2011-06-30",
        "acceptedDate": "2011-06-29 20:00:00",
        "calendarYear": "2011",
        "period": "Q2",
        "revenue": 8081700000,
        "costOfRevenue": 5844500000,
        "grossProfit": 2237200000,
        "grossProfitRatio": 0.2768229457,
        "researchAndDevelopmentExpenses": 0,
        "generalAndAdministrativeExpenses": 1324500000,
        "sellingAndMarketingExpenses": 267200000,
        "sellingGeneralAndAdministrativeExpenses": 1591700000,
        "otherExpenses": 0,
        "operatingExpenses": 1591700000,
        "costAndExpenses": 7436200000,
        "interestIncome": 0,
        "interestExpense": 61500000,
        "depreciationAndAmortization": 108300000,
        "ebitda": 990900000,
        "ebitdaratio": 0.1226103419,
        "operatingIncome": 908200000,
        "operatingIncomeRatio": 0.1123773464,
        "totalOtherIncomeExpensesNet": -87100000,
        "incomeBeforeTax": 821100000,
        "incomeBeforeTaxRatio": 0.1015999109,
        "incomeTaxExpense": 284400000,
        "netIncome": 536700000,
        "netIncomeRatio": 0.0664092951,
        "eps": 1.42,
        "epsdiluted": 1.39,
        "weightedAverageShsOut": 379200000,
        "weightedAverageShsOutDil": 387300000,
        "link": "",
        "finalLink": ""
    },
    {
        "date": "2011-03-31",
        "symbol": "AET",
        "reportedCurrency": "USD",
        "cik": "0000000000",
        "fillingDate": "2011-03-31",
        "acceptedDate": "2011-03-30 20:00:00",
        "calendarYear": "2011",
        "period": "Q1",
        "revenue": 8095500000,
        "costOfRevenue": 5833500000,
        "grossProfit": 2262000000,
        "grossProfitRatio": 0.2794144895,
        "researchAndDevelopmentExpenses": 0,
        "generalAndAdministrativeExpenses": 1272800000,
        "sellingAndMarketingExpenses": 290700000,
        "sellingGeneralAndAdministrativeExpenses": 1563500000,
        "otherExpenses": 0,
        "operatingExpenses": 1563500000,
        "costAndExpenses": 7397000000,
        "interestIncome": 0,
        "interestExpense": 66100000,
        "depreciationAndAmortization": 106600000,
        "ebitda": 1071100000,
        "ebitdaratio": 0.1323080724,
        "operatingIncome": 990800000,
        "operatingIncomeRatio": 0.1223889815,
        "totalOtherIncomeExpensesNet": -92400000,
        "incomeBeforeTax": 898400000,
        "incomeBeforeTaxRatio": 0.1109752332,
        "incomeTaxExpense": 312400000,
        "netIncome": 586000000,
        "netIncomeRatio": 0.0723858934,
        "eps": 1.53,
        "epsdiluted": 1.5,
        "weightedAverageShsOut": 383500000,
        "weightedAverageShsOutDil": 391200000,
        "link": "",
        "finalLink": ""
    },
    {
        "date": "2010-12-31",
        "symbol": "AET",
        "reportedCurrency": "USD",
        "cik": "0000000000",
        "fillingDate": "2010-12-31",
        "acceptedDate": "2010-12-30 19:00:00",
        "calendarYear": "2010",
        "period": "Q4",
        "revenue": 9516700000,
        "costOfRevenue": 6245500000,
        "grossProfit": 3271200000,
        "grossProfitRatio": 0.3437325964,
        "researchAndDevelopmentExpenses": 0,
        "generalAndAdministrativeExpenses": 1591800000,
        "sellingAndMarketingExpenses": 297800000,
        "sellingGeneralAndAdministrativeExpenses": 1889600000,
        "otherExpenses": 23200000,
        "operatingExpenses": 1912800000,
        "costAndExpenses": 8158300000,
        "interestIncome": 0,
        "interestExpense": 69100000,
        "depreciationAndAmortization": 131100000,
        "ebitda": 512700000,
        "ebitdaratio": 0.0538737167,
        "operatingIncome": 1358400000,
        "operatingIncomeRatio": 0.1427385543,
        "totalOtherIncomeExpensesNet": -1045900000,
        "incomeBeforeTax": 312500000,
        "incomeBeforeTaxRatio": 0.0328370128,
        "incomeTaxExpense": 96900000,
        "netIncome": 215600000,
        "netIncomeRatio": 0.0226549119,
        "eps": 0.56,
        "epsdiluted": 0.55,
        "weightedAverageShsOut": 383500000,
        "weightedAverageShsOutDil": 391200000,
        "link": "",
        "finalLink": ""
    },
    {
        "date": "2010-09-30",
        "symbol": "AET",
        "reportedCurrency": "USD",
        "cik": "0000000000",
        "fillingDate": "2010-09-30",
        "acceptedDate": "2010-09-29 20:00:00",
        "calendarYear": "2010",
        "period": "Q3",
        "revenue": 8538800000,
        "costOfRevenue": 6130200000,
        "grossProfit": 2408600000,
        "grossProfitRatio": 0.2820771069,
        "researchAndDevelopmentExpenses": 0,
        "generalAndAdministrativeExpenses": 1249300000,
        "sellingAndMarketingExpenses": 304800000,
        "sellingGeneralAndAdministrativeExpenses": 1554100000,
        "otherExpenses": 0,
        "operatingExpenses": 1554100000,
        "costAndExpenses": 7684300000,
        "interestIncome": 0,
        "interestExpense": 63900000,
        "depreciationAndAmortization": 107000000,
        "ebitda": 938100000,
        "ebitdaratio": 0.1098632126,
        "operatingIncome": 854500000,
        "operatingIncomeRatio": 0.1000726097,
        "totalOtherIncomeExpensesNet": -87300000,
        "incomeBeforeTax": 767200000,
        "incomeBeforeTaxRatio": 0.0898486907,
        "incomeTaxExpense": 269600000,
        "netIncome": 497600000,
        "netIncomeRatio": 0.0582751675,
        "eps": 1.21,
        "epsdiluted": 1.19,
        "weightedAverageShsOut": 412700000,
        "weightedAverageShsOutDil": 418800000,
        "link": "",
        "finalLink": ""
    },
    {
        "date": "2010-06-30",
        "symbol": "AET",
        "reportedCurrency": "USD",
        "cik": "0000000000",
        "fillingDate": "2010-06-30",
        "acceptedDate": "2010-06-29 20:00:00",
        "calendarYear": "2010",
        "period": "Q2",
        "revenue": 8545800000,
        "costOfRevenue": 6139300000,
        "grossProfit": 2406500000,
        "grossProfitRatio": 0.2816003183,
        "researchAndDevelopmentExpenses": 0,
        "generalAndAdministrativeExpenses": 1255600000,
        "sellingAndMarketingExpenses": 302500000,
        "sellingGeneralAndAdministrativeExpenses": 1558100000,
        "otherExpenses": 0,
        "operatingExpenses": 1558100000,
        "costAndExpenses": 7697400000,
        "interestIncome": 0,
        "interestExpense": 60700000,
        "depreciationAndAmortization": 104000000,
        "ebitda": 928200000,
        "ebitdaratio": 0.1086147581,
        "operatingIncome": 848400000,
        "operatingIncomeRatio": 0.0992768377,
        "totalOtherIncomeExpensesNet": -84900000,
        "incomeBeforeTax": 763500000,
        "incomeBeforeTaxRatio": 0.089342133,
        "incomeTaxExpense": 272500000,
        "netIncome": 491000000,
        "netIncomeRatio": 0.0574551242,
        "eps": 1.16,
        "epsdiluted": 1.14,
        "weightedAverageShsOut": 423000000,
        "weightedAverageShsOutDil": 430200000,
        "link": "",
        "finalLink": ""
    },
    {
        "date": "2010-03-31",
        "symbol": "AET",
        "reportedCurrency": "USD",
        "cik": "0000000000",
        "fillingDate": "2010-03-31",
        "acceptedDate": "2010-03-30 20:00:00",
        "calendarYear": "2010",
        "period": "Q1",
        "revenue": 8621500000,
        "costOfRevenue": 6218000000,
        "grossProfit": 2403500000,
        "grossProfitRatio": 0.2787797947,
        "researchAndDevelopmentExpenses": 0,
        "generalAndAdministrativeExpenses": 1195700000,
        "sellingAndMarketingExpenses": 321500000,
        "sellingGeneralAndAdministrativeExpenses": 1517200000,
        "otherExpenses": 24400000,
        "operatingExpenses": 1541600000,
        "costAndExpenses": 7759600000,
        "interestIncome": 0,
        "interestExpense": 60900000,
        "depreciationAndAmortization": 102300000,
        "ebitda": 964200000,
        "ebitdaratio": 0.1118366874,
        "operatingIncome": 861900000,
        "operatingIncomeRatio": 0.0999710027,
        "totalOtherIncomeExpensesNet": -60900000,
        "incomeBeforeTax": 801000000,
        "incomeBeforeTaxRatio": 0.0929072667,
        "incomeTaxExpense": 238400000,
        "netIncome": 562600000,
        "netIncomeRatio": 0.065255466,
        "eps": 1.3,
        "epsdiluted": 1.28,
        "weightedAverageShsOut": 431400000,
        "weightedAverageShsOutDil": 439600000,
        "link": "",
        "finalLink": ""
    },
    {
        "date": "2009-12-31",
        "symbol": "AET",
        "reportedCurrency": "USD",
        "cik": "0000000000",
        "fillingDate": "2009-12-31",
        "acceptedDate": "2009-12-30 19:00:00",
        "calendarYear": "2009",
        "period": "Q4",
        "revenue": 8756200000,
        "costOfRevenue": 6641500000,
        "grossProfit": 2114700000,
        "grossProfitRatio": 0.2415088737,
        "researchAndDevelopmentExpenses": 0,
        "generalAndAdministrativeExpenses": 1477800000,
        "sellingAndMarketingExpenses": 313400000,
        "sellingGeneralAndAdministrativeExpenses": 1791200000,
        "otherExpenses": 24300000,
        "operatingExpenses": 1815500000,
        "costAndExpenses": 8457000000,
        "interestIncome": 0,
        "interestExpense": 60600000,
        "depreciationAndAmortization": 109200000,
        "ebitda": 408400000,
        "ebitdaratio": 0.0466412371,
        "operatingIncome": 299200000,
        "operatingIncomeRatio": 0.0341700738,
        "totalOtherIncomeExpensesNet": -60600000,
        "incomeBeforeTax": 238600000,
        "incomeBeforeTaxRatio": 0.0272492634,
        "incomeTaxExpense": 72700000,
        "netIncome": 165900000,
        "netIncomeRatio": 0.018946575,
        "eps": 0.38,
        "epsdiluted": 0.38,
        "weightedAverageShsOut": 431400000,
        "weightedAverageShsOutDil": 439600000,
        "link": "",
        "finalLink": ""
    },
    {
        "date": "2009-09-30",
        "symbol": "AET",
        "reportedCurrency": "USD",
        "cik": "0000000000",
        "fillingDate": "2009-09-30",
        "acceptedDate": "2009-09-29 20:00:00",
        "calendarYear": "2009",
        "period": "Q3",
        "revenue": 8722400000,
        "costOfRevenue": 6584100000,
        "grossProfit": 2138300000,
        "grossProfitRatio": 0.2451504173,
        "researchAndDevelopmentExpenses": 0,
        "generalAndAdministrativeExpenses": 1263300000,
        "sellingAndMarketingExpenses": 312200000,
        "sellingGeneralAndAdministrativeExpenses": 1575500000,
        "otherExpenses": 23900000,
        "operatingExpenses": 1599400000,
        "costAndExpenses": 8183500000,
        "interestIncome": 0,
        "interestExpense": 60600000,
        "depreciationAndAmortization": 105900000,
        "ebitda": 644800000,
        "ebitdaratio": 0.0739246079,
        "operatingIncome": 538900000,
        "operatingIncomeRatio": 0.0617834541,
        "totalOtherIncomeExpensesNet": -60600000,
        "incomeBeforeTax": 478300000,
        "incomeBeforeTaxRatio": 0.054835825,
        "incomeTaxExpense": 152100000,
        "netIncome": 326200000,
        "netIncomeRatio": 0.0373979639,
        "eps": 0.75,
        "epsdiluted": 0.73,
        "weightedAverageShsOut": 436000000,
        "weightedAverageShsOutDil": 444600000,
        "link": "",
        "finalLink": ""
    },
    {
        "date": "2009-06-30",
        "symbol": "AET",
        "reportedCurrency": "USD",
        "cik": "0000000000",
        "fillingDate": "2009-06-30",
        "acceptedDate": "2009-06-29 20:00:00",
        "calendarYear": "2009",
        "period": "Q2",
        "revenue": 8670800000,
        "costOfRevenue": 6606200000,
        "grossProfit": 2064600000,
        "grossProfitRatio": 0.238109517,
        "researchAndDevelopmentExpenses": 0,
        "generalAndAdministrativeExpenses": 1160200000,
        "sellingAndMarketingExpenses": 303800000,
        "sellingGeneralAndAdministrativeExpenses": 1464000000,
        "otherExpenses": 0,
        "operatingExpenses": 1464000000,
        "costAndExpenses": 8070200000,
        "interestIncome": 0,
        "interestExpense": 60700000,
        "depreciationAndAmortization": 103900000,
        "ebitda": 680000000,
        "ebitdaratio": 0.0784241362,
        "operatingIncome": 600600000,
        "operatingIncomeRatio": 0.069266965,
        "totalOtherIncomeExpensesNet": -85200000,
        "incomeBeforeTax": 515400000,
        "incomeBeforeTaxRatio": 0.059440882,
        "incomeTaxExpense": 168800000,
        "netIncome": 346600000,
        "netIncomeRatio": 0.0399732435,
        "eps": 0.78,
        "epsdiluted": 0.77,
        "weightedAverageShsOut": 442800000,
        "weightedAverageShsOutDil": 450700000,
        "link": "",
        "finalLink": ""
    },
    {
        "date": "2009-03-31",
        "symbol": "AET",
        "reportedCurrency": "USD",
        "cik": "0000000000",
        "fillingDate": "2009-03-31",
        "acceptedDate": "2009-03-30 20:00:00",
        "calendarYear": "2009",
        "period": "Q1",
        "revenue": 8614700000,
        "costOfRevenue": 6307500000,
        "grossProfit": 2307200000,
        "grossProfitRatio": 0.2678212822,
        "researchAndDevelopmentExpenses": 0,
        "generalAndAdministrativeExpenses": 1229800000,
        "sellingAndMarketingExpenses": 322500000,
        "sellingGeneralAndAdministrativeExpenses": 1552300000,
        "otherExpenses": 24500000,
        "operatingExpenses": 1576800000,
        "costAndExpenses": 7884300000,
        "interestIncome": 0,
        "interestExpense": 61500000,
        "depreciationAndAmortization": 97000000,
        "ebitda": 827400000,
        "ebitdaratio": 0.0960451322,
        "operatingIncome": 730400000,
        "operatingIncomeRatio": 0.0847853088,
        "totalOtherIncomeExpensesNet": -61500000,
        "incomeBeforeTax": 668900000,
        "incomeBeforeTaxRatio": 0.0776463487,
        "incomeTaxExpense": 231100000,
        "netIncome": 437800000,
        "netIncomeRatio": 0.0508201098,
        "eps": 0.97,
        "epsdiluted": 0.95,
        "weightedAverageShsOut": 452700000,
        "weightedAverageShsOutDil": 461600000,
        "link": "",
        "finalLink": ""
    },
    {
        "date": "2008-12-31",
        "symbol": "AET",
        "reportedCurrency": "USD",
        "cik": "0000000000",
        "fillingDate": "2008-12-31",
        "acceptedDate": "2008-12-30 19:00:00",
        "calendarYear": "2008",
        "period": "Q4",
        "revenue": 7759300000,
        "costOfRevenue": 5793700000,
        "grossProfit": 1965600000,
        "grossProfitRatio": 0.2533218203,
        "researchAndDevelopmentExpenses": 0,
        "generalAndAdministrativeExpenses": 1229900000,
        "sellingAndMarketingExpenses": 288000000,
        "sellingGeneralAndAdministrativeExpenses": 1517900000,
        "otherExpenses": 27700000,
        "operatingExpenses": 1545600000,
        "costAndExpenses": 7339300000,
        "interestIncome": 0,
        "interestExpense": 64900000,
        "depreciationAndAmortization": 98400000,
        "ebitda": 518400000,
        "ebitdaratio": 0.0668101504,
        "operatingIncome": 420000000,
        "operatingIncomeRatio": 0.0541285941,
        "totalOtherIncomeExpensesNet": -64900000,
        "incomeBeforeTax": 355100000,
        "incomeBeforeTaxRatio": 0.0457644375,
        "incomeTaxExpense": 160400000,
        "netIncome": 194700000,
        "netIncomeRatio": 0.0250924697,
        "eps": 0.43,
        "epsdiluted": 0.42,
        "weightedAverageShsOut": 452700000,
        "weightedAverageShsOutDil": 461600000,
        "link": "",
        "finalLink": ""
    },
    {
        "date": "2008-09-30",
        "symbol": "AET",
        "reportedCurrency": "USD",
        "cik": "0000000000",
        "fillingDate": "2008-09-30",
        "acceptedDate": "2008-09-29 20:00:00",
        "calendarYear": "2008",
        "period": "Q3",
        "revenue": 7624600000,
        "costOfRevenue": 5681300000,
        "grossProfit": 1943300000,
        "grossProfitRatio": 0.2548723867,
        "researchAndDevelopmentExpenses": 0,
        "generalAndAdministrativeExpenses": 1152500000,
        "sellingAndMarketingExpenses": 282200000,
        "sellingGeneralAndAdministrativeExpenses": 1434700000,
        "otherExpenses": 5706700000,
        "operatingExpenses": 7141400000,
        "costAndExpenses": 12822700000,
        "interestIncome": 0,
        "interestExpense": 60500000,
        "depreciationAndAmortization": 25400000,
        "ebitda": 508600000,
        "ebitdaratio": 0.0667051386,
        "operatingIncome": 422700000,
        "operatingIncomeRatio": 0.0554389738,
        "totalOtherIncomeExpensesNet": 0,
        "incomeBeforeTax": 422700000,
        "incomeBeforeTaxRatio": 0.0554389738,
        "incomeTaxExpense": 145400000,
        "netIncome": 277300000,
        "netIncomeRatio": 0.036369121,
        "eps": 0.57,
        "epsdiluted": 0.55,
        "weightedAverageShsOut": 487400000,
        "weightedAverageShsOutDil": 502400000,
        "link": "",
        "finalLink": ""
    },
    {
        "date": "2008-06-30",
        "symbol": "AET",
        "reportedCurrency": "USD",
        "cik": "0000000000",
        "fillingDate": "2008-06-30",
        "acceptedDate": "2008-06-29 20:00:00",
        "calendarYear": "2008",
        "period": "Q2",
        "revenue": 7828100000,
        "costOfRevenue": 5654100000,
        "grossProfit": 2174000000,
        "grossProfitRatio": 0.2777174538,
        "researchAndDevelopmentExpenses": 0,
        "generalAndAdministrativeExpenses": 1122400000,
        "sellingAndMarketingExpenses": 275600000,
        "sellingGeneralAndAdministrativeExpenses": 1398000000,
        "otherExpenses": -16500000,
        "operatingExpenses": 1381500000,
        "costAndExpenses": 7035600000,
        "interestIncome": 0,
        "interestExpense": 56600000,
        "depreciationAndAmortization": 97700000,
        "ebitda": 890200000,
        "ebitdaratio": 0.1137185268,
        "operatingIncome": 792500000,
        "operatingIncomeRatio": 0.1012378483,
        "totalOtherIncomeExpensesNet": -56600000,
        "incomeBeforeTax": 735900000,
        "incomeBeforeTaxRatio": 0.0940074859,
        "incomeTaxExpense": 255400000,
        "netIncome": 480500000,
        "netIncomeRatio": 0.0613814336,
        "eps": 1,
        "epsdiluted": 0.97,
        "weightedAverageShsOut": 480600000,
        "weightedAverageShsOutDil": 495800000,
        "link": "",
        "finalLink": ""
    },
    {
        "date": "2008-03-31",
        "symbol": "AET",
        "reportedCurrency": "USD",
        "cik": "0000000000",
        "fillingDate": "2008-03-31",
        "acceptedDate": "2008-03-30 20:00:00",
        "calendarYear": "2008",
        "period": "Q1",
        "revenue": 7738700000,
        "costOfRevenue": 0,
        "grossProfit": 7738700000,
        "grossProfitRatio": 1,
        "researchAndDevelopmentExpenses": 0,
        "generalAndAdministrativeExpenses": 1097100000,
        "sellingAndMarketingExpenses": 303800000,
        "sellingGeneralAndAdministrativeExpenses": 1400900000,
        "otherExpenses": 5622900000,
        "operatingExpenses": 7023800000,
        "costAndExpenses": 7023800000,
        "interestIncome": 0,
        "interestExpense": 54400000,
        "depreciationAndAmortization": 88200000,
        "ebitda": 803100000,
        "ebitdaratio": 0.1037771202,
        "operatingIncome": 714900000,
        "operatingIncomeRatio": 0.0923798571,
        "totalOtherIncomeExpensesNet": -54400000,
        "incomeBeforeTax": 660500000,
        "incomeBeforeTaxRatio": 0.0853502526,
        "incomeTaxExpense": 228900000,
        "netIncome": 431600000,
        "netIncomeRatio": 0.0557716412,
        "eps": 0.87,
        "epsdiluted": 0.85,
        "weightedAverageShsOut": 496091954,
        "weightedAverageShsOutDil": 507764706,
        "link": "",
        "finalLink": ""
    },
    {
        "date": "2007-12-31",
        "symbol": "AET",
        "reportedCurrency": "USD",
        "cik": "0000000000",
        "fillingDate": "2007-12-31",
        "acceptedDate": "2007-12-30 19:00:00",
        "calendarYear": "2007",
        "period": "Q4",
        "revenue": 7144400000,
        "costOfRevenue": 0,
        "grossProfit": 7144400000,
        "grossProfitRatio": 1,
        "researchAndDevelopmentExpenses": 0,
        "generalAndAdministrativeExpenses": 1088900000,
        "sellingAndMarketingExpenses": 267200000,
        "sellingGeneralAndAdministrativeExpenses": 1356100000,
        "otherExpenses": -1740900000,
        "operatingExpenses": -384800000,
        "costAndExpenses": 19158100000,
        "interestIncome": 0,
        "interestExpense": 51500000,
        "depreciationAndAmortization": 89600000,
        "ebitda": 825700000,
        "ebitdaratio": 0.1155730362,
        "operatingIncome": -12013700000,
        "operatingIncomeRatio": -1.6815547842,
        "totalOtherIncomeExpensesNet": 12698300000,
        "incomeBeforeTax": 684600000,
        "incomeBeforeTaxRatio": 0.0958233022,
        "incomeTaxExpense": 236200000,
        "netIncome": 448400000,
        "netIncomeRatio": 0.0627624433,
        "eps": 0.9,
        "epsdiluted": 0.88,
        "weightedAverageShsOut": 496091954,
        "weightedAverageShsOutDil": 507764706,
        "link": "",
        "finalLink": ""
    },
    {
        "date": "2007-09-30",
        "symbol": "AET",
        "reportedCurrency": "USD",
        "cik": "0000000000",
        "fillingDate": "2007-09-30",
        "acceptedDate": "2007-09-29 20:00:00",
        "calendarYear": "2007",
        "period": "Q3",
        "revenue": 6961300000,
        "costOfRevenue": 0,
        "grossProfit": 6961300000,
        "grossProfitRatio": 1,
        "researchAndDevelopmentExpenses": 0,
        "generalAndAdministrativeExpenses": 1004300000,
        "sellingAndMarketingExpenses": 267100000,
        "sellingGeneralAndAdministrativeExpenses": 1271400000,
        "otherExpenses": 563500000,
        "operatingExpenses": 1834900000,
        "costAndExpenses": 1834900000,
        "interestIncome": 0,
        "interestExpense": 44000000,
        "depreciationAndAmortization": 83600000,
        "ebitda": 886900000,
        "ebitdaratio": 0.1274043641,
        "operatingIncome": 803300000,
        "operatingIncomeRatio": 0.115395113,
        "totalOtherIncomeExpensesNet": -44000000,
        "incomeBeforeTax": 759300000,
        "incomeBeforeTaxRatio": 0.1090744545,
        "incomeTaxExpense": 262600000,
        "netIncome": 496700000,
        "netIncomeRatio": 0.0713516154,
        "eps": 0.98,
        "epsdiluted": 0.95,
        "weightedAverageShsOut": 506836735,
        "weightedAverageShsOutDil": 522842105,
        "link": "",
        "finalLink": ""
    },
    {
        "date": "2007-06-30",
        "symbol": "AET",
        "reportedCurrency": "USD",
        "cik": "0000000000",
        "fillingDate": "2007-06-30",
        "acceptedDate": "2007-06-29 20:00:00",
        "calendarYear": "2007",
        "period": "Q2",
        "revenue": 6793900000,
        "costOfRevenue": 0,
        "grossProfit": 6793900000,
        "grossProfitRatio": 1,
        "researchAndDevelopmentExpenses": 0,
        "generalAndAdministrativeExpenses": 957600000,
        "sellingAndMarketingExpenses": 256800000,
        "sellingGeneralAndAdministrativeExpenses": 1214400000,
        "otherExpenses": 598500000,
        "operatingExpenses": 1812900000,
        "costAndExpenses": 1812900000,
        "interestIncome": 0,
        "interestExpense": 42800000,
        "depreciationAndAmortization": 76000000,
        "ebitda": 807400000,
        "ebitdaratio": 0.1188419023,
        "operatingIncome": 731400000,
        "operatingIncomeRatio": 0.1076553968,
        "totalOtherIncomeExpensesNet": -42800000,
        "incomeBeforeTax": 688600000,
        "incomeBeforeTaxRatio": 0.1013556278,
        "incomeTaxExpense": 237300000,
        "netIncome": 451300000,
        "netIncomeRatio": 0.0664272362,
        "eps": 0.88,
        "epsdiluted": 0.85,
        "weightedAverageShsOut": 512840909,
        "weightedAverageShsOutDil": 530941176,
        "link": "",
        "finalLink": ""
    },
    {
        "date": "2007-03-31",
        "symbol": "AET",
        "reportedCurrency": "USD",
        "cik": "0000000000",
        "fillingDate": "2007-03-31",
        "acceptedDate": "2007-03-30 20:00:00",
        "calendarYear": "2007",
        "period": "Q1",
        "revenue": 6700000000,
        "costOfRevenue": 0,
        "grossProfit": 6700000000,
        "grossProfitRatio": 1,
        "researchAndDevelopmentExpenses": 0,
        "generalAndAdministrativeExpenses": 934700000,
        "sellingAndMarketingExpenses": 269800000,
        "sellingGeneralAndAdministrativeExpenses": 1204500000,
        "otherExpenses": 4789300000,
        "operatingExpenses": 5993800000,
        "costAndExpenses": 5993800000,
        "interestIncome": 0,
        "interestExpense": 42300000,
        "depreciationAndAmortization": 72300000,
        "ebitda": 778500000,
        "ebitdaratio": 0.1161940299,
        "operatingIncome": 706200000,
        "operatingIncomeRatio": 0.1054029851,
        "totalOtherIncomeExpensesNet": -42300000,
        "incomeBeforeTax": 663900000,
        "incomeBeforeTaxRatio": 0.0990895522,
        "incomeTaxExpense": 229300000,
        "netIncome": 434600000,
        "netIncomeRatio": 0.0648656716,
        "eps": 0.84,
        "epsdiluted": 0.81,
        "weightedAverageShsOut": 517380952,
        "weightedAverageShsOutDil": 536543210,
        "link": "",
        "finalLink": ""
    },
    {
        "date": "2006-12-31",
        "symbol": "AET",
        "reportedCurrency": "USD",
        "cik": "0000000000",
        "fillingDate": "2006-12-31",
        "acceptedDate": "2006-12-30 19:00:00",
        "calendarYear": "2006",
        "period": "Q4",
        "revenue": 6359500000,
        "costOfRevenue": 0,
        "grossProfit": 6359500000,
        "grossProfitRatio": 1,
        "researchAndDevelopmentExpenses": 0,
        "generalAndAdministrativeExpenses": 991600000,
        "sellingAndMarketingExpenses": 237400000,
        "sellingGeneralAndAdministrativeExpenses": 1229000000,
        "otherExpenses": 4426400000,
        "operatingExpenses": 5655400000,
        "costAndExpenses": 5655400000,
        "interestIncome": 0,
        "interestExpense": 41100000,
        "depreciationAndAmortization": 72500000,
        "ebitda": 776600000,
        "ebitdaratio": 0.1221165186,
        "operatingIncome": 704100000,
        "operatingIncomeRatio": 0.1107162513,
        "totalOtherIncomeExpensesNet": -41100000,
        "incomeBeforeTax": 663000000,
        "incomeBeforeTaxRatio": 0.104253479,
        "incomeTaxExpense": 228900000,
        "netIncome": 434100000,
        "netIncomeRatio": 0.0682600833,
        "eps": 0.84,
        "epsdiluted": 0.81,
        "weightedAverageShsOut": 517380952,
        "weightedAverageShsOutDil": 536543210,
        "link": "",
        "finalLink": ""
    },
    {
        "date": "2006-09-30",
        "symbol": "AET",
        "reportedCurrency": "USD",
        "cik": "0000000000",
        "fillingDate": "2006-09-30",
        "acceptedDate": "2006-09-29 20:00:00",
        "calendarYear": "2006",
        "period": "Q3",
        "revenue": 6299500000,
        "costOfRevenue": 0,
        "grossProfit": 6299500000,
        "grossProfitRatio": 1,
        "researchAndDevelopmentExpenses": 0,
        "generalAndAdministrativeExpenses": 925600000,
        "sellingAndMarketingExpenses": 231700000,
        "sellingGeneralAndAdministrativeExpenses": 1157300000,
        "otherExpenses": 4373500000,
        "operatingExpenses": 5530800000,
        "costAndExpenses": 5530800000,
        "interestIncome": 0,
        "interestExpense": 39900000,
        "depreciationAndAmortization": 69500000,
        "ebitda": 838200000,
        "ebitdaratio": 0.1330581792,
        "operatingIncome": 768700000,
        "operatingIncomeRatio": 0.1220255576,
        "totalOtherIncomeExpensesNet": -39900000,
        "incomeBeforeTax": 728800000,
        "incomeBeforeTaxRatio": 0.1156917216,
        "incomeTaxExpense": 252400000,
        "netIncome": 476400000,
        "netIncomeRatio": 0.0756250496,
        "eps": 0.89,
        "epsdiluted": 0.85,
        "weightedAverageShsOut": 535280899,
        "weightedAverageShsOutDil": 560470588,
        "link": "",
        "finalLink": ""
    },
    {
        "date": "2006-06-30",
        "symbol": "AET",
        "reportedCurrency": "USD",
        "cik": "0000000000",
        "fillingDate": "2006-06-30",
        "acceptedDate": "2006-06-29 20:00:00",
        "calendarYear": "2006",
        "period": "Q2",
        "revenue": 6252000000,
        "costOfRevenue": 0,
        "grossProfit": 6252000000,
        "grossProfitRatio": 1,
        "researchAndDevelopmentExpenses": 0,
        "generalAndAdministrativeExpenses": 997100000,
        "sellingAndMarketingExpenses": 240100000,
        "sellingGeneralAndAdministrativeExpenses": 1237200000,
        "otherExpenses": 4383500000,
        "operatingExpenses": 5620700000,
        "costAndExpenses": 5620700000,
        "interestIncome": 0,
        "interestExpense": 33800000,
        "depreciationAndAmortization": 63200000,
        "ebitda": 694500000,
        "ebitdaratio": 0.111084453,
        "operatingIncome": 631300000,
        "operatingIncomeRatio": 0.1009756878,
        "totalOtherIncomeExpensesNet": -33800000,
        "incomeBeforeTax": 597500000,
        "incomeBeforeTaxRatio": 0.0955694178,
        "incomeTaxExpense": 208000000,
        "netIncome": 389500000,
        "netIncomeRatio": 0.062300064,
        "eps": 0.69,
        "epsdiluted": 0.67,
        "weightedAverageShsOut": 564492754,
        "weightedAverageShsOutDil": 581343284,
        "link": "",
        "finalLink": ""
    },
    {
        "date": "2006-03-31",
        "symbol": "AET",
        "reportedCurrency": "USD",
        "cik": "0000000000",
        "fillingDate": "2006-03-31",
        "acceptedDate": "2006-03-30 19:00:00",
        "calendarYear": "2006",
        "period": "Q1",
        "revenue": 6234700000,
        "costOfRevenue": 0,
        "grossProfit": 6234700000,
        "grossProfitRatio": 1,
        "researchAndDevelopmentExpenses": 0,
        "generalAndAdministrativeExpenses": 953600000,
        "sellingAndMarketingExpenses": 243500000,
        "sellingGeneralAndAdministrativeExpenses": 1197100000,
        "otherExpenses": 4406800000,
        "operatingExpenses": 5603900000,
        "costAndExpenses": 5603900000,
        "interestIncome": 0,
        "interestExpense": 33500000,
        "depreciationAndAmortization": 65200000,
        "ebitda": 712100000,
        "ebitdaratio": 0.1142155998,
        "operatingIncome": 630800000,
        "operatingIncomeRatio": 0.1011756781,
        "totalOtherIncomeExpensesNet": -33500000,
        "incomeBeforeTax": 597300000,
        "incomeBeforeTaxRatio": 0.0958025246,
        "incomeTaxExpense": 211700000,
        "netIncome": 401700000,
        "netIncomeRatio": 0.064429724,
        "eps": 0.71,
        "epsdiluted": 0.68,
        "weightedAverageShsOut": 565774648,
        "weightedAverageShsOutDil": 590735294,
        "link": "",
        "finalLink": ""
    },
    {
        "date": "2005-12-31",
        "symbol": "AET",
        "reportedCurrency": "USD",
        "cik": "0000000000",
        "fillingDate": "2005-12-31",
        "acceptedDate": "2005-12-30 19:00:00",
        "calendarYear": "2005",
        "period": "Q4",
        "revenue": 5867400000,
        "costOfRevenue": 0,
        "grossProfit": 5867400000,
        "grossProfitRatio": 1,
        "researchAndDevelopmentExpenses": 0,
        "generalAndAdministrativeExpenses": 925400000,
        "sellingAndMarketingExpenses": 220500000,
        "sellingGeneralAndAdministrativeExpenses": 1145900000,
        "otherExpenses": 4029700000,
        "operatingExpenses": 5175600000,
        "costAndExpenses": 5175600000,
        "interestIncome": 0,
        "interestExpense": 32600000,
        "depreciationAndAmortization": 56900000,
        "ebitda": 748700000,
        "ebitdaratio": 0.1276033678,
        "operatingIncome": 691800000,
        "operatingIncomeRatio": 0.1179057163,
        "totalOtherIncomeExpensesNet": -32600000,
        "incomeBeforeTax": 659200000,
        "incomeBeforeTaxRatio": 0.1123495927,
        "incomeTaxExpense": 236200000,
        "netIncome": 423000000,
        "netIncomeRatio": 0.0720932611,
        "eps": 0.75,
        "epsdiluted": 0.72,
        "weightedAverageShsOut": 565774648,
        "weightedAverageShsOutDil": 590735294,
        "link": "",
        "finalLink": ""
    },
    {
        "date": "2005-09-30",
        "symbol": "AET",
        "reportedCurrency": "USD",
        "cik": "0000000000",
        "fillingDate": "2005-09-30",
        "acceptedDate": "2005-09-29 20:00:00",
        "calendarYear": "2005",
        "period": "Q3",
        "revenue": 5700700000,
        "costOfRevenue": 0,
        "grossProfit": 5700700000,
        "grossProfitRatio": 1,
        "researchAndDevelopmentExpenses": 0,
        "generalAndAdministrativeExpenses": 877400000,
        "sellingAndMarketingExpenses": 214100000,
        "sellingGeneralAndAdministrativeExpenses": 1091500000,
        "otherExpenses": 3988100000,
        "operatingExpenses": 5079600000,
        "costAndExpenses": 5079600000,
        "interestIncome": 0,
        "interestExpense": 32500000,
        "depreciationAndAmortization": 53600000,
        "ebitda": 674700000,
        "ebitdaratio": 0.1183538864,
        "operatingIncome": 621100000,
        "operatingIncomeRatio": 0.1089515323,
        "totalOtherIncomeExpensesNet": -32500000,
        "incomeBeforeTax": 588600000,
        "incomeBeforeTaxRatio": 0.103250478,
        "incomeTaxExpense": 210800000,
        "netIncome": 377800000,
        "netIncomeRatio": 0.066272563,
        "eps": 0.66,
        "epsdiluted": 0.63,
        "weightedAverageShsOut": 576793893,
        "weightedAverageShsOutDil": 599682540,
        "link": "",
        "finalLink": ""
    },
    {
        "date": "2005-06-30",
        "symbol": "AET",
        "reportedCurrency": "USD",
        "cik": "0000000000",
        "fillingDate": "2005-06-30",
        "acceptedDate": "2005-06-29 20:00:00",
        "calendarYear": "2005",
        "period": "Q2",
        "revenue": 5496900000,
        "costOfRevenue": 0,
        "grossProfit": 5496900000,
        "grossProfitRatio": 1,
        "researchAndDevelopmentExpenses": 0,
        "generalAndAdministrativeExpenses": 852500000,
        "sellingAndMarketingExpenses": 205900000,
        "sellingGeneralAndAdministrativeExpenses": 1058400000,
        "otherExpenses": 3770800000,
        "operatingExpenses": 4829200000,
        "costAndExpenses": 4829200000,
        "interestIncome": 0,
        "interestExpense": 30500000,
        "depreciationAndAmortization": 48800000,
        "ebitda": 716500000,
        "ebitdaratio": 0.1303461951,
        "operatingIncome": 667700000,
        "operatingIncomeRatio": 0.121468464,
        "totalOtherIncomeExpensesNet": -30500000,
        "incomeBeforeTax": 637200000,
        "incomeBeforeTaxRatio": 0.1159198821,
        "incomeTaxExpense": 227500000,
        "netIncome": 409700000,
        "netIncomeRatio": 0.0745329186,
        "eps": 0.7,
        "epsdiluted": 0.67,
        "weightedAverageShsOut": 581134752,
        "weightedAverageShsOutDil": 606962963,
        "link": "",
        "finalLink": ""
    },
    {
        "date": "2005-03-31",
        "symbol": "AET",
        "reportedCurrency": "USD",
        "cik": "0000000000",
        "fillingDate": "2005-03-31",
        "acceptedDate": "2005-03-30 19:00:00",
        "calendarYear": "2005",
        "period": "Q1",
        "revenue": 5426900000,
        "costOfRevenue": 0,
        "grossProfit": 5426900000,
        "grossProfitRatio": 1,
        "researchAndDevelopmentExpenses": 0,
        "generalAndAdministrativeExpenses": 859800000,
        "sellingAndMarketingExpenses": 203000000,
        "sellingGeneralAndAdministrativeExpenses": 1062800000,
        "otherExpenses": 3674500000,
        "operatingExpenses": 4737300000,
        "costAndExpenses": 4737300000,
        "interestIncome": 0,
        "interestExpense": 27200000,
        "depreciationAndAmortization": 45100000,
        "ebitda": 734700000,
        "ebitdaratio": 0.1353811568,
        "operatingIncome": 689600000,
        "operatingIncomeRatio": 0.1270707033,
        "totalOtherIncomeExpensesNet": -27200000,
        "incomeBeforeTax": 662400000,
        "incomeBeforeTaxRatio": 0.1220586338,
        "incomeTaxExpense": 238400000,
        "netIncome": 424000000,
        "netIncomeRatio": 0.0781293188,
        "eps": 0.73,
        "epsdiluted": 0.7,
        "weightedAverageShsOut": 584827586,
        "weightedAverageShsOutDil": 610071942,
        "link": "",
        "finalLink": ""
    },
    {
        "date": "2004-12-31",
        "symbol": "AET",
        "reportedCurrency": "USD",
        "cik": "0000000000",
        "fillingDate": "2004-12-31",
        "acceptedDate": "2004-12-30 19:00:00",
        "calendarYear": "2004",
        "period": "Q4",
        "revenue": 5168300000,
        "costOfRevenue": 0,
        "grossProfit": 5168300000,
        "grossProfitRatio": 1,
        "researchAndDevelopmentExpenses": 0,
        "generalAndAdministrativeExpenses": 887200000,
        "sellingAndMarketingExpenses": 188900000,
        "sellingGeneralAndAdministrativeExpenses": 1076100000,
        "otherExpenses": 3595200000,
        "operatingExpenses": 4671300000,
        "costAndExpenses": 4671300000,
        "interestIncome": 0,
        "interestExpense": 28100000,
        "depreciationAndAmortization": 42000000,
        "ebitda": 539000000,
        "ebitdaratio": 0.1042896117,
        "operatingIncome": 497000000,
        "operatingIncomeRatio": 0.0961631484,
        "totalOtherIncomeExpensesNet": -28100000,
        "incomeBeforeTax": 468900000,
        "incomeBeforeTaxRatio": 0.0907261575,
        "incomeTaxExpense": 168200000,
        "netIncome": 300700000,
        "netIncomeRatio": 0.0581816071,
        "eps": 0.51,
        "epsdiluted": 0.49,
        "weightedAverageShsOut": 584827586,
        "weightedAverageShsOutDil": 610071942,
        "link": "",
        "finalLink": ""
    },
    {
        "date": "2004-09-30",
        "symbol": "AET",
        "reportedCurrency": "USD",
        "cik": "0000000000",
        "fillingDate": "2004-09-30",
        "acceptedDate": "2004-09-29 20:00:00",
        "calendarYear": "2004",
        "period": "Q3",
        "revenue": 5039500000,
        "costOfRevenue": 0,
        "grossProfit": 5039500000,
        "grossProfitRatio": 1,
        "researchAndDevelopmentExpenses": 0,
        "generalAndAdministrativeExpenses": 811700000,
        "sellingAndMarketingExpenses": 178000000,
        "sellingGeneralAndAdministrativeExpenses": 989700000,
        "otherExpenses": 3552200000,
        "operatingExpenses": 4541900000,
        "costAndExpenses": 4541900000,
        "interestIncome": 0,
        "interestExpense": 25900000,
        "depreciationAndAmortization": 43200000,
        "ebitda": 1530800000,
        "ebitdaratio": 0.3037602937,
        "operatingIncome": 497600000,
        "operatingIncomeRatio": 0.0987399544,
        "totalOtherIncomeExpensesNet": -25900000,
        "incomeBeforeTax": 471700000,
        "incomeBeforeTaxRatio": 0.0936005556,
        "incomeTaxExpense": 169400000,
        "netIncome": 1292300000,
        "netIncomeRatio": 0.2564341701,
        "eps": 2.14,
        "epsdiluted": 2.05,
        "weightedAverageShsOut": 604584795,
        "weightedAverageShsOutDil": 629622412,
        "link": "",
        "finalLink": ""
    },
    {
        "date": "2004-06-30",
        "symbol": "AET",
        "reportedCurrency": "USD",
        "cik": "0000000000",
        "fillingDate": "2004-06-30",
        "acceptedDate": "2004-06-29 20:00:00",
        "calendarYear": "2004",
        "period": "Q2",
        "revenue": 4875000000,
        "costOfRevenue": 0,
        "grossProfit": 4875000000,
        "grossProfitRatio": 1,
        "researchAndDevelopmentExpenses": 0,
        "generalAndAdministrativeExpenses": 809800000,
        "sellingAndMarketingExpenses": 169500000,
        "sellingGeneralAndAdministrativeExpenses": 979300000,
        "otherExpenses": 3422800000,
        "operatingExpenses": 4402100000,
        "costAndExpenses": 4402100000,
        "interestIncome": 0,
        "interestExpense": 25200000,
        "depreciationAndAmortization": 49200000,
        "ebitda": 522100000,
        "ebitdaratio": 0.1070974359,
        "operatingIncome": 472900000,
        "operatingIncomeRatio": 0.0970051282,
        "totalOtherIncomeExpensesNet": -25200000,
        "incomeBeforeTax": 447700000,
        "incomeBeforeTaxRatio": 0.0918358974,
        "incomeTaxExpense": 161400000,
        "netIncome": 286300000,
        "netIncomeRatio": 0.0587282051,
        "eps": 0.47,
        "epsdiluted": 0.45,
        "weightedAverageShsOut": 612406417,
        "weightedAverageShsOutDil": 639776536,
        "link": "",
        "finalLink": ""
    },
    {
        "date": "2004-03-31",
        "symbol": "AET",
        "reportedCurrency": "USD",
        "cik": "0000000000",
        "fillingDate": "2004-03-31",
        "acceptedDate": "2004-03-30 19:00:00",
        "calendarYear": "2004",
        "period": "Q1",
        "revenue": 4821300000,
        "costOfRevenue": 0,
        "grossProfit": 4821300000,
        "grossProfitRatio": 1,
        "researchAndDevelopmentExpenses": 0,
        "generalAndAdministrativeExpenses": 820100000,
        "sellingAndMarketingExpenses": 163600000,
        "sellingGeneralAndAdministrativeExpenses": 983700000,
        "otherExpenses": 3301500000,
        "operatingExpenses": 4285200000,
        "costAndExpenses": 4285200000,
        "interestIncome": 0,
        "interestExpense": 25500000,
        "depreciationAndAmortization": 47800000,
        "ebitda": 623900000,
        "ebitdaratio": 0.1294049323,
        "operatingIncome": 536100000,
        "operatingIncomeRatio": 0.1111940763,
        "totalOtherIncomeExpensesNet": -25500000,
        "incomeBeforeTax": 510600000,
        "incomeBeforeTaxRatio": 0.1059050464,
        "incomeTaxExpense": 184800000,
        "netIncome": 365800000,
        "netIncomeRatio": 0.0758716529,
        "eps": 0.59,
        "epsdiluted": 0.57,
        "weightedAverageShsOut": 614789916,
        "weightedAverageShsOutDil": 641754386,
        "link": "",
        "finalLink": ""
    },
    {
        "date": "2003-12-31",
        "symbol": "AET",
        "reportedCurrency": "USD",
        "cik": "0000000000",
        "fillingDate": "2003-12-31",
        "acceptedDate": "2003-12-30 19:00:00",
        "calendarYear": "2003",
        "period": "Q4",
        "revenue": 4574800000,
        "costOfRevenue": 0,
        "grossProfit": 4574800000,
        "grossProfitRatio": 1,
        "researchAndDevelopmentExpenses": 0,
        "generalAndAdministrativeExpenses": 539200000,
        "sellingAndMarketingExpenses": 0,
        "sellingGeneralAndAdministrativeExpenses": 539200000,
        "otherExpenses": 3638300000,
        "operatingExpenses": 4177500000,
        "costAndExpenses": 4177500000,
        "interestIncome": 0,
        "interestExpense": 25900000,
        "depreciationAndAmortization": 51400000,
        "ebitda": 448700000,
        "ebitdaratio": 0.0980807904,
        "operatingIncome": 397300000,
        "operatingIncomeRatio": 0.0868453266,
        "totalOtherIncomeExpensesNet": -25900000,
        "incomeBeforeTax": 371400000,
        "incomeBeforeTaxRatio": 0.0811838769,
        "incomeTaxExpense": 121900000,
        "netIncome": 249500000,
        "netIncomeRatio": 0.0545379033,
        "eps": 0.41,
        "epsdiluted": 0.39,
        "weightedAverageShsOut": 614789916,
        "weightedAverageShsOutDil": 641754386,
        "link": "",
        "finalLink": ""
    },
    {
        "date": "2003-09-30",
        "symbol": "AET",
        "reportedCurrency": "USD",
        "cik": "0000000000",
        "fillingDate": "2003-09-30",
        "acceptedDate": "2003-09-29 20:00:00",
        "calendarYear": "2003",
        "period": "Q3",
        "revenue": 4469100000,
        "costOfRevenue": 0,
        "grossProfit": 4469100000,
        "grossProfitRatio": 1,
        "researchAndDevelopmentExpenses": 0,
        "generalAndAdministrativeExpenses": 532500000,
        "sellingAndMarketingExpenses": 0,
        "sellingGeneralAndAdministrativeExpenses": 532500000,
        "otherExpenses": 3576200000,
        "operatingExpenses": 4108700000,
        "costAndExpenses": 4108700000,
        "interestIncome": 0,
        "interestExpense": 25600000,
        "depreciationAndAmortization": 48000000,
        "ebitda": 408400000,
        "ebitdaratio": 0.0913830525,
        "operatingIncome": 360400000,
        "operatingIncomeRatio": 0.080642635,
        "totalOtherIncomeExpensesNet": -25600000,
        "incomeBeforeTax": 334800000,
        "incomeBeforeTaxRatio": 0.0749144123,
        "incomeTaxExpense": 118900000,
        "netIncome": 215900000,
        "netIncomeRatio": 0.048309503,
        "eps": 0.35,
        "epsdiluted": 0.34,
        "weightedAverageShsOut": 612482270,
        "weightedAverageShsOutDil": 639703704,
        "link": "",
        "finalLink": ""
    },
    {
        "date": "2003-06-30",
        "symbol": "AET",
        "reportedCurrency": "USD",
        "cik": "0000000000",
        "fillingDate": "2003-06-30",
        "acceptedDate": "2003-06-29 20:00:00",
        "calendarYear": "2003",
        "period": "Q2",
        "revenue": 4466000000,
        "costOfRevenue": 0,
        "grossProfit": 4466000000,
        "grossProfitRatio": 1,
        "researchAndDevelopmentExpenses": 0,
        "generalAndAdministrativeExpenses": 542800000,
        "sellingAndMarketingExpenses": 0,
        "sellingGeneralAndAdministrativeExpenses": 542800000,
        "otherExpenses": 3674300000,
        "operatingExpenses": 4217100000,
        "costAndExpenses": 4217100000,
        "interestIncome": 0,
        "interestExpense": 25500000,
        "depreciationAndAmortization": 45600000,
        "ebitda": 294500000,
        "ebitdaratio": 0.065942678,
        "operatingIncome": 248900000,
        "operatingIncomeRatio": 0.0557321988,
        "totalOtherIncomeExpensesNet": -25500000,
        "incomeBeforeTax": 223400000,
        "incomeBeforeTaxRatio": 0.0500223914,
        "incomeTaxExpense": 85000000,
        "netIncome": 138400000,
        "netIncomeRatio": 0.0309897,
        "eps": 0.23,
        "epsdiluted": 0.22,
        "weightedAverageShsOut": 615111111,
        "weightedAverageShsOutDil": 636321839,
        "link": "",
        "finalLink": ""
    },
    {
        "date": "2003-03-31",
        "symbol": "AET",
        "reportedCurrency": "USD",
        "cik": "0000000000",
        "fillingDate": "2003-03-31",
        "acceptedDate": "2003-03-30 19:00:00",
        "calendarYear": "2003",
        "period": "Q1",
        "revenue": 4466500000,
        "costOfRevenue": 0,
        "grossProfit": 4466500000,
        "grossProfitRatio": 1,
        "researchAndDevelopmentExpenses": 0,
        "generalAndAdministrativeExpenses": 564600000,
        "sellingAndMarketingExpenses": 0,
        "sellingGeneralAndAdministrativeExpenses": 564600000,
        "otherExpenses": 3364000000,
        "operatingExpenses": 3928600000,
        "costAndExpenses": 3928600000,
        "interestIncome": 0,
        "interestExpense": 25900000,
        "depreciationAndAmortization": 54600000,
        "ebitda": 592500000,
        "ebitdaratio": 0.1326542035,
        "operatingIncome": 537900000,
        "operatingIncomeRatio": 0.1204298668,
        "totalOtherIncomeExpensesNet": -25900000,
        "incomeBeforeTax": 512000000,
        "incomeBeforeTaxRatio": 0.114631143,
        "incomeTaxExpense": 182000000,
        "netIncome": 330000000,
        "netIncomeRatio": 0.0738833539,
        "eps": 0.55,
        "epsdiluted": 0.53,
        "weightedAverageShsOut": 602739726,
        "weightedAverageShsOutDil": 622641509,
        "link": "",
        "finalLink": ""
    },
    {
        "date": "2002-12-31",
        "symbol": "AET",
        "reportedCurrency": "USD",
        "cik": "0000000000",
        "fillingDate": "2002-12-31",
        "acceptedDate": "2002-12-30 19:00:00",
        "calendarYear": "2002",
        "period": "Q4",
        "revenue": 4717700000,
        "costOfRevenue": 0,
        "grossProfit": 4717700000,
        "grossProfitRatio": 1,
        "researchAndDevelopmentExpenses": 0,
        "generalAndAdministrativeExpenses": 558700000,
        "sellingAndMarketingExpenses": 0,
        "sellingGeneralAndAdministrativeExpenses": 558700000,
        "otherExpenses": 3831800000,
        "operatingExpenses": 4390500000,
        "costAndExpenses": 4390500000,
        "interestIncome": 0,
        "interestExpense": 30500000,
        "depreciationAndAmortization": 57400000,
        "ebitda": 231900000,
        "ebitdaratio": 0.0491553087,
        "operatingIncome": 174500000,
        "operatingIncomeRatio": 0.036988363,
        "totalOtherIncomeExpensesNet": -30500000,
        "incomeBeforeTax": 144000000,
        "incomeBeforeTaxRatio": 0.0305233482,
        "incomeTaxExpense": 45800000,
        "netIncome": 98200000,
        "netIncomeRatio": 0.0208152278,
        "eps": 0.16,
        "epsdiluted": 0.16,
        "weightedAverageShsOut": 602739726,
        "weightedAverageShsOutDil": 622641509,
        "link": "",
        "finalLink": ""
    },
    {
        "date": "2002-09-30",
        "symbol": "AET",
        "reportedCurrency": "USD",
        "cik": "0000000000",
        "fillingDate": "2002-09-30",
        "acceptedDate": "2002-09-29 20:00:00",
        "calendarYear": "2002",
        "period": "Q3",
        "revenue": 4832100000,
        "costOfRevenue": 0,
        "grossProfit": 4832100000,
        "grossProfitRatio": 1,
        "researchAndDevelopmentExpenses": 0,
        "generalAndAdministrativeExpenses": 575900000,
        "sellingAndMarketingExpenses": 0,
        "sellingGeneralAndAdministrativeExpenses": 575900000,
        "otherExpenses": 4084200000,
        "operatingExpenses": 4660100000,
        "costAndExpenses": 4660100000,
        "interestIncome": 0,
        "interestExpense": 28500000,
        "depreciationAndAmortization": 64200000,
        "ebitda": 236200000,
        "ebitdaratio": 0.0488814387,
        "operatingIncome": 172000000,
        "operatingIncomeRatio": 0.0355952898,
        "totalOtherIncomeExpensesNet": -28500000,
        "incomeBeforeTax": 143500000,
        "incomeBeforeTaxRatio": 0.0296972331,
        "incomeTaxExpense": 44700000,
        "netIncome": 98800000,
        "netIncomeRatio": 0.0204465967,
        "eps": 0.16,
        "epsdiluted": 0.16,
        "weightedAverageShsOut": 598787879,
        "weightedAverageShsOutDil": 617500000,
        "link": "",
        "finalLink": ""
    },
    {
        "date": "2002-06-30",
        "symbol": "AET",
        "reportedCurrency": "USD",
        "cik": "0000000000",
        "fillingDate": "2002-06-30",
        "acceptedDate": "2002-06-29 20:00:00",
        "calendarYear": "2002",
        "period": "Q2",
        "revenue": 5064200000,
        "costOfRevenue": 0,
        "grossProfit": 5064200000,
        "grossProfitRatio": 1,
        "researchAndDevelopmentExpenses": 0,
        "generalAndAdministrativeExpenses": 553200000,
        "sellingAndMarketingExpenses": 0,
        "sellingGeneralAndAdministrativeExpenses": 553200000,
        "otherExpenses": 4320200000,
        "operatingExpenses": 4873400000,
        "costAndExpenses": 4873400000,
        "interestIncome": 0,
        "interestExpense": 31200000,
        "depreciationAndAmortization": 89100000,
        "ebitda": 279900000,
        "ebitdaratio": 0.055270329,
        "operatingIncome": 190800000,
        "operatingIncomeRatio": 0.0376762371,
        "totalOtherIncomeExpensesNet": -31200000,
        "incomeBeforeTax": 159600000,
        "incomeBeforeTaxRatio": 0.031515343,
        "incomeTaxExpense": 51400000,
        "netIncome": 108200000,
        "netIncomeRatio": 0.0213656649,
        "eps": 0.18,
        "epsdiluted": 0.18,
        "weightedAverageShsOut": 592876712,
        "weightedAverageShsOutDil": 618285714,
        "link": "",
        "finalLink": ""
    },
    {
        "date": "2002-03-31",
        "symbol": "AET",
        "reportedCurrency": "USD",
        "cik": "0000000000",
        "fillingDate": "2002-03-31",
        "acceptedDate": "2002-03-30 19:00:00",
        "calendarYear": "2002",
        "period": "Q1",
        "revenue": 5264700000,
        "costOfRevenue": 0,
        "grossProfit": 5264700000,
        "grossProfitRatio": 1,
        "researchAndDevelopmentExpenses": 0,
        "generalAndAdministrativeExpenses": 557400000,
        "sellingAndMarketingExpenses": 0,
        "sellingGeneralAndAdministrativeExpenses": 557400000,
        "otherExpenses": 4580300000,
        "operatingExpenses": 5137700000,
        "costAndExpenses": 5137700000,
        "interestIncome": 0,
        "interestExpense": 29300000,
        "depreciationAndAmortization": 90800000,
        "ebitda": -2697900000,
        "ebitdaratio": -0.5124508519,
        "operatingIncome": 127000000,
        "operatingIncomeRatio": 0.024122932,
        "totalOtherIncomeExpensesNet": -29300000,
        "incomeBeforeTax": 97700000,
        "incomeBeforeTaxRatio": 0.0185575626,
        "incomeTaxExpense": 9700000,
        "netIncome": -2827700000,
        "netIncomeRatio": -0.5371056281,
        "eps": -4.87,
        "epsdiluted": -4.75,
        "weightedAverageShsOut": 580041026,
        "weightedAverageShsOutDil": 595305263,
        "link": "",
        "finalLink": ""
    },
    {
        "date": "2001-12-31",
        "symbol": "AET",
        "reportedCurrency": "USD",
        "cik": "0000000000",
        "fillingDate": "2001-12-31",
        "acceptedDate": "2001-12-30 19:00:00",
        "calendarYear": "2001",
        "period": "Q4",
        "revenue": 6039800000,
        "costOfRevenue": 0,
        "grossProfit": 6039800000,
        "grossProfitRatio": 1,
        "researchAndDevelopmentExpenses": 0,
        "generalAndAdministrativeExpenses": 549100000,
        "sellingAndMarketingExpenses": 0,
        "sellingGeneralAndAdministrativeExpenses": 549100000,
        "otherExpenses": 5569100000,
        "operatingExpenses": 6118200000,
        "costAndExpenses": 6118200000,
        "interestIncome": 0,
        "interestExpense": 40900000,
        "depreciationAndAmortization": 142000000,
        "ebitda": -117500000,
        "ebitdaratio": -0.0194542866,
        "operatingIncome": 200900000,
        "operatingIncomeRatio": 0.0332626908,
        "totalOtherIncomeExpensesNet": -512700000,
        "incomeBeforeTax": -311800000,
        "incomeBeforeTaxRatio": -0.051624226,
        "incomeTaxExpense": -112800000,
        "netIncome": -187600000,
        "netIncomeRatio": -0.0310606311,
        "eps": -0.32,
        "epsdiluted": -0.32,
        "weightedAverageShsOut": 580041026,
        "weightedAverageShsOutDil": 595305263,
        "link": "",
        "finalLink": ""
    },
    {
        "date": "2001-09-30",
        "symbol": "AET",
        "reportedCurrency": "USD",
        "cik": "0000000000",
        "fillingDate": "2001-09-30",
        "acceptedDate": "2001-09-29 20:00:00",
        "calendarYear": "2001",
        "period": "Q3",
        "revenue": 6185900000,
        "costOfRevenue": 0,
        "grossProfit": 6185900000,
        "grossProfitRatio": 1,
        "researchAndDevelopmentExpenses": 0,
        "generalAndAdministrativeExpenses": 555600000,
        "sellingAndMarketingExpenses": 0,
        "sellingGeneralAndAdministrativeExpenses": 555600000,
        "otherExpenses": 5654300000,
        "operatingExpenses": 6209900000,
        "costAndExpenses": 6209900000,
        "interestIncome": 0,
        "interestExpense": 38000000,
        "depreciationAndAmortization": 143900000,
        "ebitda": 119900000,
        "ebitdaratio": 0.0193827899,
        "operatingIncome": 24000000,
        "operatingIncomeRatio": 0.0038797911,
        "totalOtherIncomeExpensesNet": -86000000,
        "incomeBeforeTax": -62000000,
        "incomeBeforeTaxRatio": -0.0100227938,
        "incomeTaxExpense": -7600000,
        "netIncome": -54400000,
        "netIncomeRatio": -0.0087941932,
        "eps": -0.095,
        "epsdiluted": -0.095,
        "weightedAverageShsOut": 572631579,
        "weightedAverageShsOutDil": 572631579,
        "link": "",
        "finalLink": ""
    },
    {
        "date": "2001-06-30",
        "symbol": "AET",
        "reportedCurrency": "USD",
        "cik": "0000000000",
        "fillingDate": "2001-06-30",
        "acceptedDate": "2001-06-29 20:00:00",
        "calendarYear": "2001",
        "period": "Q2",
        "revenue": 6536400000,
        "costOfRevenue": 0,
        "grossProfit": 6536400000,
        "grossProfitRatio": 1,
        "researchAndDevelopmentExpenses": 0,
        "generalAndAdministrativeExpenses": 564700000,
        "sellingAndMarketingExpenses": 0,
        "sellingGeneralAndAdministrativeExpenses": 564700000,
        "otherExpenses": 5989000000,
        "operatingExpenses": 6553700000,
        "costAndExpenses": 6553700000,
        "interestIncome": 0,
        "interestExpense": 33600000,
        "depreciationAndAmortization": 148900000,
        "ebitda": 226100000,
        "ebitdaratio": 0.0345909063,
        "operatingIncome": 77200000,
        "operatingIncomeRatio": 0.0118107827,
        "totalOtherIncomeExpensesNet": -33600000,
        "incomeBeforeTax": 43600000,
        "incomeBeforeTaxRatio": 0.0066703384,
        "incomeTaxExpense": 33000000,
        "netIncome": 10600000,
        "netIncomeRatio": 0.0016216878,
        "eps": 0.0175,
        "epsdiluted": 0.0175,
        "weightedAverageShsOut": 605714286,
        "weightedAverageShsOutDil": 605714286,
        "link": "",
        "finalLink": ""
    },
    {
        "date": "2001-03-31",
        "symbol": "AET",
        "reportedCurrency": "USD",
        "cik": "0000000000",
        "fillingDate": "2001-03-31",
        "acceptedDate": "2001-03-30 19:00:00",
        "calendarYear": "2001",
        "period": "Q1",
        "revenue": 6428700000,
        "costOfRevenue": 0,
        "grossProfit": 6428700000,
        "grossProfitRatio": 1,
        "researchAndDevelopmentExpenses": 0,
        "generalAndAdministrativeExpenses": 621000000,
        "sellingAndMarketingExpenses": 0,
        "sellingGeneralAndAdministrativeExpenses": 621000000,
        "otherExpenses": 5825900000,
        "operatingExpenses": 6446900000,
        "costAndExpenses": 6446900000,
        "interestIncome": 0,
        "interestExpense": 30300000,
        "depreciationAndAmortization": 162800000,
        "ebitda": 145100000,
        "ebitdaratio": 0.0225706597,
        "operatingIncome": 18200000,
        "operatingIncomeRatio": 0.0028310545,
        "totalOtherIncomeExpensesNet": -66700000,
        "incomeBeforeTax": -48500000,
        "incomeBeforeTaxRatio": -0.0075442936,
        "incomeTaxExpense": 200000,
        "netIncome": -48200000,
        "netIncomeRatio": -0.0074976278,
        "eps": -0.085,
        "epsdiluted": -0.085,
        "weightedAverageShsOut": 567058824,
        "weightedAverageShsOutDil": 567058824,
        "link": "",
        "finalLink": ""
    },
    {
        "date": "2000-12-31",
        "symbol": "AET",
        "reportedCurrency": "USD",
        "cik": "0000000000",
        "fillingDate": "2000-12-31",
        "acceptedDate": "2000-12-30 19:00:00",
        "calendarYear": "2000",
        "period": "Q4",
        "revenue": 2650000000,
        "costOfRevenue": 0,
        "grossProfit": 2650000000,
        "grossProfitRatio": 1,
        "researchAndDevelopmentExpenses": 0,
        "generalAndAdministrativeExpenses": -2100000000,
        "sellingAndMarketingExpenses": 0,
        "sellingGeneralAndAdministrativeExpenses": -2100000000,
        "otherExpenses": 47188800000,
        "operatingExpenses": 45088800000,
        "costAndExpenses": 45088800000,
        "interestIncome": 0,
        "interestExpense": 17800000,
        "depreciationAndAmortization": 109900000,
        "ebitda": -526800000,
        "ebitdaratio": -0.1987924528,
        "operatingIncome": -42438800000,
        "operatingIncomeRatio": -16.0146415094,
        "totalOtherIncomeExpensesNet": 41529800000,
        "incomeBeforeTax": -909000000,
        "incomeBeforeTaxRatio": -0.3430188679,
        "incomeTaxExpense": -248400000,
        "netIncome": -406100000,
        "netIncomeRatio": -0.153245283,
        "eps": -0.72,
        "epsdiluted": -0.72,
        "weightedAverageShsOut": 567058824,
        "weightedAverageShsOutDil": 567058824,
        "link": "",
        "finalLink": ""
    },
    {
        "date": "2000-09-30",
        "symbol": "AET",
        "reportedCurrency": "USD",
        "cik": "0000000000",
        "fillingDate": "2000-09-30",
        "acceptedDate": "2000-09-29 20:00:00",
        "calendarYear": "2000",
        "period": "Q3",
        "revenue": 8132000000,
        "costOfRevenue": 0,
        "grossProfit": 8132000000,
        "grossProfitRatio": 1,
        "researchAndDevelopmentExpenses": 0,
        "generalAndAdministrativeExpenses": 1506600000,
        "sellingAndMarketingExpenses": 0,
        "sellingGeneralAndAdministrativeExpenses": 1506600000,
        "otherExpenses": -7780900000,
        "operatingExpenses": -6274300000,
        "costAndExpenses": -6274300000,
        "interestIncome": 0,
        "interestExpense": 79700000,
        "depreciationAndAmortization": 190200000,
        "ebitda": 541300000,
        "ebitdaratio": 0.0665641909,
        "operatingIncome": 14406300000,
        "operatingIncomeRatio": 1.7715568126,
        "totalOtherIncomeExpensesNet": -14134900000,
        "incomeBeforeTax": 271400000,
        "incomeBeforeTaxRatio": 0.0333743237,
        "incomeTaxExpense": 94000000,
        "netIncome": 177400000,
        "netIncomeRatio": 0.0218150516,
        "eps": 0.31,
        "epsdiluted": 0.31,
        "weightedAverageShsOut": 564800000,
        "weightedAverageShsOutDil": 572400000,
        "link": "",
        "finalLink": ""
    },
    {
        "date": "2000-06-30",
        "symbol": "AET",
        "reportedCurrency": "USD",
        "cik": "0000000000",
        "fillingDate": "2000-06-30",
        "acceptedDate": "2000-06-29 20:00:00",
        "calendarYear": "2000",
        "period": "Q2",
        "revenue": 8146600000,
        "costOfRevenue": 0,
        "grossProfit": 8146600000,
        "grossProfitRatio": 1,
        "researchAndDevelopmentExpenses": 0,
        "generalAndAdministrativeExpenses": 711700000,
        "sellingAndMarketingExpenses": 0,
        "sellingGeneralAndAdministrativeExpenses": 711700000,
        "otherExpenses": -7921700000,
        "operatingExpenses": -7210000000,
        "costAndExpenses": -7210000000,
        "interestIncome": 0,
        "interestExpense": 68000000,
        "depreciationAndAmortization": 140900000,
        "ebitda": 511800000,
        "ebitdaratio": 0.0628237547,
        "operatingIncome": 15356600000,
        "operatingIncomeRatio": 1.8850317924,
        "totalOtherIncomeExpensesNet": -15053700000,
        "incomeBeforeTax": 302900000,
        "incomeBeforeTaxRatio": 0.0371811553,
        "incomeTaxExpense": 116500000,
        "netIncome": 186400000,
        "netIncomeRatio": 0.022880711,
        "eps": 0.33,
        "epsdiluted": 0.33,
        "weightedAverageShsOut": 564000000,
        "weightedAverageShsOutDil": 572800000,
        "link": "",
        "finalLink": ""
    },
    {
        "date": "2000-03-31",
        "symbol": "AET",
        "reportedCurrency": "USD",
        "cik": "0000000000",
        "fillingDate": "2000-03-31",
        "acceptedDate": "2000-03-30 19:00:00",
        "calendarYear": "2000",
        "period": "Q1",
        "revenue": 7890300000,
        "costOfRevenue": 0,
        "grossProfit": 7890300000,
        "grossProfitRatio": 1,
        "researchAndDevelopmentExpenses": 0,
        "generalAndAdministrativeExpenses": 665300000,
        "sellingAndMarketingExpenses": 0,
        "sellingGeneralAndAdministrativeExpenses": 665300000,
        "otherExpenses": -7511900000,
        "operatingExpenses": -6846600000,
        "costAndExpenses": -6846600000,
        "interestIncome": 0,
        "interestExpense": 82700000,
        "depreciationAndAmortization": 146900000,
        "ebitda": 525300000,
        "ebitdaratio": 0.0665754154,
        "operatingIncome": 14736900000,
        "operatingIncomeRatio": 1.8677236607,
        "totalOtherIncomeExpensesNet": -14441200000,
        "incomeBeforeTax": 295700000,
        "incomeBeforeTaxRatio": 0.0374763951,
        "incomeTaxExpense": 126300000,
        "netIncome": 169400000,
        "netIncomeRatio": 0.0214693991,
        "eps": 0.3,
        "epsdiluted": 0.3,
        "weightedAverageShsOut": 563589976,
        "weightedAverageShsOutDil": 563589976,
        "link": "",
        "finalLink": ""
    },
    {
        "date": "1999-12-31",
        "symbol": "AET",
        "reportedCurrency": "USD",
        "cik": "0000000000",
        "fillingDate": "1999-12-31",
        "acceptedDate": "1999-12-30 19:00:00",
        "calendarYear": "1999",
        "period": "Q4",
        "revenue": 7779700000,
        "costOfRevenue": 0,
        "grossProfit": 7779700000,
        "grossProfitRatio": 1,
        "researchAndDevelopmentExpenses": 0,
        "generalAndAdministrativeExpenses": 774700000,
        "sellingAndMarketingExpenses": 0,
        "sellingGeneralAndAdministrativeExpenses": 774700000,
        "otherExpenses": -7489900000,
        "operatingExpenses": -6715200000,
        "costAndExpenses": -6715200000,
        "interestIncome": 0,
        "interestExpense": 78200000,
        "depreciationAndAmortization": -23900000,
        "ebitda": 265900000,
        "ebitdaratio": 0.0341786958,
        "operatingIncome": 14494900000,
        "operatingIncomeRatio": 1.863169531,
        "totalOtherIncomeExpensesNet": -14283300000,
        "incomeBeforeTax": 211600000,
        "incomeBeforeTaxRatio": 0.0271989922,
        "incomeTaxExpense": 66600000,
        "netIncome": 145000000,
        "netIncomeRatio": 0.0186382508,
        "eps": 0.26,
        "epsdiluted": 0.26,
        "weightedAverageShsOut": 563589976,
        "weightedAverageShsOutDil": 563589976,
        "link": "",
        "finalLink": ""
    },
    {
        "date": "1999-09-30",
        "symbol": "AET",
        "reportedCurrency": "USD",
        "cik": "0000000000",
        "fillingDate": "1999-09-30",
        "acceptedDate": "1999-09-29 20:00:00",
        "calendarYear": "1999",
        "period": "Q3",
        "revenue": 7017600000,
        "costOfRevenue": 0,
        "grossProfit": 7017600000,
        "grossProfitRatio": 1,
        "researchAndDevelopmentExpenses": 0,
        "generalAndAdministrativeExpenses": 497000000,
        "sellingAndMarketingExpenses": 0,
        "sellingGeneralAndAdministrativeExpenses": 497000000,
        "otherExpenses": -6604200000,
        "operatingExpenses": -6107200000,
        "costAndExpenses": -6107200000,
        "interestIncome": 0,
        "interestExpense": 72400000,
        "depreciationAndAmortization": 289200000,
        "ebitda": 702600000,
        "ebitdaratio": 0.100119699,
        "operatingIncome": 13124800000,
        "operatingIncomeRatio": 1.8702690378,
        "totalOtherIncomeExpensesNet": -12783800000,
        "incomeBeforeTax": 341000000,
        "incomeBeforeTaxRatio": 0.0485921113,
        "incomeTaxExpense": 175700000,
        "netIncome": 165300000,
        "netIncomeRatio": 0.0235550616,
        "eps": 0.27,
        "epsdiluted": 0.27,
        "weightedAverageShsOut": 612222222,
        "weightedAverageShsOutDil": 612222222,
        "link": "",
        "finalLink": ""
    },
    {
        "date": "1999-06-30",
        "symbol": "AET",
        "reportedCurrency": "USD",
        "cik": "0000000000",
        "fillingDate": "1999-06-30",
        "acceptedDate": "1999-06-29 20:00:00",
        "calendarYear": "1999",
        "period": "Q2",
        "revenue": 5949400000,
        "costOfRevenue": 0,
        "grossProfit": 5949400000,
        "grossProfitRatio": 1,
        "researchAndDevelopmentExpenses": 0,
        "generalAndAdministrativeExpenses": 0,
        "sellingAndMarketingExpenses": 0,
        "sellingGeneralAndAdministrativeExpenses": 0,
        "otherExpenses": -5590900000,
        "operatingExpenses": -5590900000,
        "costAndExpenses": -5590900000,
        "interestIncome": 0,
        "interestExpense": 64100000,
        "depreciationAndAmortization": 109100000,
        "ebitda": 544800000,
        "ebitdaratio": 0.0915722594,
        "operatingIncome": 11540300000,
        "operatingIncomeRatio": 1.9397418227,
        "totalOtherIncomeExpensesNet": -11168700000,
        "incomeBeforeTax": 371600000,
        "incomeBeforeTaxRatio": 0.06246008,
        "incomeTaxExpense": 144400000,
        "netIncome": 227200000,
        "netIncomeRatio": 0.0381887249,
        "eps": 0.38,
        "epsdiluted": 0.37,
        "weightedAverageShsOut": 597894737,
        "weightedAverageShsOutDil": 605866667,
        "link": "",
        "finalLink": ""
    },
    {
        "date": "1999-03-31",
        "symbol": "AET",
        "reportedCurrency": "USD",
        "cik": "0000000000",
        "fillingDate": "1999-03-31",
        "acceptedDate": "1999-03-30 19:00:00",
        "calendarYear": "1999",
        "period": "Q1",
        "revenue": 5696100000,
        "costOfRevenue": 0,
        "grossProfit": 5696100000,
        "grossProfitRatio": 1,
        "researchAndDevelopmentExpenses": 0,
        "generalAndAdministrativeExpenses": 0,
        "sellingAndMarketingExpenses": 0,
        "sellingGeneralAndAdministrativeExpenses": 0,
        "otherExpenses": -5331500000,
        "operatingExpenses": -5331500000,
        "costAndExpenses": -5331500000,
        "interestIncome": 0,
        "interestExpense": 64600000,
        "depreciationAndAmortization": 108600000,
        "ebitda": 473200000,
        "ebitdaratio": 0.0830743842,
        "operatingIncome": 11027600000,
        "operatingIncomeRatio": 1.9359912923,
        "totalOtherIncomeExpensesNet": -10727600000,
        "incomeBeforeTax": 300000000,
        "incomeBeforeTaxRatio": 0.0526676147,
        "incomeTaxExpense": 120600000,
        "netIncome": 179400000,
        "netIncomeRatio": 0.0314952336,
        "eps": 0.29,
        "epsdiluted": 0.29,
        "weightedAverageShsOut": 618620690,
        "weightedAverageShsOutDil": 618620690,
        "link": "",
        "finalLink": ""
    },
    {
        "date": "1998-12-31",
        "symbol": "AET",
        "reportedCurrency": "USD",
        "cik": "0000000000",
        "fillingDate": "1998-12-31",
        "acceptedDate": "1998-12-30 19:00:00",
        "calendarYear": "1998",
        "period": "Q4",
        "revenue": 5703300000,
        "costOfRevenue": 0,
        "grossProfit": 5703300000,
        "grossProfitRatio": 1,
        "researchAndDevelopmentExpenses": 0,
        "generalAndAdministrativeExpenses": 0,
        "sellingAndMarketingExpenses": 0,
        "sellingGeneralAndAdministrativeExpenses": 0,
        "otherExpenses": -5286900000,
        "operatingExpenses": -5286900000,
        "costAndExpenses": -5286900000,
        "interestIncome": 0,
        "interestExpense": 70400000,
        "depreciationAndAmortization": 93100000,
        "ebitda": 509500000,
        "ebitdaratio": 0.0893342451,
        "operatingIncome": 10990200000,
        "operatingIncomeRatio": 1.9269896376,
        "totalOtherIncomeExpensesNet": -10644200000,
        "incomeBeforeTax": 346000000,
        "incomeBeforeTaxRatio": 0.0606666316,
        "incomeTaxExpense": 143500000,
        "netIncome": 202500000,
        "netIncomeRatio": 0.0355057598,
        "eps": 0.33,
        "epsdiluted": 0.33,
        "weightedAverageShsOut": 618620690,
        "weightedAverageShsOutDil": 618620690,
        "link": "",
        "finalLink": ""
    },
    {
        "date": "1998-09-30",
        "symbol": "AET",
        "reportedCurrency": "USD",
        "cik": "0000000000",
        "fillingDate": "1998-09-30",
        "acceptedDate": "1998-09-29 20:00:00",
        "calendarYear": "1998",
        "period": "Q3",
        "revenue": 5439200000,
        "costOfRevenue": 0,
        "grossProfit": 5439200000,
        "grossProfitRatio": 1,
        "researchAndDevelopmentExpenses": 0,
        "generalAndAdministrativeExpenses": 0,
        "sellingAndMarketingExpenses": 0,
        "sellingGeneralAndAdministrativeExpenses": 0,
        "otherExpenses": -5089800000,
        "operatingExpenses": -5089800000,
        "costAndExpenses": -5089800000,
        "interestIncome": 0,
        "interestExpense": 67100000,
        "depreciationAndAmortization": 46000000,
        "ebitda": 463400000,
        "ebitdaratio": 0.0851963524,
        "operatingIncome": 10529000000,
        "operatingIncomeRatio": 1.9357626121,
        "totalOtherIncomeExpensesNet": -10178700000,
        "incomeBeforeTax": 350300000,
        "incomeBeforeTaxRatio": 0.0644028534,
        "incomeTaxExpense": 137900000,
        "netIncome": 212400000,
        "netIncomeRatio": 0.0390498603,
        "eps": 0.34,
        "epsdiluted": 0.34,
        "weightedAverageShsOut": 615652174,
        "weightedAverageShsOutDil": 624705882,
        "link": "",
        "finalLink": ""
    },
    {
        "date": "1998-06-30",
        "symbol": "AET",
        "reportedCurrency": "USD",
        "cik": "0000000000",
        "fillingDate": "1998-06-30",
        "acceptedDate": "1998-06-29 20:00:00",
        "calendarYear": "1998",
        "period": "Q2",
        "revenue": 4828100000,
        "costOfRevenue": 0,
        "grossProfit": 4828100000,
        "grossProfitRatio": 1,
        "researchAndDevelopmentExpenses": 0,
        "generalAndAdministrativeExpenses": 0,
        "sellingAndMarketingExpenses": 0,
        "sellingGeneralAndAdministrativeExpenses": 0,
        "otherExpenses": -4338800000,
        "operatingExpenses": -4338800000,
        "costAndExpenses": -4338800000,
        "interestIncome": 0,
        "interestExpense": 56500000,
        "depreciationAndAmortization": 225100000,
        "ebitda": 714400000,
        "ebitdaratio": 0.1479671092,
        "operatingIncome": 9166900000,
        "operatingIncomeRatio": 1.8986557859,
        "totalOtherIncomeExpensesNet": -8734100000,
        "incomeBeforeTax": 432800000,
        "incomeBeforeTaxRatio": 0.0896418881,
        "incomeTaxExpense": 167100000,
        "netIncome": 265700000,
        "netIncomeRatio": 0.0550320002,
        "eps": 0.43,
        "epsdiluted": 0.42,
        "weightedAverageShsOut": 614335260,
        "weightedAverageShsOutDil": 628875740,
        "link": "",
        "finalLink": ""
    },
    {
        "date": "1998-03-31",
        "symbol": "AET",
        "reportedCurrency": "USD",
        "cik": "0000000000",
        "fillingDate": "1998-03-31",
        "acceptedDate": "1998-03-30 19:00:00",
        "calendarYear": "1998",
        "period": "Q1",
        "revenue": 4633500000,
        "costOfRevenue": 0,
        "grossProfit": 4633500000,
        "grossProfitRatio": 1,
        "researchAndDevelopmentExpenses": 0,
        "generalAndAdministrativeExpenses": 0,
        "sellingAndMarketingExpenses": 0,
        "sellingGeneralAndAdministrativeExpenses": 0,
        "otherExpenses": -4297400000,
        "operatingExpenses": -4297400000,
        "costAndExpenses": -4297400000,
        "interestIncome": 0,
        "interestExpense": 56900000,
        "depreciationAndAmortization": 87200000,
        "ebitda": 423300000,
        "ebitdaratio": 0.091356426,
        "operatingIncome": 8930900000,
        "operatingIncomeRatio": 1.9274630409,
        "totalOtherIncomeExpensesNet": -8651700000,
        "incomeBeforeTax": 279200000,
        "incomeBeforeTaxRatio": 0.0602568253,
        "incomeTaxExpense": 111700000,
        "netIncome": 167500000,
        "netIncomeRatio": 0.0361497788,
        "eps": 0.26,
        "epsdiluted": 0.26,
        "weightedAverageShsOut": 644230769,
        "weightedAverageShsOutDil": 644230769,
        "link": "",
        "finalLink": ""
    },
    {
        "date": "1997-12-31",
        "symbol": "AET",
        "reportedCurrency": "USD",
        "cik": "0000000000",
        "fillingDate": "1997-12-31",
        "acceptedDate": "1997-12-30 19:00:00",
        "calendarYear": "1997",
        "period": "Q4",
        "revenue": 4792900000,
        "costOfRevenue": 0,
        "grossProfit": 4792900000,
        "grossProfitRatio": 1,
        "researchAndDevelopmentExpenses": 0,
        "generalAndAdministrativeExpenses": 0,
        "sellingAndMarketingExpenses": 0,
        "sellingGeneralAndAdministrativeExpenses": 0,
        "otherExpenses": -4292200000,
        "operatingExpenses": -4292200000,
        "costAndExpenses": -4292200000,
        "interestIncome": 0,
        "interestExpense": 58700000,
        "depreciationAndAmortization": 93600000,
        "ebitda": 594200000,
        "ebitdaratio": 0.1239750464,
        "operatingIncome": 9085100000,
        "operatingIncomeRatio": 1.8955329759,
        "totalOtherIncomeExpensesNet": -8643200000,
        "incomeBeforeTax": 441900000,
        "incomeBeforeTaxRatio": 0.0921988775,
        "incomeTaxExpense": 168100000,
        "netIncome": 273800000,
        "netIncomeRatio": 0.0571261658,
        "eps": 0.43,
        "epsdiluted": 0.43,
        "weightedAverageShsOut": 644230769,
        "weightedAverageShsOutDil": 644230769,
        "link": "",
        "finalLink": ""
    },
    {
        "date": "1997-09-30",
        "symbol": "AET",
        "reportedCurrency": "USD",
        "cik": "0000000000",
        "fillingDate": "1997-09-30",
        "acceptedDate": "1997-09-29 20:00:00",
        "calendarYear": "1997",
        "period": "Q3",
        "revenue": 4632300000,
        "costOfRevenue": 0,
        "grossProfit": 4632300000,
        "grossProfitRatio": 1,
        "researchAndDevelopmentExpenses": 0,
        "generalAndAdministrativeExpenses": 0,
        "sellingAndMarketingExpenses": 0,
        "sellingGeneralAndAdministrativeExpenses": 0,
        "otherExpenses": -4360800000,
        "operatingExpenses": -4360800000,
        "costAndExpenses": -4360800000,
        "interestIncome": 0,
        "interestExpense": 60300000,
        "depreciationAndAmortization": 93100000,
        "ebitda": 364600000,
        "ebitdaratio": 0.0787082011,
        "operatingIncome": 8993100000,
        "operatingIncomeRatio": 1.9413898064,
        "totalOtherIncomeExpensesNet": -8781900000,
        "incomeBeforeTax": 211200000,
        "incomeBeforeTaxRatio": 0.045592902,
        "incomeTaxExpense": 93400000,
        "netIncome": 117800000,
        "netIncomeRatio": 0.0254301319,
        "eps": 0.18,
        "epsdiluted": 0.17,
        "weightedAverageShsOut": 663661972,
        "weightedAverageShsOutDil": 682898551,
        "link": "",
        "finalLink": ""
    },
    {
        "date": "1997-06-30",
        "symbol": "AET",
        "reportedCurrency": "USD",
        "cik": "0000000000",
        "fillingDate": "1997-06-30",
        "acceptedDate": "1997-06-29 20:00:00",
        "calendarYear": "1997",
        "period": "Q2",
        "revenue": 4628300000,
        "costOfRevenue": 0,
        "grossProfit": 4628300000,
        "grossProfitRatio": 1,
        "researchAndDevelopmentExpenses": 0,
        "generalAndAdministrativeExpenses": 0,
        "sellingAndMarketingExpenses": 0,
        "sellingGeneralAndAdministrativeExpenses": 0,
        "otherExpenses": -4197400000,
        "operatingExpenses": -4197400000,
        "costAndExpenses": -4197400000,
        "interestIncome": 0,
        "interestExpense": 60800000,
        "depreciationAndAmortization": 81400000,
        "ebitda": 512300000,
        "ebitdaratio": 0.1106885898,
        "operatingIncome": 8825700000,
        "operatingIncomeRatio": 1.9068988614,
        "totalOtherIncomeExpensesNet": -8455600000,
        "incomeBeforeTax": 370100000,
        "incomeBeforeTaxRatio": 0.0799645658,
        "incomeTaxExpense": 140000000,
        "netIncome": 230100000,
        "netIncomeRatio": 0.0497158784,
        "eps": 0.36,
        "epsdiluted": 0.36,
        "weightedAverageShsOut": 639166667,
        "weightedAverageShsOutDil": 639166667,
        "link": "",
        "finalLink": ""
    },
    {
        "date": "1997-03-31",
        "symbol": "AET",
        "reportedCurrency": "USD",
        "cik": "0000000000",
        "fillingDate": "1997-03-31",
        "acceptedDate": "1997-03-30 19:00:00",
        "calendarYear": "1997",
        "period": "Q1",
        "revenue": 4486700000,
        "costOfRevenue": 0,
        "grossProfit": 4486700000,
        "grossProfitRatio": 1,
        "researchAndDevelopmentExpenses": 0,
        "generalAndAdministrativeExpenses": 0,
        "sellingAndMarketingExpenses": 0,
        "sellingGeneralAndAdministrativeExpenses": 0,
        "otherExpenses": -3942800000,
        "operatingExpenses": -3942800000,
        "costAndExpenses": -3942800000,
        "interestIncome": 0,
        "interestExpense": 56000000,
        "depreciationAndAmortization": 106100000,
        "ebitda": 650000000,
        "ebitdaratio": 0.1448726235,
        "operatingIncome": 8429500000,
        "operatingIncomeRatio": 1.8787750462,
        "totalOtherIncomeExpensesNet": -7941600000,
        "incomeBeforeTax": 487900000,
        "incomeBeforeTaxRatio": 0.10874362,
        "incomeTaxExpense": 208600000,
        "netIncome": 279300000,
        "netIncomeRatio": 0.0622506519,
        "eps": 0.44,
        "epsdiluted": 0.43,
        "weightedAverageShsOut": 631186441,
        "weightedAverageShsOutDil": 653333333,
        "link": "",
        "finalLink": ""
    },
    {
        "date": "1996-12-31",
        "symbol": "AET",
        "reportedCurrency": "USD",
        "cik": "0000000000",
        "fillingDate": "1996-12-31",
        "acceptedDate": "1996-12-30 19:00:00",
        "calendarYear": "1996",
        "period": "Q4",
        "revenue": 4543400000,
        "costOfRevenue": 0,
        "grossProfit": 4543400000,
        "grossProfitRatio": 1,
        "researchAndDevelopmentExpenses": 0,
        "generalAndAdministrativeExpenses": 0,
        "sellingAndMarketingExpenses": 0,
        "sellingGeneralAndAdministrativeExpenses": 0,
        "otherExpenses": -4524000000,
        "operatingExpenses": -4524000000,
        "costAndExpenses": -4524000000,
        "interestIncome": 0,
        "interestExpense": 0,
        "depreciationAndAmortization": 227900000,
        "ebitda": 79000000,
        "ebitdaratio": 0.0173878593,
        "operatingIncome": 9067400000,
        "operatingIncomeRatio": 1.99573007,
        "totalOtherIncomeExpensesNet": -9216300000,
        "incomeBeforeTax": -148900000,
        "incomeBeforeTaxRatio": -0.0327728133,
        "incomeTaxExpense": -41800000,
        "netIncome": -107100000,
        "netIncomeRatio": -0.0235726548,
        "eps": -0.17,
        "epsdiluted": -0.16,
        "weightedAverageShsOut": 631186441,
        "weightedAverageShsOutDil": 653333333,
        "link": "",
        "finalLink": ""
    },
    {
        "date": "1996-09-30",
        "symbol": "AET",
        "reportedCurrency": "USD",
        "cik": "0000000000",
        "fillingDate": "1996-09-30",
        "acceptedDate": "1996-09-29 20:00:00",
        "calendarYear": "1996",
        "period": "Q3",
        "revenue": 4152300000,
        "costOfRevenue": 0,
        "grossProfit": 4152300000,
        "grossProfitRatio": 1,
        "researchAndDevelopmentExpenses": 0,
        "generalAndAdministrativeExpenses": 0,
        "sellingAndMarketingExpenses": 0,
        "sellingGeneralAndAdministrativeExpenses": 0,
        "otherExpenses": -3946900000,
        "operatingExpenses": -3946900000,
        "costAndExpenses": -3946900000,
        "interestIncome": 0,
        "interestExpense": 0,
        "depreciationAndAmortization": 81100000,
        "ebitda": 286500000,
        "ebitdaratio": 0.0689979048,
        "operatingIncome": 8099200000,
        "operatingIncomeRatio": 1.9505334393,
        "totalOtherIncomeExpensesNet": -7893800000,
        "incomeBeforeTax": 205400000,
        "incomeBeforeTaxRatio": 0.0494665607,
        "incomeTaxExpense": 83000000,
        "netIncome": 122400000,
        "netIncomeRatio": 0.0294776389,
        "eps": 0.19,
        "epsdiluted": 0.19,
        "weightedAverageShsOut": 635844156,
        "weightedAverageShsOutDil": 635844156,
        "link": "",
        "finalLink": ""
    },
    {
        "date": "1996-06-30",
        "symbol": "AET",
        "reportedCurrency": "USD",
        "cik": "0000000000",
        "fillingDate": "1996-06-30",
        "acceptedDate": "1996-06-29 20:00:00",
        "calendarYear": "1996",
        "period": "Q2",
        "revenue": 3157100000,
        "costOfRevenue": 0,
        "grossProfit": 3157100000,
        "grossProfitRatio": 1,
        "researchAndDevelopmentExpenses": 0,
        "generalAndAdministrativeExpenses": 0,
        "sellingAndMarketingExpenses": 0,
        "sellingGeneralAndAdministrativeExpenses": 0,
        "otherExpenses": -3121200000,
        "operatingExpenses": -3121200000,
        "costAndExpenses": -3121200000,
        "interestIncome": 0,
        "interestExpense": 0,
        "depreciationAndAmortization": 6900000,
        "ebitda": 306500000,
        "ebitdaratio": 0.0970827658,
        "operatingIncome": 6278300000,
        "operatingIncomeRatio": 1.9886288049,
        "totalOtherIncomeExpensesNet": -6242400000,
        "incomeBeforeTax": 35900000,
        "incomeBeforeTaxRatio": 0.0113711951,
        "incomeTaxExpense": 11600000,
        "netIncome": 288000000,
        "netIncomeRatio": 0.0912229578,
        "eps": 0.63,
        "epsdiluted": 0.62,
        "weightedAverageShsOut": 460800000,
        "weightedAverageShsOutDil": 464516129,
        "link": "",
        "finalLink": ""
    },
    {
        "date": "1996-03-31",
        "symbol": "AET",
        "reportedCurrency": "USD",
        "cik": "0000000000",
        "fillingDate": "1996-03-31",
        "acceptedDate": "1996-03-30 19:00:00",
        "calendarYear": "1996",
        "period": "Q1",
        "revenue": 3310400000,
        "costOfRevenue": 0,
        "grossProfit": 3310400000,
        "grossProfitRatio": 1,
        "researchAndDevelopmentExpenses": 0,
        "generalAndAdministrativeExpenses": 0,
        "sellingAndMarketingExpenses": 0,
        "sellingGeneralAndAdministrativeExpenses": 0,
        "otherExpenses": -3064100000,
        "operatingExpenses": -3064100000,
        "costAndExpenses": -3064100000,
        "interestIncome": 0,
        "interestExpense": 0,
        "depreciationAndAmortization": 23000000,
        "ebitda": 451500000,
        "ebitdaratio": 0.1363883519,
        "operatingIncome": 6374500000,
        "operatingIncomeRatio": 1.925598115,
        "totalOtherIncomeExpensesNet": -6128200000,
        "incomeBeforeTax": 246300000,
        "incomeBeforeTaxRatio": 0.074401885,
        "incomeTaxExpense": 80800000,
        "netIncome": 347700000,
        "netIncomeRatio": 0.1050326245,
        "eps": 0.76,
        "epsdiluted": 0.75,
        "weightedAverageShsOut": 459009901,
        "weightedAverageShsOutDil": 463600000,
        "link": "",
        "finalLink": ""
    },
    {
        "date": "1995-12-31",
        "symbol": "AET",
        "reportedCurrency": "USD",
        "cik": "0000000000",
        "fillingDate": "1995-12-31",
        "acceptedDate": "1995-12-30 19:00:00",
        "calendarYear": "1995",
        "period": "Q4",
        "revenue": -422800000,
        "costOfRevenue": 0,
        "grossProfit": -422800000,
        "grossProfitRatio": 1,
        "researchAndDevelopmentExpenses": 0,
        "generalAndAdministrativeExpenses": 0,
        "sellingAndMarketingExpenses": 0,
        "sellingGeneralAndAdministrativeExpenses": 0,
        "otherExpenses": 1071600000,
        "operatingExpenses": 1071600000,
        "costAndExpenses": 1071600000,
        "interestIncome": 0,
        "interestExpense": 0,
        "depreciationAndAmortization": -11200000,
        "ebitda": 415400000,
        "ebitdaratio": -0.9824976348,
        "operatingIncome": -1494400000,
        "operatingIncomeRatio": 3.5345316935,
        "totalOtherIncomeExpensesNet": 2143200000,
        "incomeBeforeTax": 648800000,
        "incomeBeforeTaxRatio": -1.5345316935,
        "incomeTaxExpense": 250900000,
        "netIncome": 175700000,
        "netIncomeRatio": -0.4155629139,
        "eps": 0.38,
        "epsdiluted": 0.38,
        "weightedAverageShsOut": 459009901,
        "weightedAverageShsOutDil": 463600000,
        "link": "",
        "finalLink": ""
    },
    {
        "date": "1995-09-30",
        "symbol": "AET",
        "reportedCurrency": "USD",
        "cik": "0000000000",
        "fillingDate": "1995-09-30",
        "acceptedDate": "1995-09-29 20:00:00",
        "calendarYear": "1995",
        "period": "Q3",
        "revenue": 4469200000,
        "costOfRevenue": 0,
        "grossProfit": 4469200000,
        "grossProfitRatio": 1,
        "researchAndDevelopmentExpenses": 0,
        "generalAndAdministrativeExpenses": 0,
        "sellingAndMarketingExpenses": 0,
        "sellingGeneralAndAdministrativeExpenses": 0,
        "otherExpenses": -4152800000,
        "operatingExpenses": -4152800000,
        "costAndExpenses": -4152800000,
        "interestIncome": 0,
        "interestExpense": 0,
        "depreciationAndAmortization": 39700000,
        "ebitda": 356100000,
        "ebitdaratio": 0.0796786897,
        "operatingIncome": 8622000000,
        "operatingIncomeRatio": 1.9292043319,
        "totalOtherIncomeExpensesNet": -8305600000,
        "incomeBeforeTax": 316400000,
        "incomeBeforeTaxRatio": 0.0707956681,
        "incomeTaxExpense": 104300000,
        "netIncome": 212100000,
        "netIncomeRatio": 0.0474581581,
        "eps": 0.46,
        "epsdiluted": 0.46,
        "weightedAverageShsOut": 458594595,
        "weightedAverageShsOutDil": 458594595,
        "link": "",
        "finalLink": ""
    },
    {
        "date": "1995-06-30",
        "symbol": "AET",
        "reportedCurrency": "USD",
        "cik": "0000000000",
        "fillingDate": "1995-06-30",
        "acceptedDate": "1995-06-29 20:00:00",
        "calendarYear": "1995",
        "period": "Q2",
        "revenue": 4447100000,
        "costOfRevenue": 0,
        "grossProfit": 4447100000,
        "grossProfitRatio": 1,
        "researchAndDevelopmentExpenses": 0,
        "generalAndAdministrativeExpenses": 0,
        "sellingAndMarketingExpenses": 0,
        "sellingGeneralAndAdministrativeExpenses": 0,
        "otherExpenses": -4926000000,
        "operatingExpenses": -4926000000,
        "costAndExpenses": -4926000000,
        "interestIncome": 0,
        "interestExpense": 0,
        "depreciationAndAmortization": 500000,
        "ebitda": -478400000,
        "ebitdaratio": -0.1075757235,
        "operatingIncome": 9373100000,
        "operatingIncomeRatio": 2.1076881563,
        "totalOtherIncomeExpensesNet": -9852000000,
        "incomeBeforeTax": -478900000,
        "incomeBeforeTaxRatio": -0.1076881563,
        "incomeTaxExpense": -182000000,
        "netIncome": -296900000,
        "netIncomeRatio": -0.0667626093,
        "eps": -0.65,
        "epsdiluted": -0.65,
        "weightedAverageShsOut": 453282443,
        "weightedAverageShsOutDil": 453282443,
        "link": "",
        "finalLink": ""
    },
    {
        "date": "1995-03-31",
        "symbol": "AET",
        "reportedCurrency": "USD",
        "cik": "0000000000",
        "fillingDate": "1995-03-31",
        "acceptedDate": "1995-03-30 19:00:00",
        "calendarYear": "1995",
        "period": "Q1",
        "revenue": 4484500000,
        "costOfRevenue": 0,
        "grossProfit": 4484500000,
        "grossProfitRatio": 1,
        "researchAndDevelopmentExpenses": 0,
        "generalAndAdministrativeExpenses": 0,
        "sellingAndMarketingExpenses": 0,
        "sellingGeneralAndAdministrativeExpenses": 0,
        "otherExpenses": -4244600000,
        "operatingExpenses": -4244600000,
        "costAndExpenses": -4244600000,
        "interestIncome": 0,
        "interestExpense": 0,
        "depreciationAndAmortization": 23100000,
        "ebitda": 263000000,
        "ebitdaratio": 0.0586464489,
        "operatingIncome": 8729100000,
        "operatingIncomeRatio": 1.946504627,
        "totalOtherIncomeExpensesNet": -8489200000,
        "incomeBeforeTax": 239900000,
        "incomeBeforeTaxRatio": 0.053495373,
        "incomeTaxExpense": 79100000,
        "netIncome": 160800000,
        "netIncomeRatio": 0.0358568402,
        "eps": 0.36,
        "epsdiluted": 0.36,
        "weightedAverageShsOut": 452957746,
        "weightedAverageShsOutDil": 452957746,
        "link": "",
        "finalLink": ""
    },
    {
        "date": "1994-12-31",
        "symbol": "AET",
        "reportedCurrency": "USD",
        "cik": "0000000000",
        "fillingDate": "1994-12-31",
        "acceptedDate": "1994-12-30 19:00:00",
        "calendarYear": "1994",
        "period": "Q4",
        "revenue": 4421000000,
        "costOfRevenue": 0,
        "grossProfit": 4421000000,
        "grossProfitRatio": 1,
        "researchAndDevelopmentExpenses": 0,
        "generalAndAdministrativeExpenses": 0,
        "sellingAndMarketingExpenses": 0,
        "sellingGeneralAndAdministrativeExpenses": 0,
        "otherExpenses": -4185200000,
        "operatingExpenses": -4185200000,
        "costAndExpenses": -4185200000,
        "interestIncome": 0,
        "interestExpense": 0,
        "depreciationAndAmortization": 22100000,
        "ebitda": 257900000,
        "ebitdaratio": 0.0583352183,
        "operatingIncome": 8606200000,
        "operatingIncomeRatio": 1.9466636508,
        "totalOtherIncomeExpensesNet": -8370400000,
        "incomeBeforeTax": 235800000,
        "incomeBeforeTaxRatio": 0.0533363492,
        "incomeTaxExpense": 75800000,
        "netIncome": 160000000,
        "netIncomeRatio": 0.036190907,
        "eps": 0.35,
        "epsdiluted": 0.35,
        "weightedAverageShsOut": 452957746,
        "weightedAverageShsOutDil": 452957746,
        "link": "",
        "finalLink": ""
    },
    {
        "date": "1994-09-30",
        "symbol": "AET",
        "reportedCurrency": "USD",
        "cik": "0000000000",
        "fillingDate": "1994-09-30",
        "acceptedDate": "1994-09-29 20:00:00",
        "calendarYear": "1994",
        "period": "Q3",
        "revenue": 4385100000,
        "costOfRevenue": 0,
        "grossProfit": 4385100000,
        "grossProfitRatio": 1,
        "researchAndDevelopmentExpenses": 0,
        "generalAndAdministrativeExpenses": 0,
        "sellingAndMarketingExpenses": 0,
        "sellingGeneralAndAdministrativeExpenses": 0,
        "otherExpenses": -4207200000,
        "operatingExpenses": -4207200000,
        "costAndExpenses": -4207200000,
        "interestIncome": 0,
        "interestExpense": 0,
        "depreciationAndAmortization": -17700000,
        "ebitda": 160200000,
        "ebitdaratio": 0.0365328043,
        "operatingIncome": 8592300000,
        "operatingIncomeRatio": 1.9594307998,
        "totalOtherIncomeExpensesNet": -8414400000,
        "incomeBeforeTax": 177900000,
        "incomeBeforeTaxRatio": 0.0405692002,
        "incomeTaxExpense": 48500000,
        "netIncome": 129400000,
        "netIncomeRatio": 0.0295090192,
        "eps": 0.28,
        "epsdiluted": 0.28,
        "weightedAverageShsOut": 454035088,
        "weightedAverageShsOutDil": 454035088,
        "link": "",
        "finalLink": ""
    },
    {
        "date": "1994-06-30",
        "symbol": "AET",
        "reportedCurrency": "USD",
        "cik": "0000000000",
        "fillingDate": "1994-06-30",
        "acceptedDate": "1994-06-29 20:00:00",
        "calendarYear": "1994",
        "period": "Q2",
        "revenue": 4405000000,
        "costOfRevenue": 0,
        "grossProfit": 4405000000,
        "grossProfitRatio": 1,
        "researchAndDevelopmentExpenses": 0,
        "generalAndAdministrativeExpenses": 0,
        "sellingAndMarketingExpenses": 0,
        "sellingGeneralAndAdministrativeExpenses": 0,
        "otherExpenses": -4216800000,
        "operatingExpenses": -4216800000,
        "costAndExpenses": -4216800000,
        "interestIncome": 0,
        "interestExpense": 0,
        "depreciationAndAmortization": 47400000,
        "ebitda": 235600000,
        "ebitdaratio": 0.0534846765,
        "operatingIncome": 8621800000,
        "operatingIncomeRatio": 1.9572758229,
        "totalOtherIncomeExpensesNet": -8433600000,
        "incomeBeforeTax": 188200000,
        "incomeBeforeTaxRatio": 0.0427241771,
        "incomeTaxExpense": 55800000,
        "netIncome": 132400000,
        "netIncomeRatio": 0.0300567537,
        "eps": 0.29,
        "epsdiluted": 0.29,
        "weightedAverageShsOut": 456551724,
        "weightedAverageShsOutDil": 456551724,
        "link": "",
        "finalLink": ""
    },
    {
        "date": "1994-03-31",
        "symbol": "AET",
        "reportedCurrency": "USD",
        "cik": "0000000000",
        "fillingDate": "1994-03-31",
        "acceptedDate": "1994-03-30 19:00:00",
        "calendarYear": "1994",
        "period": "Q1",
        "revenue": 4313600000,
        "costOfRevenue": 0,
        "grossProfit": 4313600000,
        "grossProfitRatio": 1,
        "researchAndDevelopmentExpenses": 0,
        "generalAndAdministrativeExpenses": 0,
        "sellingAndMarketingExpenses": 0,
        "sellingGeneralAndAdministrativeExpenses": 0,
        "otherExpenses": -4257200000,
        "operatingExpenses": -4257200000,
        "costAndExpenses": -4257200000,
        "interestIncome": 0,
        "interestExpense": 0,
        "depreciationAndAmortization": 46900000,
        "ebitda": 103300000,
        "ebitdaratio": 0.0239475148,
        "operatingIncome": 8570800000,
        "operatingIncomeRatio": 1.9869250742,
        "totalOtherIncomeExpensesNet": -8514400000,
        "incomeBeforeTax": 56400000,
        "incomeBeforeTaxRatio": 0.0130749258,
        "incomeTaxExpense": 10700000,
        "netIncome": 45700000,
        "netIncomeRatio": 0.0105943991,
        "eps": 0.0975,
        "epsdiluted": 0.0975,
        "weightedAverageShsOut": 468717949,
        "weightedAverageShsOutDil": 468717949,
        "link": "",
        "finalLink": ""
    },
    {
        "date": "1993-12-31",
        "symbol": "AET",
        "reportedCurrency": "USD",
        "cik": "0000000000",
        "fillingDate": "1993-12-31",
        "acceptedDate": "1993-12-30 19:00:00",
        "calendarYear": "1993",
        "period": "Q4",
        "revenue": 4194200000,
        "costOfRevenue": 0,
        "grossProfit": 4194200000,
        "grossProfitRatio": 1,
        "researchAndDevelopmentExpenses": 0,
        "generalAndAdministrativeExpenses": 0,
        "sellingAndMarketingExpenses": 0,
        "sellingGeneralAndAdministrativeExpenses": 0,
        "otherExpenses": -5969200000,
        "operatingExpenses": -5969200000,
        "costAndExpenses": -5969200000,
        "interestIncome": 0,
        "interestExpense": 0,
        "depreciationAndAmortization": 47400000,
        "ebitda": -1526800000,
        "ebitdaratio": -0.3640265128,
        "operatingIncome": 10163400000,
        "operatingIncomeRatio": 2.4232034715,
        "totalOtherIncomeExpensesNet": -11938400000,
        "incomeBeforeTax": -1775000000,
        "incomeBeforeTaxRatio": -0.4232034715,
        "incomeTaxExpense": -644000000,
        "netIncome": -930200000,
        "netIncomeRatio": -0.2217824615,
        "eps": -1.98,
        "epsdiluted": -1.98,
        "weightedAverageShsOut": 468717949,
        "weightedAverageShsOutDil": 468717949,
        "link": "",
        "finalLink": ""
    },
    {
        "date": "1993-09-30",
        "symbol": "AET",
        "reportedCurrency": "USD",
        "cik": "0000000000",
        "fillingDate": "1993-09-30",
        "acceptedDate": "1993-09-29 20:00:00",
        "calendarYear": "1993",
        "period": "Q3",
        "revenue": 4302900000,
        "costOfRevenue": 0,
        "grossProfit": 4302900000,
        "grossProfitRatio": 1,
        "researchAndDevelopmentExpenses": 0,
        "generalAndAdministrativeExpenses": 0,
        "sellingAndMarketingExpenses": 0,
        "sellingGeneralAndAdministrativeExpenses": 0,
        "otherExpenses": -4017700000,
        "operatingExpenses": -4017700000,
        "costAndExpenses": -4017700000,
        "interestIncome": 0,
        "interestExpense": 0,
        "depreciationAndAmortization": 49200000,
        "ebitda": 334400000,
        "ebitdaratio": 0.0777150294,
        "operatingIncome": 8320600000,
        "operatingIncomeRatio": 1.9337191197,
        "totalOtherIncomeExpensesNet": -8035400000,
        "incomeBeforeTax": 285200000,
        "incomeBeforeTaxRatio": 0.0662808803,
        "incomeTaxExpense": 59600000,
        "netIncome": 225600000,
        "netIncomeRatio": 0.0524297567,
        "eps": 0.51,
        "epsdiluted": 0.51,
        "weightedAverageShsOut": 444532020,
        "weightedAverageShsOutDil": 444532020,
        "link": "",
        "finalLink": ""
    },
    {
        "date": "1993-06-30",
        "symbol": "AET",
        "reportedCurrency": "USD",
        "cik": "0000000000",
        "fillingDate": "1993-06-30",
        "acceptedDate": "1993-06-29 20:00:00",
        "calendarYear": "1993",
        "period": "Q2",
        "revenue": 4326500000,
        "costOfRevenue": 0,
        "grossProfit": 4326500000,
        "grossProfitRatio": 1,
        "researchAndDevelopmentExpenses": 0,
        "generalAndAdministrativeExpenses": 0,
        "sellingAndMarketingExpenses": 0,
        "sellingGeneralAndAdministrativeExpenses": 0,
        "otherExpenses": -4175400000,
        "operatingExpenses": -4175400000,
        "costAndExpenses": -4175400000,
        "interestIncome": 0,
        "interestExpense": 0,
        "depreciationAndAmortization": 49500000,
        "ebitda": 195900000,
        "ebitdaratio": 0.045279094,
        "operatingIncome": 8501900000,
        "operatingIncomeRatio": 1.9650756963,
        "totalOtherIncomeExpensesNet": -8350800000,
        "incomeBeforeTax": 151100000,
        "incomeBeforeTaxRatio": 0.0349243037,
        "incomeTaxExpense": 300000,
        "netIncome": 146100000,
        "netIncomeRatio": 0.0337686352,
        "eps": 0.33,
        "epsdiluted": 0.33,
        "weightedAverageShsOut": 442727273,
        "weightedAverageShsOutDil": 442727273,
        "link": "",
        "finalLink": ""
    },
    {
        "date": "1993-03-31",
        "symbol": "AET",
        "reportedCurrency": "USD",
        "cik": "0000000000",
        "fillingDate": "1993-03-31",
        "acceptedDate": "1993-03-30 19:00:00",
        "calendarYear": "1993",
        "period": "Q1",
        "revenue": 4294100000,
        "costOfRevenue": 0,
        "grossProfit": 4294100000,
        "grossProfitRatio": 1,
        "researchAndDevelopmentExpenses": 0,
        "generalAndAdministrativeExpenses": 0,
        "sellingAndMarketingExpenses": 0,
        "sellingGeneralAndAdministrativeExpenses": 0,
        "otherExpenses": -4102800000,
        "operatingExpenses": -4102800000,
        "costAndExpenses": -4102800000,
        "interestIncome": 0,
        "interestExpense": 0,
        "depreciationAndAmortization": 53300000,
        "ebitda": 271600000,
        "ebitdaratio": 0.063249575,
        "operatingIncome": 8396900000,
        "operatingIncomeRatio": 1.9554505019,
        "totalOtherIncomeExpensesNet": -8205600000,
        "incomeBeforeTax": 191300000,
        "incomeBeforeTaxRatio": 0.0445494981,
        "incomeTaxExpense": 52000000,
        "netIncome": 166300000,
        "netIncomeRatio": 0.0387275564,
        "eps": 0.38,
        "epsdiluted": 0.38,
        "weightedAverageShsOut": 437631579,
        "weightedAverageShsOutDil": 437631579,
        "link": "",
        "finalLink": ""
    },
    {
        "date": "1992-12-31",
        "symbol": "AET",
        "reportedCurrency": "USD",
        "cik": "0000000000",
        "fillingDate": "1992-12-31",
        "acceptedDate": "1992-12-30 19:00:00",
        "calendarYear": "1992",
        "period": "Q4",
        "revenue": 4313500000,
        "costOfRevenue": 0,
        "grossProfit": 4313500000,
        "grossProfitRatio": 1,
        "researchAndDevelopmentExpenses": 0,
        "generalAndAdministrativeExpenses": 0,
        "sellingAndMarketingExpenses": 0,
        "sellingGeneralAndAdministrativeExpenses": 0,
        "otherExpenses": -4675900000,
        "operatingExpenses": -4675900000,
        "costAndExpenses": -4675900000,
        "interestIncome": 0,
        "interestExpense": 0,
        "depreciationAndAmortization": 50100000,
        "ebitda": -251000000,
        "ebitdaratio": -0.0581894054,
        "operatingIncome": 8989400000,
        "operatingIncomeRatio": 2.0840153008,
        "totalOtherIncomeExpensesNet": -9351800000,
        "incomeBeforeTax": -362400000,
        "incomeBeforeTaxRatio": -0.0840153008,
        "incomeTaxExpense": -105100000,
        "netIncome": -196000000,
        "netIncomeRatio": -0.0454387388,
        "eps": -0.45,
        "epsdiluted": -0.45,
        "weightedAverageShsOut": 437631579,
        "weightedAverageShsOutDil": 437631579,
        "link": "",
        "finalLink": ""
    },
    {
        "date": "1992-09-30",
        "symbol": "AET",
        "reportedCurrency": "USD",
        "cik": "0000000000",
        "fillingDate": "1992-09-30",
        "acceptedDate": "1992-09-29 20:00:00",
        "calendarYear": "1992",
        "period": "Q3",
        "revenue": 4403000000,
        "costOfRevenue": 0,
        "grossProfit": 4403000000,
        "grossProfitRatio": 1,
        "researchAndDevelopmentExpenses": 0,
        "generalAndAdministrativeExpenses": 0,
        "sellingAndMarketingExpenses": 0,
        "sellingGeneralAndAdministrativeExpenses": 0,
        "otherExpenses": -4252200000,
        "operatingExpenses": -4252200000,
        "costAndExpenses": -4252200000,
        "interestIncome": 0,
        "interestExpense": 0,
        "depreciationAndAmortization": 52100000,
        "ebitda": 314900000,
        "ebitdaratio": 0.0715194186,
        "operatingIncome": 8655200000,
        "operatingIncomeRatio": 1.9657506246,
        "totalOtherIncomeExpensesNet": -8504400000,
        "incomeBeforeTax": 150800000,
        "incomeBeforeTaxRatio": 0.0342493754,
        "incomeTaxExpense": 24100000,
        "netIncome": 238700000,
        "netIncomeRatio": 0.0542130366,
        "eps": 0.54,
        "epsdiluted": 0.54,
        "weightedAverageShsOut": 440000000,
        "weightedAverageShsOutDil": 440000000,
        "link": "",
        "finalLink": ""
    },
    {
        "date": "1992-06-30",
        "symbol": "AET",
        "reportedCurrency": "USD",
        "cik": "0000000000",
        "fillingDate": "1992-06-30",
        "acceptedDate": "1992-06-29 20:00:00",
        "calendarYear": "1992",
        "period": "Q2",
        "revenue": 4264000000,
        "costOfRevenue": 0,
        "grossProfit": 4264000000,
        "grossProfitRatio": 1,
        "researchAndDevelopmentExpenses": 0,
        "generalAndAdministrativeExpenses": 0,
        "sellingAndMarketingExpenses": 0,
        "sellingGeneralAndAdministrativeExpenses": 0,
        "otherExpenses": -4390100000,
        "operatingExpenses": -4390100000,
        "costAndExpenses": -4390100000,
        "interestIncome": 0,
        "interestExpense": 0,
        "depreciationAndAmortization": 52900000,
        "ebitda": -42300000,
        "ebitdaratio": -0.0099202627,
        "operatingIncome": 8654100000,
        "operatingIncomeRatio": 2.0295731707,
        "totalOtherIncomeExpensesNet": -8780200000,
        "incomeBeforeTax": -126100000,
        "incomeBeforeTaxRatio": -0.0295731707,
        "incomeTaxExpense": -75100000,
        "netIncome": -20100000,
        "netIncomeRatio": -0.0047138837,
        "eps": -0.0425,
        "epsdiluted": -0.0425,
        "weightedAverageShsOut": 472941176,
        "weightedAverageShsOutDil": 472941176,
        "link": "",
        "finalLink": ""
    },
    {
        "date": "1992-03-31",
        "symbol": "AET",
        "reportedCurrency": "USD",
        "cik": "0000000000",
        "fillingDate": "1992-03-31",
        "acceptedDate": "1992-03-30 19:00:00",
        "calendarYear": "1992",
        "period": "Q1",
        "revenue": 4781600000,
        "costOfRevenue": 0,
        "grossProfit": 4781600000,
        "grossProfitRatio": 1,
        "researchAndDevelopmentExpenses": 0,
        "generalAndAdministrativeExpenses": 0,
        "sellingAndMarketingExpenses": 0,
        "sellingGeneralAndAdministrativeExpenses": 0,
        "otherExpenses": -4526300000,
        "operatingExpenses": -4526300000,
        "costAndExpenses": -4526300000,
        "interestIncome": 0,
        "interestExpense": 0,
        "depreciationAndAmortization": 50500000,
        "ebitda": 305800000,
        "ebitdaratio": 0.0639534884,
        "operatingIncome": 9307900000,
        "operatingIncomeRatio": 1.94660783,
        "totalOtherIncomeExpensesNet": -9052600000,
        "incomeBeforeTax": 255300000,
        "incomeBeforeTaxRatio": 0.05339217,
        "incomeTaxExpense": 48100000,
        "netIncome": 207200000,
        "netIncomeRatio": 0.0433327756,
        "eps": 0.47,
        "epsdiluted": 0.47,
        "weightedAverageShsOut": 438518519,
        "weightedAverageShsOutDil": 438518519,
        "link": "",
        "finalLink": ""
    },
    {
        "date": "1991-12-31",
        "symbol": "AET",
        "reportedCurrency": "USD",
        "cik": "0000000000",
        "fillingDate": "1991-12-31",
        "acceptedDate": "1991-12-30 19:00:00",
        "calendarYear": "1991",
        "period": "Q4",
        "revenue": 5243000000,
        "costOfRevenue": 0,
        "grossProfit": 5243000000,
        "grossProfitRatio": 1,
        "researchAndDevelopmentExpenses": 0,
        "generalAndAdministrativeExpenses": 0,
        "sellingAndMarketingExpenses": 0,
        "sellingGeneralAndAdministrativeExpenses": 0,
        "otherExpenses": -5257700000,
        "operatingExpenses": -5257700000,
        "costAndExpenses": -5257700000,
        "interestIncome": 0,
        "interestExpense": 0,
        "depreciationAndAmortization": 39100000,
        "ebitda": 24400000,
        "ebitdaratio": 0.0046538241,
        "operatingIncome": 10500700000,
        "operatingIncomeRatio": 2.0028037383,
        "totalOtherIncomeExpensesNet": -10515400000,
        "incomeBeforeTax": -14700000,
        "incomeBeforeTaxRatio": -0.0028037383,
        "incomeTaxExpense": -107700000,
        "netIncome": 93000000,
        "netIncomeRatio": 0.0177379363,
        "eps": 0.21,
        "epsdiluted": 0.21,
        "weightedAverageShsOut": 438518519,
        "weightedAverageShsOutDil": 438518519,
        "link": "",
        "finalLink": ""
    },
    {
        "date": "1991-09-30",
        "symbol": "AET",
        "reportedCurrency": "USD",
        "cik": "0000000000",
        "fillingDate": "1991-09-30",
        "acceptedDate": "1991-09-29 20:00:00",
        "calendarYear": "1991",
        "period": "Q3",
        "revenue": 4550400000,
        "costOfRevenue": 0,
        "grossProfit": 4550400000,
        "grossProfitRatio": 1,
        "researchAndDevelopmentExpenses": 0,
        "generalAndAdministrativeExpenses": 0,
        "sellingAndMarketingExpenses": 0,
        "sellingGeneralAndAdministrativeExpenses": 0,
        "otherExpenses": -4453400000,
        "operatingExpenses": -4453400000,
        "costAndExpenses": -4453400000,
        "interestIncome": 0,
        "interestExpense": 0,
        "depreciationAndAmortization": 44900000,
        "ebitda": 141900000,
        "ebitdaratio": 0.0311840717,
        "operatingIncome": 9003800000,
        "operatingIncomeRatio": 1.9786831927,
        "totalOtherIncomeExpensesNet": -8906800000,
        "incomeBeforeTax": 97000000,
        "incomeBeforeTaxRatio": 0.0213168073,
        "incomeTaxExpense": -18300000,
        "netIncome": 115300000,
        "netIncomeRatio": 0.0253384318,
        "eps": 0.26,
        "epsdiluted": 0.26,
        "weightedAverageShsOut": 435094340,
        "weightedAverageShsOutDil": 435094340,
        "link": "",
        "finalLink": ""
    },
    {
        "date": "1991-06-30",
        "symbol": "AET",
        "reportedCurrency": "USD",
        "cik": "0000000000",
        "fillingDate": "1991-06-30",
        "acceptedDate": "1991-06-29 20:00:00",
        "calendarYear": "1991",
        "period": "Q2",
        "revenue": 4706500000,
        "costOfRevenue": 0,
        "grossProfit": 4706500000,
        "grossProfitRatio": 1,
        "researchAndDevelopmentExpenses": 0,
        "generalAndAdministrativeExpenses": 0,
        "sellingAndMarketingExpenses": 0,
        "sellingGeneralAndAdministrativeExpenses": 0,
        "otherExpenses": -4526400000,
        "operatingExpenses": -4526400000,
        "costAndExpenses": -4526400000,
        "interestIncome": 0,
        "interestExpense": 0,
        "depreciationAndAmortization": 41200000,
        "ebitda": 221300000,
        "ebitdaratio": 0.0470200786,
        "operatingIncome": 9232900000,
        "operatingIncomeRatio": 1.9617337724,
        "totalOtherIncomeExpensesNet": -9052800000,
        "incomeBeforeTax": 180100000,
        "incomeBeforeTaxRatio": 0.0382662276,
        "incomeTaxExpense": 20600000,
        "netIncome": 159500000,
        "netIncomeRatio": 0.033889302,
        "eps": 0.36,
        "epsdiluted": 0.36,
        "weightedAverageShsOut": 443055556,
        "weightedAverageShsOutDil": 443055556,
        "link": "",
        "finalLink": ""
    },
    {
        "date": "1991-03-31",
        "symbol": "AET",
        "reportedCurrency": "USD",
        "cik": "0000000000",
        "fillingDate": "1991-03-31",
        "acceptedDate": "1991-03-30 19:00:00",
        "calendarYear": "1991",
        "period": "Q1",
        "revenue": 4695700000,
        "costOfRevenue": 0,
        "grossProfit": 4695700000,
        "grossProfitRatio": 1,
        "researchAndDevelopmentExpenses": 0,
        "generalAndAdministrativeExpenses": 0,
        "sellingAndMarketingExpenses": 0,
        "sellingGeneralAndAdministrativeExpenses": 0,
        "otherExpenses": -4541100000,
        "operatingExpenses": -4541100000,
        "costAndExpenses": -4541100000,
        "interestIncome": 0,
        "interestExpense": 0,
        "depreciationAndAmortization": 44800000,
        "ebitda": 199400000,
        "ebitdaratio": 0.0424643823,
        "operatingIncome": 9236800000,
        "operatingIncomeRatio": 1.9670762613,
        "totalOtherIncomeExpensesNet": -9082200000,
        "incomeBeforeTax": 154600000,
        "incomeBeforeTaxRatio": 0.0329237387,
        "incomeTaxExpense": 17200000,
        "netIncome": 137400000,
        "netIncomeRatio": 0.0292608131,
        "eps": 0.32,
        "epsdiluted": 0.32,
        "weightedAverageShsOut": 436190476,
        "weightedAverageShsOutDil": 436190476,
        "link": "",
        "finalLink": ""
    },
    {
        "date": "1990-12-31",
        "symbol": "AET",
        "reportedCurrency": "USD",
        "cik": "0000000000",
        "fillingDate": "1990-12-31",
        "acceptedDate": "1990-12-30 19:00:00",
        "calendarYear": "1990",
        "period": "Q4",
        "revenue": 5311900000,
        "costOfRevenue": 0,
        "grossProfit": 5311900000,
        "grossProfitRatio": 1,
        "researchAndDevelopmentExpenses": 0,
        "generalAndAdministrativeExpenses": 0,
        "sellingAndMarketingExpenses": 0,
        "sellingGeneralAndAdministrativeExpenses": 0,
        "otherExpenses": -5209200000,
        "operatingExpenses": -5209200000,
        "costAndExpenses": -5209200000,
        "interestIncome": 0,
        "interestExpense": 0,
        "depreciationAndAmortization": 41800000,
        "ebitda": 144500000,
        "ebitdaratio": 0.0272030723,
        "operatingIncome": 10521100000,
        "operatingIncomeRatio": 1.9806660517,
        "totalOtherIncomeExpensesNet": -10418400000,
        "incomeBeforeTax": 102700000,
        "incomeBeforeTaxRatio": 0.0193339483,
        "incomeTaxExpense": -39200000,
        "netIncome": 141900000,
        "netIncomeRatio": 0.0267136053,
        "eps": 0.33,
        "epsdiluted": 0.33,
        "weightedAverageShsOut": 436190476,
        "weightedAverageShsOutDil": 436190476,
        "link": "",
        "finalLink": ""
    },
    {
        "date": "1990-09-30",
        "symbol": "AET",
        "reportedCurrency": "USD",
        "cik": "0000000000",
        "fillingDate": "1990-09-30",
        "acceptedDate": "1990-09-29 20:00:00",
        "calendarYear": "1990",
        "period": "Q3",
        "revenue": 4843900000,
        "costOfRevenue": 0,
        "grossProfit": 4843900000,
        "grossProfitRatio": 1,
        "researchAndDevelopmentExpenses": 0,
        "generalAndAdministrativeExpenses": 0,
        "sellingAndMarketingExpenses": 0,
        "sellingGeneralAndAdministrativeExpenses": 0,
        "otherExpenses": -4767700000,
        "operatingExpenses": -4767700000,
        "costAndExpenses": -4767700000,
        "interestIncome": 0,
        "interestExpense": 0,
        "depreciationAndAmortization": 38700000,
        "ebitda": 114900000,
        "ebitdaratio": 0.0237205558,
        "operatingIncome": 9611600000,
        "operatingIncomeRatio": 1.9842688743,
        "totalOtherIncomeExpensesNet": -9535400000,
        "incomeBeforeTax": 76200000,
        "incomeBeforeTaxRatio": 0.0157311257,
        "incomeTaxExpense": -12400000,
        "netIncome": 88600000,
        "netIncomeRatio": 0.0182910465,
        "eps": 0.2,
        "epsdiluted": 0.2,
        "weightedAverageShsOut": 437530864,
        "weightedAverageShsOutDil": 437530864,
        "link": "",
        "finalLink": ""
    },
    {
        "date": "1990-06-30",
        "symbol": "AET",
        "reportedCurrency": "USD",
        "cik": "0000000000",
        "fillingDate": "1990-06-30",
        "acceptedDate": "1990-06-29 20:00:00",
        "calendarYear": "1990",
        "period": "Q2",
        "revenue": 4812900000,
        "costOfRevenue": 0,
        "grossProfit": 4812900000,
        "grossProfitRatio": 1,
        "researchAndDevelopmentExpenses": 0,
        "generalAndAdministrativeExpenses": 0,
        "sellingAndMarketingExpenses": 0,
        "sellingGeneralAndAdministrativeExpenses": 0,
        "otherExpenses": -4574000000,
        "operatingExpenses": -4574000000,
        "costAndExpenses": -4574000000,
        "interestIncome": 0,
        "interestExpense": 0,
        "depreciationAndAmortization": 34000000,
        "ebitda": 272900000,
        "ebitdaratio": 0.0567017806,
        "operatingIncome": 9386900000,
        "operatingIncomeRatio": 1.9503625673,
        "totalOtherIncomeExpensesNet": -9148000000,
        "incomeBeforeTax": 238900000,
        "incomeBeforeTaxRatio": 0.0496374327,
        "incomeTaxExpense": 35100000,
        "netIncome": 203800000,
        "netIncomeRatio": 0.0423445324,
        "eps": 0.45,
        "epsdiluted": 0.45,
        "weightedAverageShsOut": 450386740,
        "weightedAverageShsOutDil": 450386740,
        "link": "",
        "finalLink": ""
    },
    {
        "date": "1990-03-31",
        "symbol": "AET",
        "reportedCurrency": "USD",
        "cik": "0000000000",
        "fillingDate": "1990-03-31",
        "acceptedDate": "1990-03-30 19:00:00",
        "calendarYear": "1990",
        "period": "Q1",
        "revenue": 4773800000,
        "costOfRevenue": 0,
        "grossProfit": 4773800000,
        "grossProfitRatio": 1,
        "researchAndDevelopmentExpenses": 0,
        "generalAndAdministrativeExpenses": 0,
        "sellingAndMarketingExpenses": 0,
        "sellingGeneralAndAdministrativeExpenses": 0,
        "otherExpenses": -4567400000,
        "operatingExpenses": -4567400000,
        "costAndExpenses": -4567400000,
        "interestIncome": 0,
        "interestExpense": 0,
        "depreciationAndAmortization": 36000000,
        "ebitda": 242400000,
        "ebitdaratio": 0.0507771587,
        "operatingIncome": 9341200000,
        "operatingIncomeRatio": 1.9567640035,
        "totalOtherIncomeExpensesNet": -9134800000,
        "incomeBeforeTax": 206400000,
        "incomeBeforeTaxRatio": 0.0432359965,
        "incomeTaxExpense": 26600000,
        "netIncome": 179800000,
        "netIncomeRatio": 0.0376639155,
        "eps": 0.4,
        "epsdiluted": 0.4,
        "weightedAverageShsOut": 446708075,
        "weightedAverageShsOutDil": 446708075,
        "link": "",
        "finalLink": ""
    },
    {
        "date": "1989-12-31",
        "symbol": "AET",
        "reportedCurrency": "USD",
        "cik": "0000000000",
        "fillingDate": "1989-12-31",
        "acceptedDate": "1989-12-30 19:00:00",
        "calendarYear": "1989",
        "period": "Q4",
        "revenue": 5832600000,
        "costOfRevenue": 0,
        "grossProfit": 5832600000,
        "grossProfitRatio": 1,
        "researchAndDevelopmentExpenses": 0,
        "generalAndAdministrativeExpenses": 0,
        "sellingAndMarketingExpenses": 0,
        "sellingGeneralAndAdministrativeExpenses": 0,
        "otherExpenses": -5763100000,
        "operatingExpenses": -5763100000,
        "costAndExpenses": -5763100000,
        "interestIncome": 0,
        "interestExpense": 0,
        "depreciationAndAmortization": 71900000,
        "ebitda": 245100000,
        "ebitdaratio": 0.0420224257,
        "operatingIncome": 11595700000,
        "operatingIncomeRatio": 1.9880842163,
        "totalOtherIncomeExpensesNet": -11444500000,
        "incomeBeforeTax": 151200000,
        "incomeBeforeTaxRatio": 0.0259232589,
        "incomeTaxExpense": 22600000,
        "netIncome": 150600000,
        "netIncomeRatio": 0.0258203888,
        "eps": 0.34,
        "epsdiluted": 0.34,
        "weightedAverageShsOut": 446708075,
        "weightedAverageShsOutDil": 446708075,
        "link": "",
        "finalLink": ""
    },
    {
        "date": "1989-09-30",
        "symbol": "AET",
        "reportedCurrency": "USD",
        "cik": "0000000000",
        "fillingDate": "1989-09-30",
        "acceptedDate": "1989-09-29 20:00:00",
        "calendarYear": "1989",
        "period": "Q3",
        "revenue": 4887600000,
        "costOfRevenue": 0,
        "grossProfit": 4887600000,
        "grossProfitRatio": 1,
        "researchAndDevelopmentExpenses": 0,
        "generalAndAdministrativeExpenses": 0,
        "sellingAndMarketingExpenses": 0,
        "sellingGeneralAndAdministrativeExpenses": 0,
        "otherExpenses": -4580300000,
        "operatingExpenses": -4580300000,
        "costAndExpenses": -4580300000,
        "interestIncome": 0,
        "interestExpense": 29600000,
        "depreciationAndAmortization": 20900000,
        "ebitda": 346100000,
        "ebitdaratio": 0.0708118504,
        "operatingIncome": 9467900000,
        "operatingIncomeRatio": 1.9371266061,
        "totalOtherIncomeExpensesNet": -9187300000,
        "incomeBeforeTax": 280600000,
        "incomeBeforeTaxRatio": 0.0574105901,
        "incomeTaxExpense": 113000000,
        "netIncome": 182600000,
        "netIncomeRatio": 0.0373598494,
        "eps": 0.41,
        "epsdiluted": 0.41,
        "weightedAverageShsOut": 445365854,
        "weightedAverageShsOutDil": 445365854,
        "link": "",
        "finalLink": ""
    },
    {
        "date": "1989-06-30",
        "symbol": "AET",
        "reportedCurrency": "USD",
        "cik": "0000000000",
        "fillingDate": "1989-06-30",
        "acceptedDate": "1989-06-29 20:00:00",
        "calendarYear": "1989",
        "period": "Q2",
        "revenue": 5012400000,
        "costOfRevenue": 0,
        "grossProfit": 5012400000,
        "grossProfitRatio": 1,
        "researchAndDevelopmentExpenses": 0,
        "generalAndAdministrativeExpenses": 0,
        "sellingAndMarketingExpenses": 0,
        "sellingGeneralAndAdministrativeExpenses": 0,
        "otherExpenses": -4789700000,
        "operatingExpenses": -4789700000,
        "costAndExpenses": -4789700000,
        "interestIncome": 0,
        "interestExpense": 27200000,
        "depreciationAndAmortization": -9578900000,
        "ebitda": 223200000,
        "ebitdaratio": 0.0445295667,
        "operatingIncome": 9802100000,
        "operatingIncomeRatio": 1.9555701859,
        "totalOtherIncomeExpensesNet": -9606100000,
        "incomeBeforeTax": 196000000,
        "incomeBeforeTaxRatio": 0.0391030245,
        "incomeTaxExpense": 26400000,
        "netIncome": 169600000,
        "netIncomeRatio": 0.0338360865,
        "eps": 0.38,
        "epsdiluted": 0.38,
        "weightedAverageShsOut": 446315789,
        "weightedAverageShsOutDil": 446315789,
        "link": "",
        "finalLink": ""
    },
    {
        "date": "1989-03-31",
        "symbol": "AET",
        "reportedCurrency": "USD",
        "cik": "0000000000",
        "fillingDate": "1989-03-31",
        "acceptedDate": "1989-03-30 19:00:00",
        "calendarYear": "1989",
        "period": "Q1",
        "revenue": 4557800000,
        "costOfRevenue": 0,
        "grossProfit": 4557800000,
        "grossProfitRatio": 1,
        "researchAndDevelopmentExpenses": 0,
        "generalAndAdministrativeExpenses": 0,
        "sellingAndMarketingExpenses": 0,
        "sellingGeneralAndAdministrativeExpenses": 0,
        "otherExpenses": 0,
        "operatingExpenses": 0,
        "costAndExpenses": 0,
        "interestIncome": 0,
        "interestExpense": 0,
        "depreciationAndAmortization": -4384200000,
        "ebitda": 173600000,
        "ebitdaratio": 0.0380885515,
        "operatingIncome": 4557800000,
        "operatingIncomeRatio": 1,
        "totalOtherIncomeExpensesNet": 0,
        "incomeBeforeTax": 0,
        "incomeBeforeTaxRatio": 0,
        "incomeTaxExpense": 4384200000,
        "netIncome": 173600000,
        "netIncomeRatio": 0.0380885515,
        "eps": 0.38,
        "epsdiluted": 0.38,
        "weightedAverageShsOut": 456842105,
        "weightedAverageShsOutDil": 456842105,
        "link": "",
        "finalLink": ""
    },
    {
        "date": "1988-12-31",
        "symbol": "AET",
        "reportedCurrency": "USD",
        "cik": "0000000000",
        "fillingDate": "1988-12-31",
        "acceptedDate": "1988-12-30 19:00:00",
        "calendarYear": "1988",
        "period": "Q4",
        "revenue": 6323100000,
        "costOfRevenue": 0,
        "grossProfit": 6323100000,
        "grossProfitRatio": 1,
        "researchAndDevelopmentExpenses": 0,
        "generalAndAdministrativeExpenses": 0,
        "sellingAndMarketingExpenses": 0,
        "sellingGeneralAndAdministrativeExpenses": 0,
        "otherExpenses": 23428400000,
        "operatingExpenses": 23428400000,
        "costAndExpenses": 23428400000,
        "interestIncome": 0,
        "interestExpense": 0,
        "depreciationAndAmortization": -29555600000,
        "ebitda": 195900000,
        "ebitdaratio": 0.0309816388,
        "operatingIncome": 29751500000,
        "operatingIncomeRatio": 4.7052078885,
        "totalOtherIncomeExpensesNet": 0,
        "incomeBeforeTax": 0,
        "incomeBeforeTaxRatio": 0,
        "incomeTaxExpense": 29555600000,
        "netIncome": 195900000,
        "netIncomeRatio": 0.0309816388,
        "eps": 0.43,
        "epsdiluted": 0.43,
        "weightedAverageShsOut": 456842105,
        "weightedAverageShsOutDil": 456842105,
        "link": "",
        "finalLink": ""
    },
    {
        "date": "1988-09-30",
        "symbol": "AET",
        "reportedCurrency": "USD",
        "cik": "0000000000",
        "fillingDate": "1988-09-30",
        "acceptedDate": "1988-09-29 20:00:00",
        "calendarYear": "1988",
        "period": "Q3",
        "revenue": 5718000000,
        "costOfRevenue": 0,
        "grossProfit": 5718000000,
        "grossProfitRatio": 1,
        "researchAndDevelopmentExpenses": 0,
        "generalAndAdministrativeExpenses": 0,
        "sellingAndMarketingExpenses": 0,
        "sellingGeneralAndAdministrativeExpenses": 0,
        "otherExpenses": 0,
        "operatingExpenses": 0,
        "costAndExpenses": 0,
        "interestIncome": 0,
        "interestExpense": 0,
        "depreciationAndAmortization": -5482600000,
        "ebitda": 235400000,
        "ebitdaratio": 0.0411682406,
        "operatingIncome": 5718000000,
        "operatingIncomeRatio": 1,
        "totalOtherIncomeExpensesNet": 0,
        "incomeBeforeTax": 0,
        "incomeBeforeTaxRatio": 0,
        "incomeTaxExpense": 5482600000,
        "netIncome": 235400000,
        "netIncomeRatio": 0.0411682406,
        "eps": 0.52,
        "epsdiluted": 0.52,
        "weightedAverageShsOut": 454879227,
        "weightedAverageShsOutDil": 454879227,
        "link": "",
        "finalLink": ""
    },
    {
        "date": "1988-06-30",
        "symbol": "AET",
        "reportedCurrency": "USD",
        "cik": "0000000000",
        "fillingDate": "1988-06-30",
        "acceptedDate": "1988-06-29 20:00:00",
        "calendarYear": "1988",
        "period": "Q2",
        "revenue": 6319700000,
        "costOfRevenue": 0,
        "grossProfit": 6319700000,
        "grossProfitRatio": 1,
        "researchAndDevelopmentExpenses": 0,
        "generalAndAdministrativeExpenses": 0,
        "sellingAndMarketingExpenses": 0,
        "sellingGeneralAndAdministrativeExpenses": 0,
        "otherExpenses": 0,
        "operatingExpenses": 0,
        "costAndExpenses": 0,
        "interestIncome": 0,
        "interestExpense": 0,
        "depreciationAndAmortization": -6183600000,
        "ebitda": 136100000,
        "ebitdaratio": 0.0215358324,
        "operatingIncome": 6319700000,
        "operatingIncomeRatio": 1,
        "totalOtherIncomeExpensesNet": 0,
        "incomeBeforeTax": 0,
        "incomeBeforeTaxRatio": 0,
        "incomeTaxExpense": 6183600000,
        "netIncome": 136100000,
        "netIncomeRatio": 0.0215358324,
        "eps": 0.3,
        "epsdiluted": 0.3,
        "weightedAverageShsOut": 461355932,
        "weightedAverageShsOutDil": 461355932,
        "link": "",
        "finalLink": ""
    },
    {
        "date": "1988-03-31",
        "symbol": "AET",
        "reportedCurrency": "USD",
        "cik": "0000000000",
        "fillingDate": "1988-03-31",
        "acceptedDate": "1988-03-30 19:00:00",
        "calendarYear": "1988",
        "period": "Q1",
        "revenue": 5966800000,
        "costOfRevenue": 0,
        "grossProfit": 5966800000,
        "grossProfitRatio": 1,
        "researchAndDevelopmentExpenses": 0,
        "generalAndAdministrativeExpenses": 0,
        "sellingAndMarketingExpenses": 0,
        "sellingGeneralAndAdministrativeExpenses": 0,
        "otherExpenses": 0,
        "operatingExpenses": 0,
        "costAndExpenses": 0,
        "interestIncome": 0,
        "interestExpense": 0,
        "depreciationAndAmortization": -5835300000,
        "ebitda": 131500000,
        "ebitdaratio": 0.0220386137,
        "operatingIncome": 5966800000,
        "operatingIncomeRatio": 1,
        "totalOtherIncomeExpensesNet": 0,
        "incomeBeforeTax": 0,
        "incomeBeforeTaxRatio": 0,
        "incomeTaxExpense": 5835300000,
        "netIncome": 131500000,
        "netIncomeRatio": 0.0220386137,
        "eps": 0.28,
        "epsdiluted": 0.28,
        "weightedAverageShsOut": 461403509,
        "weightedAverageShsOutDil": 461403509,
        "link": "",
        "finalLink": ""
    },
    {
        "date": "1987-12-31",
        "symbol": "AET",
        "reportedCurrency": "USD",
        "cik": "0000000000",
        "fillingDate": "1987-12-31",
        "acceptedDate": "1987-12-30 19:00:00",
        "calendarYear": "1987",
        "period": "Q4",
        "revenue": 5684000000,
        "costOfRevenue": 0,
        "grossProfit": 5684000000,
        "grossProfitRatio": 1,
        "researchAndDevelopmentExpenses": 0,
        "generalAndAdministrativeExpenses": 0,
        "sellingAndMarketingExpenses": 0,
        "sellingGeneralAndAdministrativeExpenses": 0,
        "otherExpenses": 21051400000,
        "operatingExpenses": 21051400000,
        "costAndExpenses": 21051400000,
        "interestIncome": 0,
        "interestExpense": 0,
        "depreciationAndAmortization": -26507100000,
        "ebitda": 228300000,
        "ebitdaratio": 0.0401653765,
        "operatingIncome": 26735400000,
        "operatingIncomeRatio": 4.7036242083,
        "totalOtherIncomeExpensesNet": 0,
        "incomeBeforeTax": 0,
        "incomeBeforeTaxRatio": 0,
        "incomeTaxExpense": 26507100000,
        "netIncome": 228300000,
        "netIncomeRatio": 0.0401653765,
        "eps": 0.49,
        "epsdiluted": 0.49,
        "weightedAverageShsOut": 461403509,
        "weightedAverageShsOutDil": 461403509,
        "link": "",
        "finalLink": ""
    },
    {
        "date": "1987-09-30",
        "symbol": "AET",
        "reportedCurrency": "USD",
        "cik": "0000000000",
        "fillingDate": "1987-09-30",
        "acceptedDate": "1987-09-29 20:00:00",
        "calendarYear": "1987",
        "period": "Q3",
        "revenue": 5784900000,
        "costOfRevenue": 0,
        "grossProfit": 5784900000,
        "grossProfitRatio": 1,
        "researchAndDevelopmentExpenses": 0,
        "generalAndAdministrativeExpenses": 0,
        "sellingAndMarketingExpenses": 0,
        "sellingGeneralAndAdministrativeExpenses": 0,
        "otherExpenses": 0,
        "operatingExpenses": 0,
        "costAndExpenses": 0,
        "interestIncome": 0,
        "interestExpense": 0,
        "depreciationAndAmortization": -5553700000,
        "ebitda": 231200000,
        "ebitdaratio": 0.0399661187,
        "operatingIncome": 5784900000,
        "operatingIncomeRatio": 1,
        "totalOtherIncomeExpensesNet": 0,
        "incomeBeforeTax": 0,
        "incomeBeforeTaxRatio": 0,
        "incomeTaxExpense": 5553700000,
        "netIncome": 231200000,
        "netIncomeRatio": 0.0399661187,
        "eps": 0.5,
        "epsdiluted": 0.5,
        "weightedAverageShsOut": 460099502,
        "weightedAverageShsOutDil": 460099502,
        "link": "",
        "finalLink": ""
    },
    {
        "date": "1987-06-30",
        "symbol": "AET",
        "reportedCurrency": "USD",
        "cik": "0000000000",
        "fillingDate": "1987-06-30",
        "acceptedDate": "1987-06-29 20:00:00",
        "calendarYear": "1987",
        "period": "Q2",
        "revenue": 5537700000,
        "costOfRevenue": 0,
        "grossProfit": 5537700000,
        "grossProfitRatio": 1,
        "researchAndDevelopmentExpenses": 0,
        "generalAndAdministrativeExpenses": 0,
        "sellingAndMarketingExpenses": 0,
        "sellingGeneralAndAdministrativeExpenses": 0,
        "otherExpenses": 0,
        "operatingExpenses": 0,
        "costAndExpenses": 0,
        "interestIncome": 0,
        "interestExpense": 0,
        "depreciationAndAmortization": -5311800000,
        "ebitda": 225900000,
        "ebitdaratio": 0.0407931091,
        "operatingIncome": 5537700000,
        "operatingIncomeRatio": 1,
        "totalOtherIncomeExpensesNet": 0,
        "incomeBeforeTax": 0,
        "incomeBeforeTaxRatio": 0,
        "incomeTaxExpense": 5311800000,
        "netIncome": 225900000,
        "netIncomeRatio": 0.0407931091,
        "eps": 0.48,
        "epsdiluted": 0.48,
        "weightedAverageShsOut": 468186528,
        "weightedAverageShsOutDil": 468186528,
        "link": "",
        "finalLink": ""
    },
    {
        "date": "1987-03-31",
        "symbol": "AET",
        "reportedCurrency": "USD",
        "cik": "0000000000",
        "fillingDate": "1987-03-31",
        "acceptedDate": "1987-03-30 19:00:00",
        "calendarYear": "1987",
        "period": "Q1",
        "revenue": 5128600000,
        "costOfRevenue": 0,
        "grossProfit": 5128600000,
        "grossProfitRatio": 1,
        "researchAndDevelopmentExpenses": 0,
        "generalAndAdministrativeExpenses": 0,
        "sellingAndMarketingExpenses": 0,
        "sellingGeneralAndAdministrativeExpenses": 0,
        "otherExpenses": 0,
        "operatingExpenses": 0,
        "costAndExpenses": 0,
        "interestIncome": 0,
        "interestExpense": 0,
        "depreciationAndAmortization": -4946600000,
        "ebitda": 182000000,
        "ebitdaratio": 0.0354872675,
        "operatingIncome": 5128600000,
        "operatingIncomeRatio": 1,
        "totalOtherIncomeExpensesNet": 0,
        "incomeBeforeTax": 0,
        "incomeBeforeTaxRatio": 0,
        "incomeTaxExpense": 4946600000,
        "netIncome": 182000000,
        "netIncomeRatio": 0.0354872675,
        "eps": 0.39,
        "epsdiluted": 0.39,
        "weightedAverageShsOut": 466666667,
        "weightedAverageShsOutDil": 466666667,
        "link": "",
        "finalLink": ""
    },
    {
        "date": "1986-12-31",
        "symbol": "AET",
        "reportedCurrency": "USD",
        "cik": "0000000000",
        "fillingDate": "1986-12-31",
        "acceptedDate": "1986-12-30 19:00:00",
        "calendarYear": "1986",
        "period": "Q4",
        "revenue": 5671600000,
        "costOfRevenue": 0,
        "grossProfit": 5671600000,
        "grossProfitRatio": 1,
        "researchAndDevelopmentExpenses": 0,
        "generalAndAdministrativeExpenses": 0,
        "sellingAndMarketingExpenses": 0,
        "sellingGeneralAndAdministrativeExpenses": 0,
        "otherExpenses": 19458800000,
        "operatingExpenses": 19458800000,
        "costAndExpenses": 19458800000,
        "interestIncome": 0,
        "interestExpense": 0,
        "depreciationAndAmortization": -24914400000,
        "ebitda": 216000000,
        "ebitdaratio": 0.0380844911,
        "operatingIncome": 25130400000,
        "operatingIncomeRatio": 4.4309189647,
        "totalOtherIncomeExpensesNet": 0,
        "incomeBeforeTax": 0,
        "incomeBeforeTaxRatio": 0,
        "incomeTaxExpense": 24914400000,
        "netIncome": 216000000,
        "netIncomeRatio": 0.0380844911,
        "eps": 0.46,
        "epsdiluted": 0.46,
        "weightedAverageShsOut": 466666667,
        "weightedAverageShsOutDil": 466666667,
        "link": "",
        "finalLink": ""
    },
    {
        "date": "1986-09-30",
        "symbol": "AET",
        "reportedCurrency": "USD",
        "cik": "0000000000",
        "fillingDate": "1986-09-30",
        "acceptedDate": "1986-09-29 20:00:00",
        "calendarYear": "1986",
        "period": "Q3",
        "revenue": 5021400000,
        "costOfRevenue": 0,
        "grossProfit": 5021400000,
        "grossProfitRatio": 1,
        "researchAndDevelopmentExpenses": 0,
        "generalAndAdministrativeExpenses": 0,
        "sellingAndMarketingExpenses": 0,
        "sellingGeneralAndAdministrativeExpenses": 0,
        "otherExpenses": 0,
        "operatingExpenses": 0,
        "costAndExpenses": 0,
        "interestIncome": 0,
        "interestExpense": 0,
        "depreciationAndAmortization": -4822500000,
        "ebitda": 198900000,
        "ebitdaratio": 0.0396104672,
        "operatingIncome": 5021400000,
        "operatingIncomeRatio": 1,
        "totalOtherIncomeExpensesNet": 0,
        "incomeBeforeTax": 0,
        "incomeBeforeTaxRatio": 0,
        "incomeTaxExpense": 4822500000,
        "netIncome": 198900000,
        "netIncomeRatio": 0.0396104672,
        "eps": 0.43,
        "epsdiluted": 0.43,
        "weightedAverageShsOut": 465263158,
        "weightedAverageShsOutDil": 465263158,
        "link": "",
        "finalLink": ""
    },
    {
        "date": "1986-06-30",
        "symbol": "AET",
        "reportedCurrency": "USD",
        "cik": "0000000000",
        "fillingDate": "1986-06-30",
        "acceptedDate": "1986-06-29 20:00:00",
        "calendarYear": "1986",
        "period": "Q2",
        "revenue": 4927100000,
        "costOfRevenue": 0,
        "grossProfit": 4927100000,
        "grossProfitRatio": 1,
        "researchAndDevelopmentExpenses": 0,
        "generalAndAdministrativeExpenses": 0,
        "sellingAndMarketingExpenses": 0,
        "sellingGeneralAndAdministrativeExpenses": 0,
        "otherExpenses": 0,
        "operatingExpenses": 0,
        "costAndExpenses": 0,
        "interestIncome": 0,
        "interestExpense": 0,
        "depreciationAndAmortization": -4768300000,
        "ebitda": 158800000,
        "ebitdaratio": 0.0322299121,
        "operatingIncome": 4927100000,
        "operatingIncomeRatio": 1,
        "totalOtherIncomeExpensesNet": 0,
        "incomeBeforeTax": 0,
        "incomeBeforeTaxRatio": 0,
        "incomeTaxExpense": 4768300000,
        "netIncome": 158800000,
        "netIncomeRatio": 0.0322299121,
        "eps": 0.35,
        "epsdiluted": 0.35,
        "weightedAverageShsOut": 460289855,
        "weightedAverageShsOutDil": 460289855,
        "link": "",
        "finalLink": ""
    },
    {
        "date": "1986-03-31",
        "symbol": "AET",
        "reportedCurrency": "USD",
        "cik": "0000000000",
        "fillingDate": "1986-03-31",
        "acceptedDate": "1986-03-30 19:00:00",
        "calendarYear": "1986",
        "period": "Q1",
        "revenue": 4884500000,
        "costOfRevenue": 0,
        "grossProfit": 4884500000,
        "grossProfitRatio": 1,
        "researchAndDevelopmentExpenses": 0,
        "generalAndAdministrativeExpenses": 0,
        "sellingAndMarketingExpenses": 0,
        "sellingGeneralAndAdministrativeExpenses": 0,
        "otherExpenses": 0,
        "operatingExpenses": 0,
        "costAndExpenses": 0,
        "interestIncome": 0,
        "interestExpense": 0,
        "depreciationAndAmortization": -4743900000,
        "ebitda": 140600000,
        "ebitdaratio": 0.0287849319,
        "operatingIncome": 4884500000,
        "operatingIncomeRatio": 1,
        "totalOtherIncomeExpensesNet": 0,
        "incomeBeforeTax": 0,
        "incomeBeforeTaxRatio": 0,
        "incomeTaxExpense": 4743900000,
        "netIncome": 140600000,
        "netIncomeRatio": 0.0287849319,
        "eps": 0.3,
        "epsdiluted": 0.3,
        "weightedAverageShsOut": 468666667,
        "weightedAverageShsOutDil": 468666667,
        "link": "",
        "finalLink": ""
    },
    {
        "date": "1985-12-31",
        "symbol": "AET",
        "reportedCurrency": "USD",
        "cik": "0000000000",
        "fillingDate": "1985-12-31",
        "acceptedDate": "1985-12-30 19:00:00",
        "calendarYear": "1985",
        "period": "Q4",
        "revenue": 5197200000,
        "costOfRevenue": 0,
        "grossProfit": 5197200000,
        "grossProfitRatio": 1,
        "researchAndDevelopmentExpenses": 0,
        "generalAndAdministrativeExpenses": 0,
        "sellingAndMarketingExpenses": 0,
        "sellingGeneralAndAdministrativeExpenses": 0,
        "otherExpenses": 18024900000,
        "operatingExpenses": 18024900000,
        "costAndExpenses": 18024900000,
        "interestIncome": 0,
        "interestExpense": 0,
        "depreciationAndAmortization": -23060500000,
        "ebitda": 161600000,
        "ebitdaratio": 0.0310936658,
        "operatingIncome": 23222100000,
        "operatingIncomeRatio": 4.4681944124,
        "totalOtherIncomeExpensesNet": 0,
        "incomeBeforeTax": 0,
        "incomeBeforeTaxRatio": 0,
        "incomeTaxExpense": 23060500000,
        "netIncome": 161600000,
        "netIncomeRatio": 0.0310936658,
        "eps": 0.34,
        "epsdiluted": 0.34,
        "weightedAverageShsOut": 468666667,
        "weightedAverageShsOutDil": 468666667,
        "link": "",
        "finalLink": ""
    },
    {
        "date": "1985-09-30",
        "symbol": "AET",
        "reportedCurrency": "USD",
        "cik": "0000000000",
        "fillingDate": "1985-09-30",
        "acceptedDate": "1985-09-29 20:00:00",
        "calendarYear": "1985",
        "period": "Q3",
        "revenue": 4384300000,
        "costOfRevenue": 0,
        "grossProfit": 4384300000,
        "grossProfitRatio": 1,
        "researchAndDevelopmentExpenses": 0,
        "generalAndAdministrativeExpenses": 0,
        "sellingAndMarketingExpenses": 0,
        "sellingGeneralAndAdministrativeExpenses": 0,
        "otherExpenses": 0,
        "operatingExpenses": 0,
        "costAndExpenses": 0,
        "interestIncome": 0,
        "interestExpense": 0,
        "depreciationAndAmortization": -4272800000,
        "ebitda": 111500000,
        "ebitdaratio": 0.0254316539,
        "operatingIncome": 4384300000,
        "operatingIncomeRatio": 1,
        "totalOtherIncomeExpensesNet": 0,
        "incomeBeforeTax": 0,
        "incomeBeforeTaxRatio": 0,
        "incomeTaxExpense": 4272800000,
        "netIncome": 111500000,
        "netIncomeRatio": 0.0254316539,
        "eps": 0.24,
        "epsdiluted": 0.24,
        "weightedAverageShsOut": 455102041,
        "weightedAverageShsOutDil": 455102041,
        "link": "",
        "finalLink": ""
    }
]