[
    {
        "date": "2025-06-30",
        "symbol": "AGM",
        "reportedCurrency": "USD",
        "cik": "0000845877",
        "fillingDate": "2025-08-07",
        "acceptedDate": "2025-08-07 16:14:02",
        "calendarYear": "2025",
        "period": "Q2",
        "revenue": 404958000,
        "costOfRevenue": 310037000,
        "grossProfit": 94921000,
        "grossProfitRatio": 0.2343971474,
        "researchAndDevelopmentExpenses": 0,
        "generalAndAdministrativeExpenses": 28490000,
        "sellingAndMarketingExpenses": 0,
        "sellingGeneralAndAdministrativeExpenses": 28490000,
        "otherExpenses": 1000000,
        "operatingExpenses": 29490000,
        "costAndExpenses": 339527000,
        "interestIncome": 399022000,
        "interestExpense": 302225000,
        "depreciationAndAmortization": 0,
        "ebitda": 65431000,
        "ebitdaratio": 0.1615747806,
        "operatingIncome": 65431000,
        "operatingIncomeRatio": 0.1615747806,
        "totalOtherIncomeExpensesNet": 0,
        "incomeBeforeTax": 65431000,
        "incomeBeforeTaxRatio": 0.1615747806,
        "incomeTaxExpense": 10594000,
        "netIncome": 54837000,
        "netIncomeRatio": 0.1354140429,
        "eps": 4.5,
        "epsdiluted": 4.48,
        "weightedAverageShsOut": 10933000,
        "weightedAverageShsOutDil": 10963000,
        "link": "https://www.sec.gov/Archives/edgar/data/845877/000084587725000204/0000845877-25-000204-index.htm",
        "finalLink": "https://www.sec.gov/Archives/edgar/data/845877/000084587725000204/agm-20250630.htm"
    },
    {
        "date": "2025-03-31",
        "symbol": "AGM",
        "reportedCurrency": "USD",
        "cik": "0000845877",
        "fillingDate": "2025-05-09",
        "acceptedDate": "2025-05-09 07:02:56",
        "calendarYear": "2025",
        "period": "Q1",
        "revenue": 384693000,
        "costOfRevenue": 292058000,
        "grossProfit": 92635000,
        "grossProfitRatio": 0.2408024061,
        "researchAndDevelopmentExpenses": 0,
        "generalAndAdministrativeExpenses": 28510000,
        "sellingAndMarketingExpenses": 0,
        "sellingGeneralAndAdministrativeExpenses": 28510000,
        "otherExpenses": 1000000,
        "operatingExpenses": 29510000,
        "costAndExpenses": 321568000,
        "interestIncome": 381414000,
        "interestExpense": 290475000,
        "depreciationAndAmortization": 0,
        "ebitda": 63125000,
        "ebitdaratio": 0.1640918863,
        "operatingIncome": 63125000,
        "operatingIncomeRatio": 0.1640918863,
        "totalOtherIncomeExpensesNet": 0,
        "incomeBeforeTax": 63125000,
        "incomeBeforeTaxRatio": 0.1640918863,
        "incomeTaxExpense": 13474000,
        "netIncome": 49651000,
        "netIncomeRatio": 0.1290665544,
        "eps": 4.04,
        "epsdiluted": 4.01,
        "weightedAverageShsOut": 10896000,
        "weightedAverageShsOutDil": 10983000,
        "link": "https://www.sec.gov/Archives/edgar/data/845877/000084587725000152/0000845877-25-000152-index.htm",
        "finalLink": "https://www.sec.gov/Archives/edgar/data/845877/000084587725000152/agm-20250331.htm"
    },
    {
        "date": "2024-12-31",
        "symbol": "AGM",
        "reportedCurrency": "USD",
        "cik": "0000845877",
        "fillingDate": "2025-02-21",
        "acceptedDate": "2025-02-21 07:04:01",
        "calendarYear": "2024",
        "period": "Q4",
        "revenue": 403752000,
        "costOfRevenue": 306269000,
        "grossProfit": 97483000,
        "grossProfitRatio": 0.2414427668,
        "researchAndDevelopmentExpenses": 0,
        "generalAndAdministrativeExpenses": 28093000,
        "sellingAndMarketingExpenses": 0,
        "sellingGeneralAndAdministrativeExpenses": 28093000,
        "otherExpenses": 1000000,
        "operatingExpenses": 29093000,
        "costAndExpenses": 335362000,
        "interestIncome": 395765000,
        "interestExpense": 302397000,
        "depreciationAndAmortization": 0,
        "ebitda": 68390000,
        "ebitdaratio": 0.1693861578,
        "operatingIncome": 68390000,
        "operatingIncomeRatio": 0.1693861578,
        "totalOtherIncomeExpensesNet": 0,
        "incomeBeforeTax": 68390000,
        "incomeBeforeTaxRatio": 0.1693861578,
        "incomeTaxExpense": 11876000,
        "netIncome": 56514000,
        "netIncomeRatio": 0.1399720621,
        "eps": 4.67,
        "epsdiluted": 4.63,
        "weightedAverageShsOut": 10874000,
        "weightedAverageShsOutDil": 10971000,
        "link": "https://www.sec.gov/Archives/edgar/data/845877/000084587725000033/0000845877-25-000033-index.htm",
        "finalLink": "https://www.sec.gov/Archives/edgar/data/845877/000084587725000033/agm-20241231.htm"
    },
    {
        "date": "2024-09-30",
        "symbol": "AGM",
        "reportedCurrency": "USD",
        "cik": "0000845877",
        "fillingDate": "2024-11-04",
        "acceptedDate": "2024-11-04 16:11:34",
        "calendarYear": "2024",
        "period": "Q3",
        "revenue": 411227000,
        "costOfRevenue": 324195000,
        "grossProfit": 87032000,
        "grossProfitRatio": 0.2116397999,
        "researchAndDevelopmentExpenses": 0,
        "generalAndAdministrativeExpenses": 23862000,
        "sellingAndMarketingExpenses": 0,
        "sellingGeneralAndAdministrativeExpenses": 23862000,
        "otherExpenses": 921000,
        "operatingExpenses": 24783000,
        "costAndExpenses": 348978000,
        "interestIncome": 407728000,
        "interestExpense": 320937000,
        "depreciationAndAmortization": 0,
        "ebitda": 62249000,
        "ebitdaratio": 0.1513738154,
        "operatingIncome": 62249000,
        "operatingIncomeRatio": 0.1513738154,
        "totalOtherIncomeExpensesNet": 0,
        "incomeBeforeTax": 62249000,
        "incomeBeforeTaxRatio": 0.1513738154,
        "incomeTaxExpense": 12421000,
        "netIncome": 49828000,
        "netIncomeRatio": 0.1211690867,
        "eps": 3.89,
        "epsdiluted": 3.86,
        "weightedAverageShsOut": 10883000,
        "weightedAverageShsOutDil": 10966000,
        "link": "https://www.sec.gov/Archives/edgar/data/845877/000084587724000243/0000845877-24-000243-index.htm",
        "finalLink": "https://www.sec.gov/Archives/edgar/data/845877/000084587724000243/agm-20240930.htm"
    },
    {
        "date": "2024-06-30",
        "symbol": "AGM",
        "reportedCurrency": "USD",
        "cik": "0000845877",
        "fillingDate": "2024-08-05",
        "acceptedDate": "2024-08-05 16:08:47",
        "calendarYear": "2024",
        "period": "Q2",
        "revenue": 406283000,
        "costOfRevenue": 322596000,
        "grossProfit": 83687000,
        "grossProfitRatio": 0.2059820372,
        "researchAndDevelopmentExpenses": 0,
        "generalAndAdministrativeExpenses": 23744000,
        "sellingAndMarketingExpenses": 0,
        "sellingGeneralAndAdministrativeExpenses": 23744000,
        "otherExpenses": 725000,
        "operatingExpenses": 24469000,
        "costAndExpenses": 347065000,
        "interestIncome": 403706000,
        "interestExpense": 316366000,
        "depreciationAndAmortization": 0,
        "ebitda": 59218000,
        "ebitdaratio": 0.1457555448,
        "operatingIncome": 59218000,
        "operatingIncomeRatio": 0.1457555448,
        "totalOtherIncomeExpensesNet": 0,
        "incomeBeforeTax": 59218000,
        "incomeBeforeTaxRatio": 0.1457555448,
        "incomeTaxExpense": 12113000,
        "netIncome": 47105000,
        "netIncomeRatio": 0.1159413512,
        "eps": 3.71,
        "epsdiluted": 3.68,
        "weightedAverageShsOut": 10879000,
        "weightedAverageShsOutDil": 10956000,
        "link": "https://www.sec.gov/Archives/edgar/data/845877/000084587724000201/0000845877-24-000201-index.htm",
        "finalLink": "https://www.sec.gov/Archives/edgar/data/845877/000084587724000201/agm-20240630.htm"
    },
    {
        "date": "2024-03-31",
        "symbol": "AGM",
        "reportedCurrency": "USD",
        "cik": "0000845877",
        "fillingDate": "2024-05-06",
        "acceptedDate": "2024-05-06 07:35:06",
        "calendarYear": "2024",
        "period": "Q1",
        "revenue": 403562000,
        "costOfRevenue": 308079000,
        "grossProfit": 95483000,
        "grossProfitRatio": 0.2366005719,
        "researchAndDevelopmentExpenses": 0,
        "generalAndAdministrativeExpenses": 26512000,
        "sellingAndMarketingExpenses": 0,
        "sellingGeneralAndAdministrativeExpenses": 26512000,
        "otherExpenses": 725000,
        "operatingExpenses": 27237000,
        "costAndExpenses": 335316000,
        "interestIncome": 396317000,
        "interestExpense": 309949000,
        "depreciationAndAmortization": 0,
        "ebitda": 68246000,
        "ebitdaratio": 0.1691090836,
        "operatingIncome": 68246000,
        "operatingIncomeRatio": 0.1691090836,
        "totalOtherIncomeExpensesNet": 0,
        "incomeBeforeTax": 68246000,
        "incomeBeforeTaxRatio": 0.1691090836,
        "incomeTaxExpense": 14500000,
        "netIncome": 53746000,
        "netIncomeRatio": 0.1331790406,
        "eps": 4.33,
        "epsdiluted": 4.28,
        "weightedAverageShsOut": 10847000,
        "weightedAverageShsOutDil": 10969000,
        "link": "https://www.sec.gov/Archives/edgar/data/845877/000084587724000143/0000845877-24-000143-index.htm",
        "finalLink": "https://www.sec.gov/Archives/edgar/data/845877/000084587724000143/agm-20240331.htm"
    },
    {
        "date": "2023-12-31",
        "symbol": "AGM",
        "reportedCurrency": "USD",
        "cik": "0000845877",
        "fillingDate": "2024-02-23",
        "acceptedDate": "2024-02-23 08:04:47",
        "calendarYear": "2023",
        "period": "Q4",
        "revenue": 354204000,
        "costOfRevenue": 268629000,
        "grossProfit": 85575000,
        "grossProfitRatio": 0.2415980621,
        "researchAndDevelopmentExpenses": 0,
        "generalAndAdministrativeExpenses": 24439000,
        "sellingAndMarketingExpenses": 0,
        "sellingGeneralAndAdministrativeExpenses": 24439000,
        "otherExpenses": 725000,
        "operatingExpenses": 25164000,
        "costAndExpenses": 293793000,
        "interestIncome": 351373000,
        "interestExpense": 269204000,
        "depreciationAndAmortization": 0,
        "ebitda": 60411000,
        "ebitdaratio": 0.1705542569,
        "operatingIncome": 60411000,
        "operatingIncomeRatio": 0.1705542569,
        "totalOtherIncomeExpensesNet": 0,
        "incomeBeforeTax": 60411000,
        "incomeBeforeTaxRatio": 0.1705542569,
        "incomeTaxExpense": 12792000,
        "netIncome": 47619000,
        "netIncomeRatio": 0.1344394756,
        "eps": 3.77,
        "epsdiluted": 3.73,
        "weightedAverageShsOut": 10841000,
        "weightedAverageShsOutDil": 10952000,
        "link": "https://www.sec.gov/Archives/edgar/data/845877/000084587724000028/0000845877-24-000028-index.htm",
        "finalLink": "https://www.sec.gov/Archives/edgar/data/845877/000084587724000028/agm-20231231.htm"
    },
    {
        "date": "2023-09-30",
        "symbol": "AGM",
        "reportedCurrency": "USD",
        "cik": "0000845877",
        "fillingDate": "2023-11-06",
        "acceptedDate": "2023-11-06 16:10:30",
        "calendarYear": "2023",
        "period": "Q3",
        "revenue": 391271000,
        "costOfRevenue": 293987000,
        "grossProfit": 97284000,
        "grossProfitRatio": 0.248635856,
        "researchAndDevelopmentExpenses": 0,
        "generalAndAdministrativeExpenses": 23203000,
        "sellingAndMarketingExpenses": 0,
        "sellingGeneralAndAdministrativeExpenses": 23203000,
        "otherExpenses": 831000,
        "operatingExpenses": 24034000,
        "costAndExpenses": 318021000,
        "interestIncome": 381811000,
        "interestExpense": 294168000,
        "depreciationAndAmortization": 0,
        "ebitda": 73250000,
        "ebitdaratio": 0.1872103989,
        "operatingIncome": 73250000,
        "operatingIncomeRatio": 0.1872103989,
        "totalOtherIncomeExpensesNet": 0,
        "incomeBeforeTax": 73250000,
        "incomeBeforeTaxRatio": 0.1872103989,
        "incomeTaxExpense": 15113000,
        "netIncome": 58137000,
        "netIncomeRatio": 0.1485849961,
        "eps": 4.74,
        "epsdiluted": 4.69,
        "weightedAverageShsOut": 10839000,
        "weightedAverageShsOutDil": 10938000,
        "link": "https://www.sec.gov/Archives/edgar/data/845877/000084587723000209/0000845877-23-000209-index.htm",
        "finalLink": "https://www.sec.gov/Archives/edgar/data/845877/000084587723000209/agm-20230930.htm"
    },
    {
        "date": "2023-06-30",
        "symbol": "AGM",
        "reportedCurrency": "USD",
        "cik": "0000845877",
        "fillingDate": "2023-08-07",
        "acceptedDate": "2023-08-07 08:03:18",
        "calendarYear": "2023",
        "period": "Q2",
        "revenue": 349772000,
        "costOfRevenue": 266297000,
        "grossProfit": 83475000,
        "grossProfitRatio": 0.238655467,
        "researchAndDevelopmentExpenses": 0,
        "generalAndAdministrativeExpenses": 23357000,
        "sellingAndMarketingExpenses": 0,
        "sellingGeneralAndAdministrativeExpenses": 23357000,
        "otherExpenses": 831000,
        "operatingExpenses": 24188000,
        "costAndExpenses": 290485000,
        "interestIncome": 343832000,
        "interestExpense": 265155000,
        "depreciationAndAmortization": 0,
        "ebitda": 59287000,
        "ebitdaratio": 0.1695018469,
        "operatingIncome": 59287000,
        "operatingIncomeRatio": 0.1695018469,
        "totalOtherIncomeExpensesNet": 0,
        "incomeBeforeTax": 59287000,
        "incomeBeforeTaxRatio": 0.1695018469,
        "incomeTaxExpense": 12075000,
        "netIncome": 47212000,
        "netIncomeRatio": 0.134979358,
        "eps": 3.73,
        "epsdiluted": 3.7,
        "weightedAverageShsOut": 10833000,
        "weightedAverageShsOutDil": 10916000,
        "link": "https://www.sec.gov/Archives/edgar/data/845877/000084587723000177/0000845877-23-000177-index.htm",
        "finalLink": "https://www.sec.gov/Archives/edgar/data/845877/000084587723000177/agm-20230630.htm"
    },
    {
        "date": "2023-03-31",
        "symbol": "AGM",
        "reportedCurrency": "USD",
        "cik": "0000845877",
        "fillingDate": "2023-05-09",
        "acceptedDate": "2023-05-09 16:08:32",
        "calendarYear": "2023",
        "period": "Q1",
        "revenue": 320830000,
        "costOfRevenue": 236964000,
        "grossProfit": 83866000,
        "grossProfitRatio": 0.2614032354,
        "researchAndDevelopmentExpenses": 0,
        "generalAndAdministrativeExpenses": 22878000,
        "sellingAndMarketingExpenses": 0,
        "sellingGeneralAndAdministrativeExpenses": 22878000,
        "otherExpenses": 835000,
        "operatingExpenses": 23713000,
        "costAndExpenses": 260677000,
        "interestIncome": 315272000,
        "interestExpense": 236214000,
        "depreciationAndAmortization": 0,
        "ebitda": 60153000,
        "ebitdaratio": 0.1874918181,
        "operatingIncome": 60153000,
        "operatingIncomeRatio": 0.1874918181,
        "totalOtherIncomeExpensesNet": 0,
        "incomeBeforeTax": 60153000,
        "incomeBeforeTaxRatio": 0.1874918181,
        "incomeTaxExpense": 13118000,
        "netIncome": 47035000,
        "netIncomeRatio": 0.1466041206,
        "eps": 3.73,
        "epsdiluted": 3.69,
        "weightedAverageShsOut": 10802000,
        "weightedAverageShsOutDil": 10918000,
        "link": "https://www.sec.gov/Archives/edgar/data/845877/000084587723000136/0000845877-23-000136-index.htm",
        "finalLink": "https://www.sec.gov/Archives/edgar/data/845877/000084587723000136/agm-20230331.htm"
    },
    {
        "date": "2022-12-31",
        "symbol": "AGM",
        "reportedCurrency": "USD",
        "cik": "0000845877",
        "fillingDate": "2023-02-24",
        "acceptedDate": "2023-02-24 08:07:19",
        "calendarYear": "2022",
        "period": "Q4",
        "revenue": 272719000,
        "costOfRevenue": 196037000,
        "grossProfit": 76682000,
        "grossProfitRatio": 0.2811758623,
        "researchAndDevelopmentExpenses": 0,
        "generalAndAdministrativeExpenses": 20160000,
        "sellingAndMarketingExpenses": 0,
        "sellingGeneralAndAdministrativeExpenses": 20160000,
        "otherExpenses": 1304000,
        "operatingExpenses": 21464000,
        "costAndExpenses": 217501000,
        "interestIncome": 267727000,
        "interestExpense": 194092000,
        "depreciationAndAmortization": 0,
        "ebitda": 55218000,
        "ebitdaratio": 0.2024721417,
        "operatingIncome": 55218000,
        "operatingIncomeRatio": 0.2024721417,
        "totalOtherIncomeExpensesNet": 0,
        "incomeBeforeTax": 55218000,
        "incomeBeforeTaxRatio": 0.2024721417,
        "incomeTaxExpense": 11800000,
        "netIncome": 43418000,
        "netIncomeRatio": 0.1592041625,
        "eps": 3.39,
        "epsdiluted": 3.36,
        "weightedAverageShsOut": 10801000,
        "weightedAverageShsOutDil": 10894000,
        "link": "https://www.sec.gov/Archives/edgar/data/845877/000084587723000026/0000845877-23-000026-index.htm",
        "finalLink": "https://www.sec.gov/Archives/edgar/data/845877/000084587723000026/agm-20221231.htm"
    },
    {
        "date": "2022-09-30",
        "symbol": "AGM",
        "reportedCurrency": "USD",
        "cik": "0000845877",
        "fillingDate": "2022-11-07",
        "acceptedDate": "2022-11-07 16:13:38",
        "calendarYear": "2022",
        "period": "Q3",
        "revenue": 197815000,
        "costOfRevenue": 126387000,
        "grossProfit": 71428000,
        "grossProfitRatio": 0.361084852,
        "researchAndDevelopmentExpenses": 0,
        "generalAndAdministrativeExpenses": 18567000,
        "sellingAndMarketingExpenses": 0,
        "sellingGeneralAndAdministrativeExpenses": 18567000,
        "otherExpenses": 812000,
        "operatingExpenses": 19379000,
        "costAndExpenses": 145766000,
        "interestIncome": 193790000,
        "interestExpense": 125937000,
        "depreciationAndAmortization": 80000,
        "ebitda": 52129000,
        "ebitdaratio": 0.2635239997,
        "operatingIncome": 52049000,
        "operatingIncomeRatio": 0.2631195814,
        "totalOtherIncomeExpensesNet": 0,
        "incomeBeforeTax": 52049000,
        "incomeBeforeTaxRatio": 0.2631195814,
        "incomeTaxExpense": 10631000,
        "netIncome": 41418000,
        "netIncomeRatio": 0.2093774486,
        "eps": 3.21,
        "epsdiluted": 3.18,
        "weightedAverageShsOut": 10799000,
        "weightedAverageShsOutDil": 10874000,
        "link": "https://www.sec.gov/Archives/edgar/data/845877/000084587722000211/0000845877-22-000211-index.htm",
        "finalLink": "https://www.sec.gov/Archives/edgar/data/845877/000084587722000211/agm-20220930.htm"
    },
    {
        "date": "2022-06-30",
        "symbol": "AGM",
        "reportedCurrency": "USD",
        "cik": "0000845877",
        "fillingDate": "2022-08-08",
        "acceptedDate": "2022-08-08 16:13:00",
        "calendarYear": "2022",
        "period": "Q2",
        "revenue": 146960000,
        "costOfRevenue": 73999000,
        "grossProfit": 72961000,
        "grossProfitRatio": 0.4964684268,
        "researchAndDevelopmentExpenses": 0,
        "generalAndAdministrativeExpenses": 19235000,
        "sellingAndMarketingExpenses": 0,
        "sellingGeneralAndAdministrativeExpenses": 19235000,
        "otherExpenses": 813000,
        "operatingExpenses": 20048000,
        "costAndExpenses": 94047000,
        "interestIncome": 139448000,
        "interestExpense": 75534000,
        "depreciationAndAmortization": 136000,
        "ebitda": 53049000,
        "ebitdaratio": 0.3609757757,
        "operatingIncome": 52913000,
        "operatingIncomeRatio": 0.3600503538,
        "totalOtherIncomeExpensesNet": 0,
        "incomeBeforeTax": 52913000,
        "incomeBeforeTaxRatio": 0.3600503538,
        "incomeTaxExpense": 11058000,
        "netIncome": 41855000,
        "netIncomeRatio": 0.2848053892,
        "eps": 3.25,
        "epsdiluted": 3.23,
        "weightedAverageShsOut": 10796000,
        "weightedAverageShsOutDil": 10864000,
        "link": "https://www.sec.gov/Archives/edgar/data/845877/000084587722000163/0000845877-22-000163-index.htm",
        "finalLink": "https://www.sec.gov/Archives/edgar/data/845877/000084587722000163/agm-20220630.htm"
    },
    {
        "date": "2022-03-31",
        "symbol": "AGM",
        "reportedCurrency": "USD",
        "cik": "0000845877",
        "fillingDate": "2022-05-09",
        "acceptedDate": "2022-05-09 16:13:40",
        "calendarYear": "2022",
        "period": "Q1",
        "revenue": 137178000,
        "costOfRevenue": 50291000,
        "grossProfit": 86887000,
        "grossProfitRatio": 0.6333887358,
        "researchAndDevelopmentExpenses": 0,
        "generalAndAdministrativeExpenses": 20576000,
        "sellingAndMarketingExpenses": 0,
        "sellingGeneralAndAdministrativeExpenses": 20576000,
        "otherExpenses": 812000,
        "operatingExpenses": 21388000,
        "costAndExpenses": 71679000,
        "interestIncome": 115883000,
        "interestExpense": 50345000,
        "depreciationAndAmortization": 131000,
        "ebitda": 65630000,
        "ebitdaratio": 0.4784294858,
        "operatingIncome": 65499000,
        "operatingIncomeRatio": 0.4774745222,
        "totalOtherIncomeExpensesNet": 0,
        "incomeBeforeTax": 65499000,
        "incomeBeforeTaxRatio": 0.4774745222,
        "incomeTaxExpense": 14046000,
        "netIncome": 51453000,
        "netIncomeRatio": 0.3750820102,
        "eps": 4.15,
        "epsdiluted": 4.1,
        "weightedAverageShsOut": 10767000,
        "weightedAverageShsOutDil": 10887000,
        "link": "https://www.sec.gov/Archives/edgar/data/845877/000084587722000120/0000845877-22-000120-index.htm",
        "finalLink": "https://www.sec.gov/Archives/edgar/data/845877/000084587722000120/agm-20220331.htm"
    },
    {
        "date": "2021-12-31",
        "symbol": "AGM",
        "reportedCurrency": "USD",
        "cik": "0000845877",
        "fillingDate": "2022-02-28",
        "acceptedDate": "2022-02-28 16:14:15",
        "calendarYear": "2021",
        "period": "Q4",
        "revenue": 114123000,
        "costOfRevenue": 46987000,
        "grossProfit": 67136000,
        "grossProfitRatio": 0.5882775602,
        "researchAndDevelopmentExpenses": 0,
        "generalAndAdministrativeExpenses": 19738000,
        "sellingAndMarketingExpenses": 0,
        "sellingGeneralAndAdministrativeExpenses": 19738000,
        "otherExpenses": 940000,
        "operatingExpenses": 20678000,
        "costAndExpenses": 67665000,
        "interestIncome": 105805000,
        "interestExpense": 48415000,
        "depreciationAndAmortization": 0,
        "ebitda": 46458000,
        "ebitdaratio": 0.4070870902,
        "operatingIncome": 46458000,
        "operatingIncomeRatio": 0.4070870902,
        "totalOtherIncomeExpensesNet": 0,
        "incomeBeforeTax": 46458000,
        "incomeBeforeTaxRatio": 0.4070870902,
        "incomeTaxExpense": 9774000,
        "netIncome": 36684000,
        "netIncomeRatio": 0.321442654,
        "eps": 2.78,
        "epsdiluted": 2.75,
        "weightedAverageShsOut": 10766000,
        "weightedAverageShsOutDil": 10877000,
        "link": "https://www.sec.gov/Archives/edgar/data/845877/000084587722000022/0000845877-22-000022-index.htm",
        "finalLink": "https://www.sec.gov/Archives/edgar/data/845877/000084587722000022/agm-20211231.htm"
    },
    {
        "date": "2021-09-30",
        "symbol": "AGM",
        "reportedCurrency": "USD",
        "cik": "0000845877",
        "fillingDate": "2021-11-08",
        "acceptedDate": "2021-11-08 16:11:01",
        "calendarYear": "2021",
        "period": "Q3",
        "revenue": 111522000,
        "costOfRevenue": 49722000,
        "grossProfit": 61800000,
        "grossProfitRatio": 0.5541507505,
        "researchAndDevelopmentExpenses": 0,
        "generalAndAdministrativeExpenses": 16357000,
        "sellingAndMarketingExpenses": 0,
        "sellingGeneralAndAdministrativeExpenses": 16357000,
        "otherExpenses": 750000,
        "operatingExpenses": 17107000,
        "costAndExpenses": 66829000,
        "interestIncome": 108383000,
        "interestExpense": 49467000,
        "depreciationAndAmortization": 0,
        "ebitda": 44693000,
        "ebitdaratio": 0.400755008,
        "operatingIncome": 44693000,
        "operatingIncomeRatio": 0.400755008,
        "totalOtherIncomeExpensesNet": 0,
        "incomeBeforeTax": 44693000,
        "incomeBeforeTaxRatio": 0.400755008,
        "incomeTaxExpense": 9388000,
        "netIncome": 35305000,
        "netIncomeRatio": 0.3165743082,
        "eps": 2.65,
        "epsdiluted": 2.63,
        "weightedAverageShsOut": 10766000,
        "weightedAverageShsOutDil": 10842000,
        "link": "https://www.sec.gov/Archives/edgar/data/845877/000084587721000205/0000845877-21-000205-index.htm",
        "finalLink": "https://www.sec.gov/Archives/edgar/data/845877/000084587721000205/agm-20210930.htm"
    },
    {
        "date": "2021-06-30",
        "symbol": "AGM",
        "reportedCurrency": "USD",
        "cik": "0000845877",
        "fillingDate": "2021-08-05",
        "acceptedDate": "2021-08-05 16:16:46",
        "calendarYear": "2021",
        "period": "Q2",
        "revenue": 107389000,
        "costOfRevenue": 50973000,
        "grossProfit": 56416000,
        "grossProfitRatio": 0.5253424466,
        "researchAndDevelopmentExpenses": 0,
        "generalAndAdministrativeExpenses": 16128000,
        "sellingAndMarketingExpenses": 0,
        "sellingGeneralAndAdministrativeExpenses": 16128000,
        "otherExpenses": 750000,
        "operatingExpenses": 16878000,
        "costAndExpenses": 67851000,
        "interestIncome": 107085000,
        "interestExpense": 51956000,
        "depreciationAndAmortization": 0,
        "ebitda": 39538000,
        "ebitdaratio": 0.3681755115,
        "operatingIncome": 39538000,
        "operatingIncomeRatio": 0.3681755115,
        "totalOtherIncomeExpensesNet": 0,
        "incomeBeforeTax": 39538000,
        "incomeBeforeTaxRatio": 0.3681755115,
        "incomeTaxExpense": 8252000,
        "netIncome": 31286000,
        "netIncomeRatio": 0.2913333768,
        "eps": 2.36,
        "epsdiluted": 2.35,
        "weightedAverageShsOut": 10763000,
        "weightedAverageShsOutDil": 10838000,
        "link": "https://www.sec.gov/Archives/edgar/data/845877/000084587721000178/0000845877-21-000178-index.htm",
        "finalLink": "https://www.sec.gov/Archives/edgar/data/845877/000084587721000178/agm-20210630.htm"
    },
    {
        "date": "2021-03-31",
        "symbol": "AGM",
        "reportedCurrency": "USD",
        "cik": "0000845877",
        "fillingDate": "2021-05-06",
        "acceptedDate": "2021-05-06 16:10:24",
        "calendarYear": "2021",
        "period": "Q1",
        "revenue": 115320000,
        "costOfRevenue": 54145000,
        "grossProfit": 61175000,
        "grossProfitRatio": 0.5304804024,
        "researchAndDevelopmentExpenses": 0,
        "generalAndAdministrativeExpenses": 18131000,
        "sellingAndMarketingExpenses": 0,
        "sellingGeneralAndAdministrativeExpenses": 18131000,
        "otherExpenses": 750000,
        "operatingExpenses": 18881000,
        "costAndExpenses": 73026000,
        "interestIncome": 107427000,
        "interestExpense": 54176000,
        "depreciationAndAmortization": 0,
        "ebitda": 42294000,
        "ebitdaratio": 0.3667533819,
        "operatingIncome": 42294000,
        "operatingIncomeRatio": 0.3667533819,
        "totalOtherIncomeExpensesNet": 0,
        "incomeBeforeTax": 42294000,
        "incomeBeforeTaxRatio": 0.3667533819,
        "incomeTaxExpense": 9067000,
        "netIncome": 33227000,
        "netIncomeRatio": 0.2881286854,
        "eps": 2.6,
        "epsdiluted": 2.58,
        "weightedAverageShsOut": 10738000,
        "weightedAverageShsOutDil": 10819000,
        "link": "https://www.sec.gov/Archives/edgar/data/845877/000084587721000122/0000845877-21-000122-index.htm",
        "finalLink": "https://www.sec.gov/Archives/edgar/data/845877/000084587721000122/agm-20210331.htm"
    },
    {
        "date": "2020-12-31",
        "symbol": "AGM",
        "reportedCurrency": "USD",
        "cik": "0000845877",
        "fillingDate": "2021-02-25",
        "acceptedDate": "2021-02-25 16:12:32",
        "calendarYear": "2020",
        "period": "Q4",
        "revenue": 124620000,
        "costOfRevenue": 64130000,
        "grossProfit": 60490000,
        "grossProfitRatio": 0.4853956026,
        "researchAndDevelopmentExpenses": 0,
        "generalAndAdministrativeExpenses": 15771000,
        "sellingAndMarketingExpenses": 0,
        "sellingGeneralAndAdministrativeExpenses": 15771000,
        "otherExpenses": 750000,
        "operatingExpenses": 16521000,
        "costAndExpenses": 80651000,
        "interestIncome": 117424000,
        "interestExpense": 61157000,
        "depreciationAndAmortization": 0,
        "ebitda": 43969000,
        "ebitdaratio": 0.3528245867,
        "operatingIncome": 43969000,
        "operatingIncomeRatio": 0.3528245867,
        "totalOtherIncomeExpensesNet": 0,
        "incomeBeforeTax": 43969000,
        "incomeBeforeTaxRatio": 0.3528245867,
        "incomeTaxExpense": 9269000,
        "netIncome": 34700000,
        "netIncomeRatio": 0.2784464773,
        "eps": 2.74,
        "epsdiluted": 2.73,
        "weightedAverageShsOut": 10736000,
        "weightedAverageShsOutDil": 10799000,
        "link": "https://www.sec.gov/Archives/edgar/data/845877/000084587721000024/0000845877-21-000024-index.htm",
        "finalLink": "https://www.sec.gov/Archives/edgar/data/845877/000084587721000024/agm-20201231.htm"
    },
    {
        "date": "2020-09-30",
        "symbol": "AGM",
        "reportedCurrency": "USD",
        "cik": "0000845877",
        "fillingDate": "2020-11-09",
        "acceptedDate": "2020-11-09 16:10:54",
        "calendarYear": "2020",
        "period": "Q3",
        "revenue": 111566000,
        "costOfRevenue": 65174000,
        "grossProfit": 46392000,
        "grossProfitRatio": 0.41582561,
        "researchAndDevelopmentExpenses": 0,
        "generalAndAdministrativeExpenses": 13835000,
        "sellingAndMarketingExpenses": 0,
        "sellingGeneralAndAdministrativeExpenses": 13835000,
        "otherExpenses": 725000,
        "operatingExpenses": 14560000,
        "costAndExpenses": 79734000,
        "interestIncome": 108635000,
        "interestExpense": 63974000,
        "depreciationAndAmortization": 0,
        "ebitda": 31832000,
        "ebitdaratio": 0.2853199003,
        "operatingIncome": 31832000,
        "operatingIncomeRatio": 0.2853199003,
        "totalOtherIncomeExpensesNet": 0,
        "incomeBeforeTax": 31832000,
        "incomeBeforeTaxRatio": 0.2853199003,
        "incomeTaxExpense": 6340000,
        "netIncome": 25492000,
        "netIncomeRatio": 0.2284925515,
        "eps": 1.74,
        "epsdiluted": 1.73,
        "weightedAverageShsOut": 10734000,
        "weightedAverageShsOutDil": 10785000,
        "link": "https://www.sec.gov/Archives/edgar/data/845877/000084587720000221/0000845877-20-000221-index.htm",
        "finalLink": "https://www.sec.gov/Archives/edgar/data/845877/000084587720000221/agm-20200930.htm"
    },
    {
        "date": "2020-06-30",
        "symbol": "AGM",
        "reportedCurrency": "USD",
        "cik": "0000845877",
        "fillingDate": "2020-08-10",
        "acceptedDate": "2020-08-10 16:13:31",
        "calendarYear": "2020",
        "period": "Q2",
        "revenue": 138492000,
        "costOfRevenue": 79324000,
        "grossProfit": 59168000,
        "grossProfitRatio": 0.4272304537,
        "researchAndDevelopmentExpenses": 0,
        "generalAndAdministrativeExpenses": 13382000,
        "sellingAndMarketingExpenses": 0,
        "sellingGeneralAndAdministrativeExpenses": 13382000,
        "otherExpenses": 725000,
        "operatingExpenses": 14107000,
        "costAndExpenses": 93431000,
        "interestIncome": 127621000,
        "interestExpense": 79273000,
        "depreciationAndAmortization": 0,
        "ebitda": 45061000,
        "ebitdaratio": 0.3253689744,
        "operatingIncome": 45061000,
        "operatingIncomeRatio": 0.3253689744,
        "totalOtherIncomeExpensesNet": 0,
        "incomeBeforeTax": 45061000,
        "incomeBeforeTaxRatio": 0.3253689744,
        "incomeTaxExpense": 9435000,
        "netIncome": 35626000,
        "netIncomeRatio": 0.2572422956,
        "eps": 2.95,
        "epsdiluted": 2.94,
        "weightedAverageShsOut": 10730000,
        "weightedAverageShsOutDil": 10776000,
        "link": "https://www.sec.gov/Archives/edgar/data/845877/000084587720000190/0000845877-20-000190-index.htm",
        "finalLink": "https://www.sec.gov/Archives/edgar/data/845877/000084587720000190/agm-20200630.htm"
    },
    {
        "date": "2020-03-31",
        "symbol": "AGM",
        "reportedCurrency": "USD",
        "cik": "0000845877",
        "fillingDate": "2020-05-11",
        "acceptedDate": "2020-05-11 16:21:50",
        "calendarYear": "2020",
        "period": "Q1",
        "revenue": 145159000,
        "costOfRevenue": 112373000,
        "grossProfit": 32786000,
        "grossProfitRatio": 0.2258626747,
        "researchAndDevelopmentExpenses": 0,
        "generalAndAdministrativeExpenses": 15490000,
        "sellingAndMarketingExpenses": 0,
        "sellingGeneralAndAdministrativeExpenses": 15490000,
        "otherExpenses": 725000,
        "operatingExpenses": 16215000,
        "costAndExpenses": 128588000,
        "interestIncome": 149854000,
        "interestExpense": 108542000,
        "depreciationAndAmortization": 0,
        "ebitda": 16571000,
        "ebitdaratio": 0.1141575789,
        "operatingIncome": 16571000,
        "operatingIncomeRatio": 0.1141575789,
        "totalOtherIncomeExpensesNet": 0,
        "incomeBeforeTax": 16571000,
        "incomeBeforeTaxRatio": 0.1141575789,
        "incomeTaxExpense": 3741000,
        "netIncome": 12830000,
        "netIncomeRatio": 0.088385839,
        "eps": 0.88,
        "epsdiluted": 0.87,
        "weightedAverageShsOut": 10712000,
        "weightedAverageShsOutDil": 10782000,
        "link": "https://www.sec.gov/Archives/edgar/data/845877/000084587720000127/0000845877-20-000127-index.htm",
        "finalLink": "https://www.sec.gov/Archives/edgar/data/845877/000084587720000127/agm-20200331.htm"
    },
    {
        "date": "2019-12-31",
        "symbol": "AGM",
        "reportedCurrency": "USD",
        "cik": "0000845877",
        "fillingDate": "2020-02-25",
        "acceptedDate": "2020-02-25 16:43:08",
        "calendarYear": "2019",
        "period": "Q4",
        "revenue": 170906000,
        "costOfRevenue": 116435000,
        "grossProfit": 54471000,
        "grossProfitRatio": 0.3187190619,
        "researchAndDevelopmentExpenses": 0,
        "generalAndAdministrativeExpenses": 12505000,
        "sellingAndMarketingExpenses": 0,
        "sellingGeneralAndAdministrativeExpenses": 12505000,
        "otherExpenses": 725000,
        "operatingExpenses": 13230000,
        "costAndExpenses": 129665000,
        "interestIncome": 162954000,
        "interestExpense": 113584000,
        "depreciationAndAmortization": 0,
        "ebitda": 41241000,
        "ebitdaratio": 0.2413080875,
        "operatingIncome": 41241000,
        "operatingIncomeRatio": 0.2413080875,
        "totalOtherIncomeExpensesNet": 0,
        "incomeBeforeTax": 41241000,
        "incomeBeforeTaxRatio": 0.2413080875,
        "incomeTaxExpense": 8743000,
        "netIncome": 32498000,
        "netIncomeRatio": 0.1901513112,
        "eps": 2.72,
        "epsdiluted": 2.7,
        "weightedAverageShsOut": 10711000,
        "weightedAverageShsOutDil": 10711000,
        "link": "https://www.sec.gov/Archives/edgar/data/845877/000084587720000029/0000845877-20-000029-index.htm",
        "finalLink": "https://www.sec.gov/Archives/edgar/data/845877/000084587720000029/agm-20191231.htm"
    },
    {
        "date": "2019-09-30",
        "symbol": "AGM",
        "reportedCurrency": "USD",
        "cik": "0000845877",
        "fillingDate": "2019-11-06",
        "acceptedDate": "2019-11-06 08:55:02",
        "calendarYear": "2019",
        "period": "Q3",
        "revenue": 158064000,
        "costOfRevenue": 122007000,
        "grossProfit": 36057000,
        "grossProfitRatio": 0.2281164592,
        "researchAndDevelopmentExpenses": 0,
        "generalAndAdministrativeExpenses": 12907000,
        "sellingAndMarketingExpenses": 0,
        "sellingGeneralAndAdministrativeExpenses": 12907000,
        "otherExpenses": 688000,
        "operatingExpenses": 13595000,
        "costAndExpenses": 135602000,
        "interestIncome": 161496000,
        "interestExpense": 121384000,
        "depreciationAndAmortization": 0,
        "ebitda": 22462000,
        "ebitdaratio": 0.1421069946,
        "operatingIncome": 22462000,
        "operatingIncomeRatio": 0.1421069946,
        "totalOtherIncomeExpensesNet": 0,
        "incomeBeforeTax": 22462000,
        "incomeBeforeTaxRatio": 0.1421069946,
        "incomeTaxExpense": 4629000,
        "netIncome": 17833000,
        "netIncomeRatio": 0.1128213888,
        "eps": 1.34,
        "epsdiluted": 1.33,
        "weightedAverageShsOut": 10706000,
        "weightedAverageShsOutDil": 10776000,
        "link": "https://www.sec.gov/Archives/edgar/data/845877/000084587719000160/0000845877-19-000160-index.htm",
        "finalLink": "https://www.sec.gov/Archives/edgar/data/845877/000084587719000160/a2019q310-q.htm"
    },
    {
        "date": "2019-06-30",
        "symbol": "AGM",
        "reportedCurrency": "USD",
        "cik": "0000845877",
        "fillingDate": "2019-08-01",
        "acceptedDate": "2019-08-01 08:54:52",
        "calendarYear": "2019",
        "period": "Q2",
        "revenue": 177860000,
        "costOfRevenue": 122494000,
        "grossProfit": 55366000,
        "grossProfitRatio": 0.3112897785,
        "researchAndDevelopmentExpenses": 0,
        "generalAndAdministrativeExpenses": 11459000,
        "sellingAndMarketingExpenses": 0,
        "sellingGeneralAndAdministrativeExpenses": 11459000,
        "otherExpenses": 751000,
        "operatingExpenses": 12210000,
        "costAndExpenses": 134704000,
        "interestIncome": 165128000,
        "interestExpense": 122074000,
        "depreciationAndAmortization": 0,
        "ebitda": 43156000,
        "ebitdaratio": 0.2426402789,
        "operatingIncome": 43156000,
        "operatingIncomeRatio": 0.2426402789,
        "totalOtherIncomeExpensesNet": 0,
        "incomeBeforeTax": 43156000,
        "incomeBeforeTaxRatio": 0.2426402789,
        "incomeTaxExpense": 9111000,
        "netIncome": 34045000,
        "netIncomeRatio": 0.1914145957,
        "eps": 2.65,
        "epsdiluted": 2.63,
        "weightedAverageShsOut": 10698000,
        "weightedAverageShsOutDil": 10770000,
        "link": "https://www.sec.gov/Archives/edgar/data/845877/000084587719000132/0000845877-19-000132-index.htm",
        "finalLink": "https://www.sec.gov/Archives/edgar/data/845877/000084587719000132/a2019q210-q.htm"
    },
    {
        "date": "2019-03-31",
        "symbol": "AGM",
        "reportedCurrency": "USD",
        "cik": "0000845877",
        "fillingDate": "2019-05-02",
        "acceptedDate": "2019-05-02 08:38:42",
        "calendarYear": "2019",
        "period": "Q1",
        "revenue": 159205000,
        "costOfRevenue": 114523000,
        "grossProfit": 44682000,
        "grossProfitRatio": 0.2806570145,
        "researchAndDevelopmentExpenses": 0,
        "generalAndAdministrativeExpenses": 12202000,
        "sellingAndMarketingExpenses": 0,
        "sellingGeneralAndAdministrativeExpenses": 12202000,
        "otherExpenses": 688000,
        "operatingExpenses": 12890000,
        "costAndExpenses": 127413000,
        "interestIncome": 155515000,
        "interestExpense": 114916000,
        "depreciationAndAmortization": 0,
        "ebitda": 31792000,
        "ebitdaratio": 0.1996922207,
        "operatingIncome": 31792000,
        "operatingIncomeRatio": 0.1996922207,
        "totalOtherIncomeExpensesNet": 0,
        "incomeBeforeTax": 31792000,
        "incomeBeforeTaxRatio": 0.1996922207,
        "incomeTaxExpense": 6622000,
        "netIncome": 25170000,
        "netIncomeRatio": 0.1580980497,
        "eps": 2.05,
        "epsdiluted": 2.03,
        "weightedAverageShsOut": 10670000,
        "weightedAverageShsOutDil": 10777000,
        "link": "https://www.sec.gov/Archives/edgar/data/845877/000084587719000093/0000845877-19-000093-index.htm",
        "finalLink": "https://www.sec.gov/Archives/edgar/data/845877/000084587719000093/a2019q110-q.htm"
    },
    {
        "date": "2018-12-31",
        "symbol": "AGM",
        "reportedCurrency": "USD",
        "cik": "0000845877",
        "fillingDate": "2019-02-21",
        "acceptedDate": "2019-02-21 08:43:41",
        "calendarYear": "2018",
        "period": "Q4",
        "revenue": 147135000,
        "costOfRevenue": 104403000,
        "grossProfit": 42732000,
        "grossProfitRatio": 0.2904271587,
        "researchAndDevelopmentExpenses": 0,
        "generalAndAdministrativeExpenses": 12996000,
        "sellingAndMarketingExpenses": 0,
        "sellingGeneralAndAdministrativeExpenses": 12996000,
        "otherExpenses": 687000,
        "operatingExpenses": 13683000,
        "costAndExpenses": 118086000,
        "interestIncome": 146453000,
        "interestExpense": 104237000,
        "depreciationAndAmortization": 0,
        "ebitda": 29049000,
        "ebitdaratio": 0.1974309308,
        "operatingIncome": 29049000,
        "operatingIncomeRatio": 0.1974309308,
        "totalOtherIncomeExpensesNet": 0,
        "incomeBeforeTax": 29049000,
        "incomeBeforeTaxRatio": 0.1974309308,
        "incomeTaxExpense": 6193000,
        "netIncome": 22856000,
        "netIncomeRatio": 0.1553403337,
        "eps": 1.84,
        "epsdiluted": 1.82,
        "weightedAverageShsOut": 10630000,
        "weightedAverageShsOutDil": 10747000,
        "link": "https://www.sec.gov/Archives/edgar/data/845877/000084587719000018/0000845877-19-000018-index.htm",
        "finalLink": "https://www.sec.gov/Archives/edgar/data/845877/000084587719000018/a201810-k.htm"
    },
    {
        "date": "2018-09-30",
        "symbol": "AGM",
        "reportedCurrency": "USD",
        "cik": "0000845877",
        "fillingDate": "2018-11-08",
        "acceptedDate": "2018-11-08 08:59:23",
        "calendarYear": "2018",
        "period": "Q3",
        "revenue": 147054000,
        "costOfRevenue": 97554000,
        "grossProfit": 49500000,
        "grossProfitRatio": 0.3366110408,
        "researchAndDevelopmentExpenses": 0,
        "generalAndAdministrativeExpenses": 11127000,
        "sellingAndMarketingExpenses": 0,
        "sellingGeneralAndAdministrativeExpenses": 11127000,
        "otherExpenses": 625000,
        "operatingExpenses": 11752000,
        "costAndExpenses": 109306000,
        "interestIncome": 142615000,
        "interestExpense": 97557000,
        "depreciationAndAmortization": 0,
        "ebitda": 37748000,
        "ebitdaratio": 0.2566948196,
        "operatingIncome": 37748000,
        "operatingIncomeRatio": 0.2566948196,
        "totalOtherIncomeExpensesNet": 0,
        "incomeBeforeTax": 37748000,
        "incomeBeforeTaxRatio": 0.2566948196,
        "incomeTaxExpense": 7979000,
        "netIncome": 29769000,
        "netIncomeRatio": 0.2024358399,
        "eps": 2.48,
        "epsdiluted": 2.46,
        "weightedAverageShsOut": 10668000,
        "weightedAverageShsOutDil": 10744000,
        "link": "https://www.sec.gov/Archives/edgar/data/845877/000084587718000182/0000845877-18-000182-index.htm",
        "finalLink": "https://www.sec.gov/Archives/edgar/data/845877/000084587718000182/a2018q310-q.htm"
    },
    {
        "date": "2018-06-30",
        "symbol": "AGM",
        "reportedCurrency": "USD",
        "cik": "0000845877",
        "fillingDate": "2018-08-09",
        "acceptedDate": "2018-08-09 08:51:51",
        "calendarYear": "2018",
        "period": "Q2",
        "revenue": 142050000,
        "costOfRevenue": 92319000,
        "grossProfit": 49731000,
        "grossProfitRatio": 0.350095037,
        "researchAndDevelopmentExpenses": 0,
        "generalAndAdministrativeExpenses": 12138000,
        "sellingAndMarketingExpenses": 0,
        "sellingGeneralAndAdministrativeExpenses": 12138000,
        "otherExpenses": 625000,
        "operatingExpenses": 12763000,
        "costAndExpenses": 105082000,
        "interestIncome": 135670000,
        "interestExpense": 91737000,
        "depreciationAndAmortization": 0,
        "ebitda": 36968000,
        "ebitdaratio": 0.2602463921,
        "operatingIncome": 36968000,
        "operatingIncomeRatio": 0.2602463921,
        "totalOtherIncomeExpensesNet": 0,
        "incomeBeforeTax": 36968000,
        "incomeBeforeTaxRatio": 0.2602463921,
        "incomeTaxExpense": 7332000,
        "netIncome": 29636000,
        "netIncomeRatio": 0.2086307638,
        "eps": 2.47,
        "epsdiluted": 2.45,
        "weightedAverageShsOut": 10658000,
        "weightedAverageShsOutDil": 10742000,
        "link": "https://www.sec.gov/Archives/edgar/data/845877/000084587718000158/0000845877-18-000158-index.htm",
        "finalLink": "https://www.sec.gov/Archives/edgar/data/845877/000084587718000158/a2018q210-q.htm"
    },
    {
        "date": "2018-03-31",
        "symbol": "AGM",
        "reportedCurrency": "USD",
        "cik": "0000845877",
        "fillingDate": "2018-05-10",
        "acceptedDate": "2018-05-10 09:14:46",
        "calendarYear": "2018",
        "period": "Q1",
        "revenue": 119785000,
        "costOfRevenue": 75907000,
        "grossProfit": 43878000,
        "grossProfitRatio": 0.3663062988,
        "researchAndDevelopmentExpenses": 0,
        "generalAndAdministrativeExpenses": 10980000,
        "sellingAndMarketingExpenses": 0,
        "sellingGeneralAndAdministrativeExpenses": 10980000,
        "otherExpenses": 641000,
        "operatingExpenses": 11621000,
        "costAndExpenses": 87528000,
        "interestIncome": 119546000,
        "interestExpense": 76317000,
        "depreciationAndAmortization": 0,
        "ebitda": 32257000,
        "ebitdaratio": 0.2692908127,
        "operatingIncome": 32257000,
        "operatingIncomeRatio": 0.2692908127,
        "totalOtherIncomeExpensesNet": 0,
        "incomeBeforeTax": 32257000,
        "incomeBeforeTaxRatio": 0.2692908127,
        "incomeTaxExpense": 6438000,
        "netIncome": 25819000,
        "netIncomeRatio": 0.2155445173,
        "eps": 2.12,
        "epsdiluted": 2.1,
        "weightedAverageShsOut": 10622000,
        "weightedAverageShsOutDil": 10741000,
        "link": "https://www.sec.gov/Archives/edgar/data/845877/000084587718000094/0000845877-18-000094-index.htm",
        "finalLink": "https://www.sec.gov/Archives/edgar/data/845877/000084587718000094/a2018q110-q.htm"
    },
    {
        "date": "2017-12-31",
        "symbol": "AGM",
        "reportedCurrency": "USD",
        "cik": "0000845877",
        "fillingDate": "2018-03-08",
        "acceptedDate": "2018-03-08 09:11:09",
        "calendarYear": "2017",
        "period": "Q4",
        "revenue": 114044000,
        "costOfRevenue": 70552000,
        "grossProfit": 43492000,
        "grossProfitRatio": 0.3813615797,
        "researchAndDevelopmentExpenses": 0,
        "generalAndAdministrativeExpenses": 9595000,
        "sellingAndMarketingExpenses": 0,
        "sellingGeneralAndAdministrativeExpenses": 9595000,
        "otherExpenses": 625000,
        "operatingExpenses": 10220000,
        "costAndExpenses": 80772000,
        "interestIncome": 111371000,
        "interestExpense": 70088000,
        "depreciationAndAmortization": 0,
        "ebitda": 33272000,
        "ebitdaratio": 0.291747045,
        "operatingIncome": 33272000,
        "operatingIncomeRatio": 0.291747045,
        "totalOtherIncomeExpensesNet": 0,
        "incomeBeforeTax": 33272000,
        "incomeBeforeTaxRatio": 0.291747045,
        "incomeTaxExpense": 13266000,
        "netIncome": 20006000,
        "netIncomeRatio": 0.1754235207,
        "eps": 1.57,
        "epsdiluted": 1.55,
        "weightedAverageShsOut": 10643000,
        "weightedAverageShsOutDil": 10781000,
        "link": "https://www.sec.gov/Archives/edgar/data/845877/000084587718000017/0000845877-18-000017-index.htm",
        "finalLink": "https://www.sec.gov/Archives/edgar/data/845877/000084587718000017/a201710-k.htm"
    },
    {
        "date": "2017-09-30",
        "symbol": "AGM",
        "reportedCurrency": "USD",
        "cik": "0000845877",
        "fillingDate": "2017-11-09",
        "acceptedDate": "2017-11-09 09:13:27",
        "calendarYear": "2017",
        "period": "Q3",
        "revenue": 108796000,
        "costOfRevenue": 65319000,
        "grossProfit": 43477000,
        "grossProfitRatio": 0.3996194713,
        "researchAndDevelopmentExpenses": 0,
        "generalAndAdministrativeExpenses": 9877000,
        "sellingAndMarketingExpenses": 0,
        "sellingGeneralAndAdministrativeExpenses": 9877000,
        "otherExpenses": 625000,
        "operatingExpenses": 10502000,
        "costAndExpenses": 75821000,
        "interestIncome": 104497000,
        "interestExpense": 64935000,
        "depreciationAndAmortization": 0,
        "ebitda": 32975000,
        "ebitdaratio": 0.3030901871,
        "operatingIncome": 32975000,
        "operatingIncomeRatio": 0.3030901871,
        "totalOtherIncomeExpensesNet": 0,
        "incomeBeforeTax": 32975000,
        "incomeBeforeTaxRatio": 0.3030901871,
        "incomeTaxExpense": 11193000,
        "netIncome": 21782000,
        "netIncomeRatio": 0.2002095665,
        "eps": 1.74,
        "epsdiluted": 1.71,
        "weightedAverageShsOut": 10605000,
        "weightedAverageShsOutDil": 10815000,
        "link": "https://www.sec.gov/Archives/edgar/data/845877/000084587717000155/0000845877-17-000155-index.htm",
        "finalLink": "https://www.sec.gov/Archives/edgar/data/845877/000084587717000155/a2017q310-q.htm"
    },
    {
        "date": "2017-06-30",
        "symbol": "AGM",
        "reportedCurrency": "USD",
        "cik": "0000845877",
        "fillingDate": "2017-08-09",
        "acceptedDate": "2017-08-09 08:15:53",
        "calendarYear": "2017",
        "period": "Q2",
        "revenue": 101791000,
        "costOfRevenue": 58782000,
        "grossProfit": 43009000,
        "grossProfitRatio": 0.4225226199,
        "researchAndDevelopmentExpenses": 0,
        "generalAndAdministrativeExpenses": 10603000,
        "sellingAndMarketingExpenses": 0,
        "sellingGeneralAndAdministrativeExpenses": 10603000,
        "otherExpenses": 648000,
        "operatingExpenses": 11251000,
        "costAndExpenses": 70033000,
        "interestIncome": 98047000,
        "interestExpense": 58316000,
        "depreciationAndAmortization": 0,
        "ebitda": 31758000,
        "ebitdaratio": 0.3119922194,
        "operatingIncome": 31758000,
        "operatingIncomeRatio": 0.3119922194,
        "totalOtherIncomeExpensesNet": 0,
        "incomeBeforeTax": 31758000,
        "incomeBeforeTaxRatio": 0.3119922194,
        "incomeTaxExpense": 11124000,
        "netIncome": 20784000,
        "netIncomeRatio": 0.204183081,
        "eps": 1.65,
        "epsdiluted": 1.62,
        "weightedAverageShsOut": 10600000,
        "weightedAverageShsOutDil": 10783000,
        "link": "https://www.sec.gov/Archives/edgar/data/845877/000084587717000124/0000845877-17-000124-index.htm",
        "finalLink": "https://www.sec.gov/Archives/edgar/data/845877/000084587717000124/a2017q210-q.htm"
    },
    {
        "date": "2017-03-31",
        "symbol": "AGM",
        "reportedCurrency": "USD",
        "cik": "0000845877",
        "fillingDate": "2017-05-10",
        "acceptedDate": "2017-05-10 09:11:45",
        "calendarYear": "2017",
        "period": "Q1",
        "revenue": 93413000,
        "costOfRevenue": 49990000,
        "grossProfit": 43423000,
        "grossProfitRatio": 0.4648496462,
        "researchAndDevelopmentExpenses": 0,
        "generalAndAdministrativeExpenses": 10117000,
        "sellingAndMarketingExpenses": 0,
        "sellingGeneralAndAdministrativeExpenses": 10117000,
        "otherExpenses": 625000,
        "operatingExpenses": 10742000,
        "costAndExpenses": 60732000,
        "interestIncome": 86617000,
        "interestExpense": 49546000,
        "depreciationAndAmortization": 0,
        "ebitda": 32681000,
        "ebitdaratio": 0.3498549452,
        "operatingIncome": 32681000,
        "operatingIncomeRatio": 0.3498549452,
        "totalOtherIncomeExpensesNet": 0,
        "incomeBeforeTax": 32681000,
        "incomeBeforeTaxRatio": 0.3498549452,
        "incomeTaxExpense": 10786000,
        "netIncome": 21910000,
        "netIncomeRatio": 0.234549795,
        "eps": 1.76,
        "epsdiluted": 1.73,
        "weightedAverageShsOut": 10551000,
        "weightedAverageShsOutDil": 10782000,
        "link": "https://www.sec.gov/Archives/edgar/data/845877/000084587717000092/0000845877-17-000092-index.htm",
        "finalLink": "https://www.sec.gov/Archives/edgar/data/845877/000084587717000092/a2017q110-q.htm"
    },
    {
        "date": "2016-12-31",
        "symbol": "AGM",
        "reportedCurrency": "USD",
        "cik": "0000845877",
        "fillingDate": "2017-03-09",
        "acceptedDate": "2017-03-09 08:40:58",
        "calendarYear": "2016",
        "period": "Q4",
        "revenue": 100548000,
        "costOfRevenue": 45040000,
        "grossProfit": 55508000,
        "grossProfitRatio": 0.55205474,
        "researchAndDevelopmentExpenses": 0,
        "generalAndAdministrativeExpenses": 10301000,
        "sellingAndMarketingExpenses": 0,
        "sellingGeneralAndAdministrativeExpenses": 10301000,
        "otherExpenses": 625000,
        "operatingExpenses": 10926000,
        "costAndExpenses": 55966000,
        "interestIncome": 81241000,
        "interestExpense": 44528000,
        "depreciationAndAmortization": 0,
        "ebitda": 44582000,
        "ebitdaratio": 0.4433902216,
        "operatingIncome": 44582000,
        "operatingIncomeRatio": 0.4433902216,
        "totalOtherIncomeExpensesNet": 0,
        "incomeBeforeTax": 44582000,
        "incomeBeforeTaxRatio": 0.4433902216,
        "incomeTaxExpense": 15793000,
        "netIncome": 28761000,
        "netIncomeRatio": 0.2860424872,
        "eps": 2.42,
        "epsdiluted": 2.38,
        "weightedAverageShsOut": 10523000,
        "weightedAverageShsOutDil": 10700000,
        "link": "https://www.sec.gov/Archives/edgar/data/845877/000084587717000018/0000845877-17-000018-index.htm",
        "finalLink": "https://www.sec.gov/Archives/edgar/data/845877/000084587717000018/a201610-k.htm"
    },
    {
        "date": "2016-09-30",
        "symbol": "AGM",
        "reportedCurrency": "USD",
        "cik": "0000845877",
        "fillingDate": "2016-11-09",
        "acceptedDate": "2016-11-09 09:03:42",
        "calendarYear": "2016",
        "period": "Q3",
        "revenue": 83633000,
        "costOfRevenue": 43938000,
        "grossProfit": 39695000,
        "grossProfitRatio": 0.4746332189,
        "researchAndDevelopmentExpenses": 0,
        "generalAndAdministrativeExpenses": 8912000,
        "sellingAndMarketingExpenses": 0,
        "sellingGeneralAndAdministrativeExpenses": 8912000,
        "otherExpenses": 613000,
        "operatingExpenses": 9525000,
        "costAndExpenses": 53463000,
        "interestIncome": 79532000,
        "interestExpense": 43969000,
        "depreciationAndAmortization": 0,
        "ebitda": 30170000,
        "ebitdaratio": 0.360742769,
        "operatingIncome": 30170000,
        "operatingIncomeRatio": 0.360742769,
        "totalOtherIncomeExpensesNet": 0,
        "incomeBeforeTax": 30170000,
        "incomeBeforeTaxRatio": 0.360742769,
        "incomeTaxExpense": 10529000,
        "netIncome": 19659000,
        "netIncomeRatio": 0.2350627145,
        "eps": 1.56,
        "epsdiluted": 1.54,
        "weightedAverageShsOut": 10473000,
        "weightedAverageShsOutDil": 10649000,
        "link": "https://www.sec.gov/Archives/edgar/data/845877/000084587716000335/0000845877-16-000335-index.htm",
        "finalLink": "https://www.sec.gov/Archives/edgar/data/845877/000084587716000335/a2016q310-q.htm"
    },
    {
        "date": "2016-06-30",
        "symbol": "AGM",
        "reportedCurrency": "USD",
        "cik": "0000845877",
        "fillingDate": "2016-08-09",
        "acceptedDate": "2016-08-09 08:37:18",
        "calendarYear": "2016",
        "period": "Q2",
        "revenue": 77002000,
        "costOfRevenue": 43336000,
        "grossProfit": 33666000,
        "grossProfitRatio": 0.4372094231,
        "researchAndDevelopmentExpenses": 0,
        "generalAndAdministrativeExpenses": 9368000,
        "sellingAndMarketingExpenses": 0,
        "sellingGeneralAndAdministrativeExpenses": 9368000,
        "otherExpenses": 612000,
        "operatingExpenses": 9980000,
        "costAndExpenses": 53316000,
        "interestIncome": 77236000,
        "interestExpense": 42878000,
        "depreciationAndAmortization": 0,
        "ebitda": 23686000,
        "ebitdaratio": 0.3076023999,
        "operatingIncome": 23686000,
        "operatingIncomeRatio": 0.3076023999,
        "totalOtherIncomeExpensesNet": 0,
        "incomeBeforeTax": 23686000,
        "incomeBeforeTaxRatio": 0.3076023999,
        "incomeTaxExpense": 8400000,
        "netIncome": 15302000,
        "netIncomeRatio": 0.1987221111,
        "eps": 1.15,
        "epsdiluted": 1.13,
        "weightedAverageShsOut": 10456000,
        "weightedAverageShsOutDil": 10614000,
        "link": "https://www.sec.gov/Archives/edgar/data/845877/000084587716000295/0000845877-16-000295-index.htm",
        "finalLink": "https://www.sec.gov/Archives/edgar/data/845877/000084587716000295/a2016q210-q.htm"
    },
    {
        "date": "2016-03-31",
        "symbol": "AGM",
        "reportedCurrency": "USD",
        "cik": "0000845877",
        "fillingDate": "2016-05-10",
        "acceptedDate": "2016-05-10 08:12:33",
        "calendarYear": "2016",
        "period": "Q1",
        "revenue": 71185000,
        "costOfRevenue": 40314000,
        "grossProfit": 30871000,
        "grossProfitRatio": 0.4336728243,
        "researchAndDevelopmentExpenses": 0,
        "generalAndAdministrativeExpenses": 9300000,
        "sellingAndMarketingExpenses": 0,
        "sellingGeneralAndAdministrativeExpenses": 9300000,
        "otherExpenses": 652000,
        "operatingExpenses": 9952000,
        "costAndExpenses": 50266000,
        "interestIncome": 73891000,
        "interestExpense": 40251000,
        "depreciationAndAmortization": 0,
        "ebitda": 20919000,
        "ebitdaratio": 0.2938680902,
        "operatingIncome": 20919000,
        "operatingIncomeRatio": 0.2938680902,
        "totalOtherIncomeExpensesNet": 0,
        "incomeBeforeTax": 20919000,
        "incomeBeforeTaxRatio": 0.2938680902,
        "incomeTaxExpense": 7335000,
        "netIncome": 13612000,
        "netIncomeRatio": 0.1912200604,
        "eps": 0.99,
        "epsdiluted": 0.94,
        "weightedAverageShsOut": 10465000,
        "weightedAverageShsOutDil": 11003000,
        "link": "https://www.sec.gov/Archives/edgar/data/845877/000084587716000262/0000845877-16-000262-index.htm",
        "finalLink": "https://www.sec.gov/Archives/edgar/data/845877/000084587716000262/a2016q110-q.htm"
    },
    {
        "date": "2015-12-31",
        "symbol": "AGM",
        "reportedCurrency": "USD",
        "cik": "0000845877",
        "fillingDate": "2016-03-10",
        "acceptedDate": "2016-03-10 08:09:54",
        "calendarYear": "2015",
        "period": "Q4",
        "revenue": 74002000,
        "costOfRevenue": 36542000,
        "grossProfit": 37460000,
        "grossProfitRatio": 0.5062025351,
        "researchAndDevelopmentExpenses": 0,
        "generalAndAdministrativeExpenses": 8623000,
        "sellingAndMarketingExpenses": 0,
        "sellingGeneralAndAdministrativeExpenses": 8623000,
        "otherExpenses": 657000,
        "operatingExpenses": 9280000,
        "costAndExpenses": 45822000,
        "interestIncome": 67562000,
        "interestExpense": 36591000,
        "depreciationAndAmortization": 0,
        "ebitda": 28180000,
        "ebitdaratio": 0.3808005189,
        "operatingIncome": 28180000,
        "operatingIncomeRatio": 0.3808005189,
        "totalOtherIncomeExpensesNet": 0,
        "incomeBeforeTax": 28180000,
        "incomeBeforeTaxRatio": 0.3808005189,
        "incomeTaxExpense": 9912000,
        "netIncome": 18328000,
        "netIncomeRatio": 0.2476689819,
        "eps": 1.39,
        "epsdiluted": 1.35,
        "weightedAverageShsOut": 10814000,
        "weightedAverageShsOutDil": 11135000,
        "link": "https://www.sec.gov/Archives/edgar/data/845877/000084587716000187/0000845877-16-000187-index.htm",
        "finalLink": "https://www.sec.gov/Archives/edgar/data/845877/000084587716000187/a201510-k.htm"
    },
    {
        "date": "2015-09-30",
        "symbol": "AGM",
        "reportedCurrency": "USD",
        "cik": "0000845877",
        "fillingDate": "2015-11-09",
        "acceptedDate": "2015-11-09 08:19:43",
        "calendarYear": "2015",
        "period": "Q3",
        "revenue": 61937000,
        "costOfRevenue": 34432000,
        "grossProfit": 27505000,
        "grossProfitRatio": 0.4440802751,
        "researchAndDevelopmentExpenses": 0,
        "generalAndAdministrativeExpenses": 8912000,
        "sellingAndMarketingExpenses": 0,
        "sellingGeneralAndAdministrativeExpenses": 8912000,
        "otherExpenses": 648000,
        "operatingExpenses": 9560000,
        "costAndExpenses": 43992000,
        "interestIncome": 66918000,
        "interestExpense": 34735000,
        "depreciationAndAmortization": 0,
        "ebitda": 17945000,
        "ebitdaratio": 0.2897298868,
        "operatingIncome": 17945000,
        "operatingIncomeRatio": 0.2897298868,
        "totalOtherIncomeExpensesNet": 0,
        "incomeBeforeTax": 17945000,
        "incomeBeforeTaxRatio": 0.2897298868,
        "incomeTaxExpense": 6327000,
        "netIncome": 11654000,
        "netIncomeRatio": 0.1881589357,
        "eps": 0.76,
        "epsdiluted": 0.74,
        "weightedAverageShsOut": 11028000,
        "weightedAverageShsOutDil": 11271000,
        "link": "https://www.sec.gov/Archives/edgar/data/845877/000084587715000159/0000845877-15-000159-index.htm",
        "finalLink": "https://www.sec.gov/Archives/edgar/data/845877/000084587715000159/a2015q310-q.htm"
    },
    {
        "date": "2015-06-30",
        "symbol": "AGM",
        "reportedCurrency": "USD",
        "cik": "0000845877",
        "fillingDate": "2015-08-10",
        "acceptedDate": "2015-08-10 08:05:44",
        "calendarYear": "2015",
        "period": "Q2",
        "revenue": 84599000,
        "costOfRevenue": 35784000,
        "grossProfit": 48815000,
        "grossProfitRatio": 0.5770162768,
        "researchAndDevelopmentExpenses": 0,
        "generalAndAdministrativeExpenses": 9107000,
        "sellingAndMarketingExpenses": 0,
        "sellingGeneralAndAdministrativeExpenses": 9107000,
        "otherExpenses": 600000,
        "operatingExpenses": 9707000,
        "costAndExpenses": 45491000,
        "interestIncome": 66392000,
        "interestExpense": 34528000,
        "depreciationAndAmortization": 0,
        "ebitda": 39108000,
        "ebitdaratio": 0.4622749678,
        "operatingIncome": 39108000,
        "operatingIncomeRatio": 0.4622749678,
        "totalOtherIncomeExpensesNet": 0,
        "incomeBeforeTax": 39108000,
        "incomeBeforeTaxRatio": 0.4622749678,
        "incomeTaxExpense": 13769000,
        "netIncome": 25458000,
        "netIncomeRatio": 0.3009255429,
        "eps": 2.01,
        "epsdiluted": 1.94,
        "weightedAverageShsOut": 11010000,
        "weightedAverageShsOutDil": 11438000,
        "link": "https://www.sec.gov/Archives/edgar/data/845877/000084587715000131/0000845877-15-000131-index.htm",
        "finalLink": "https://www.sec.gov/Archives/edgar/data/845877/000084587715000131/a2015q210-q.htm"
    },
    {
        "date": "2015-03-31",
        "symbol": "AGM",
        "reportedCurrency": "USD",
        "cik": "0000845877",
        "fillingDate": "2015-05-11",
        "acceptedDate": "2015-05-11 08:12:23",
        "calendarYear": "2015",
        "period": "Q1",
        "revenue": 64426000,
        "costOfRevenue": 32466000,
        "grossProfit": 31960000,
        "grossProfitRatio": 0.496073014,
        "researchAndDevelopmentExpenses": 0,
        "generalAndAdministrativeExpenses": 8516000,
        "sellingAndMarketingExpenses": 0,
        "sellingGeneralAndAdministrativeExpenses": 8516000,
        "otherExpenses": 599000,
        "operatingExpenses": 9115000,
        "costAndExpenses": 41581000,
        "interestIncome": 63951000,
        "interestExpense": 33162000,
        "depreciationAndAmortization": 0,
        "ebitda": 22845000,
        "ebitdaratio": 0.3545928662,
        "operatingIncome": 22845000,
        "operatingIncomeRatio": 0.3545928662,
        "totalOtherIncomeExpensesNet": 0,
        "incomeBeforeTax": 22845000,
        "incomeBeforeTaxRatio": 0.3545928662,
        "incomeTaxExpense": 4231000,
        "netIncome": 13260000,
        "netIncomeRatio": 0.2058175271,
        "eps": 0.17,
        "epsdiluted": 0.16,
        "weightedAverageShsOut": 10938000,
        "weightedAverageShsOutDil": 11331000,
        "link": "https://www.sec.gov/Archives/edgar/data/845877/000084587715000092/0000845877-15-000092-index.htm",
        "finalLink": "https://www.sec.gov/Archives/edgar/data/845877/000084587715000092/a2015q110-q.htm"
    },
    {
        "date": "2014-12-31",
        "symbol": "AGM",
        "reportedCurrency": "USD",
        "cik": "0000845877",
        "fillingDate": "2015-03-16",
        "acceptedDate": "2015-03-16 08:07:07",
        "calendarYear": "2014",
        "period": "Q4",
        "revenue": 69864000,
        "costOfRevenue": 44127000,
        "grossProfit": 25737000,
        "grossProfitRatio": 0.3683871522,
        "researchAndDevelopmentExpenses": 0,
        "generalAndAdministrativeExpenses": 7963000,
        "sellingAndMarketingExpenses": 0,
        "sellingGeneralAndAdministrativeExpenses": 7963000,
        "otherExpenses": 648000,
        "operatingExpenses": 8611000,
        "costAndExpenses": 52738000,
        "interestIncome": 58199000,
        "interestExpense": 44606000,
        "depreciationAndAmortization": 0,
        "ebitda": 17126000,
        "ebitdaratio": 0.245133402,
        "operatingIncome": 17126000,
        "operatingIncomeRatio": 0.245133402,
        "totalOtherIncomeExpensesNet": 0,
        "incomeBeforeTax": 17126000,
        "incomeBeforeTaxRatio": 0.245133402,
        "incomeTaxExpense": 2769000,
        "netIncome": 8943000,
        "netIncomeRatio": 0.1280058399,
        "eps": 0.52,
        "epsdiluted": 0.5,
        "weightedAverageShsOut": 10860000,
        "weightedAverageShsOutDil": 11294000,
        "link": "https://www.sec.gov/Archives/edgar/data/845877/000084587715000035/0000845877-15-000035-index.htm",
        "finalLink": "https://www.sec.gov/Archives/edgar/data/845877/000084587715000035/a2014q410-k.htm"
    },
    {
        "date": "2014-09-30",
        "symbol": "AGM",
        "reportedCurrency": "USD",
        "cik": "0000845877",
        "fillingDate": "2014-11-10",
        "acceptedDate": "2014-11-10 08:15:48",
        "calendarYear": "2014",
        "period": "Q3",
        "revenue": 84337000,
        "costOfRevenue": 48082000,
        "grossProfit": 36255000,
        "grossProfitRatio": 0.4298824952,
        "researchAndDevelopmentExpenses": 0,
        "generalAndAdministrativeExpenses": 7816000,
        "sellingAndMarketingExpenses": 0,
        "sellingGeneralAndAdministrativeExpenses": 7816000,
        "otherExpenses": 594000,
        "operatingExpenses": 8410000,
        "costAndExpenses": 56492000,
        "interestIncome": 63410000,
        "interestExpense": 48886000,
        "depreciationAndAmortization": 0,
        "ebitda": 27845000,
        "ebitdaratio": 0.3301635107,
        "operatingIncome": 27845000,
        "operatingIncomeRatio": 0.3301635107,
        "totalOtherIncomeExpensesNet": 0,
        "incomeBeforeTax": 27845000,
        "incomeBeforeTaxRatio": 0.3301635107,
        "incomeTaxExpense": 7564000,
        "netIncome": 14869000,
        "netIncomeRatio": 0.1763045875,
        "eps": 1.06,
        "epsdiluted": 1.02,
        "weightedAverageShsOut": 10930000,
        "weightedAverageShsOutDil": 11372000,
        "link": "https://www.sec.gov/Archives/edgar/data/845877/000084587714000175/0000845877-14-000175-index.htm",
        "finalLink": "https://www.sec.gov/Archives/edgar/data/845877/000084587714000175/a2014q310-q.htm"
    },
    {
        "date": "2014-06-30",
        "symbol": "AGM",
        "reportedCurrency": "USD",
        "cik": "0000845877",
        "fillingDate": "2014-08-11",
        "acceptedDate": "2014-08-11 08:14:33",
        "calendarYear": "2014",
        "period": "Q2",
        "revenue": 70739000,
        "costOfRevenue": 39945000,
        "grossProfit": 30794000,
        "grossProfitRatio": 0.4353185654,
        "researchAndDevelopmentExpenses": 0,
        "generalAndAdministrativeExpenses": 8177000,
        "sellingAndMarketingExpenses": 0,
        "sellingGeneralAndAdministrativeExpenses": 8177000,
        "otherExpenses": 653000,
        "operatingExpenses": 8830000,
        "costAndExpenses": 48775000,
        "interestIncome": 64475000,
        "interestExpense": 42502000,
        "depreciationAndAmortization": 0,
        "ebitda": 21964000,
        "ebitdaratio": 0.3104935043,
        "operatingIncome": 21964000,
        "operatingIncomeRatio": 0.3104935043,
        "totalOtherIncomeExpensesNet": 0,
        "incomeBeforeTax": 21964000,
        "incomeBeforeTaxRatio": 0.3104935043,
        "incomeTaxExpense": -6368000,
        "netIncome": 22513000,
        "netIncomeRatio": 0.3182544283,
        "eps": 1.85,
        "epsdiluted": 1.78,
        "weightedAverageShsOut": 10924000,
        "weightedAverageShsOutDil": 11361000,
        "link": "https://www.sec.gov/Archives/edgar/data/845877/000084587714000143/0000845877-14-000143-index.htm",
        "finalLink": "https://www.sec.gov/Archives/edgar/data/845877/000084587714000143/a2014q210-q.htm"
    },
    {
        "date": "2014-03-31",
        "symbol": "AGM",
        "reportedCurrency": "USD",
        "cik": "0000845877",
        "fillingDate": "2014-05-12",
        "acceptedDate": "2014-05-12 08:44:18",
        "calendarYear": "2014",
        "period": "Q1",
        "revenue": 49417000,
        "costOfRevenue": 35400000,
        "grossProfit": 14017000,
        "grossProfitRatio": 0.2836473278,
        "researchAndDevelopmentExpenses": 0,
        "generalAndAdministrativeExpenses": 7250000,
        "sellingAndMarketingExpenses": 0,
        "sellingGeneralAndAdministrativeExpenses": 7250000,
        "otherExpenses": 596000,
        "operatingExpenses": 7846000,
        "costAndExpenses": 43246000,
        "interestIncome": 52452000,
        "interestExpense": 34726000,
        "depreciationAndAmortization": 0,
        "ebitda": 6171000,
        "ebitdaratio": 0.1248760548,
        "operatingIncome": 6171000,
        "operatingIncomeRatio": 0.1248760548,
        "totalOtherIncomeExpensesNet": 0,
        "incomeBeforeTax": 6171000,
        "incomeBeforeTaxRatio": 0.1248760548,
        "incomeTaxExpense": -1141000,
        "netIncome": 1765000,
        "netIncomeRatio": 0.0357164539,
        "eps": 0.07,
        "epsdiluted": 0.07,
        "weightedAverageShsOut": 10887000,
        "weightedAverageShsOutDil": 11346000,
        "link": "https://www.sec.gov/Archives/edgar/data/845877/000084587714000109/0000845877-14-000109-index.htm",
        "finalLink": "https://www.sec.gov/Archives/edgar/data/845877/000084587714000109/a10q201403q.htm"
    },
    {
        "date": "2013-12-31",
        "symbol": "AGM",
        "reportedCurrency": "USD",
        "cik": "0000845877",
        "fillingDate": "2014-03-13",
        "acceptedDate": "2014-03-13 16:03:31",
        "calendarYear": "2013",
        "period": "Q4",
        "revenue": 64740000,
        "costOfRevenue": 35789000,
        "grossProfit": 28951000,
        "grossProfitRatio": 0.447188755,
        "researchAndDevelopmentExpenses": 0,
        "generalAndAdministrativeExpenses": 7129000,
        "sellingAndMarketingExpenses": 0,
        "sellingGeneralAndAdministrativeExpenses": 7129000,
        "otherExpenses": -865000,
        "operatingExpenses": 6264000,
        "costAndExpenses": 42053000,
        "interestIncome": 49180000,
        "interestExpense": 35777000,
        "depreciationAndAmortization": 0,
        "ebitda": 22687000,
        "ebitdaratio": 0.3504324992,
        "operatingIncome": 22687000,
        "operatingIncomeRatio": 0.3504324992,
        "totalOtherIncomeExpensesNet": 0,
        "incomeBeforeTax": 22687000,
        "incomeBeforeTaxRatio": 0.3504324992,
        "incomeTaxExpense": 3774000,
        "netIncome": 13367000,
        "netIncomeRatio": 0.206472042,
        "eps": 1.14,
        "epsdiluted": 1.11,
        "weightedAverageShsOut": 10952000,
        "weightedAverageShsOutDil": 11248000,
        "link": "https://www.sec.gov/Archives/edgar/data/845877/000084587714000026/0000845877-14-000026-index.htm",
        "finalLink": "https://www.sec.gov/Archives/edgar/data/845877/000084587714000026/a10-k2013.htm"
    },
    {
        "date": "2013-09-30",
        "symbol": "AGM",
        "reportedCurrency": "USD",
        "cik": "0000845877",
        "fillingDate": "2013-11-12",
        "acceptedDate": "2013-11-12 16:13:23",
        "calendarYear": "2013",
        "period": "Q3",
        "revenue": 72796000,
        "costOfRevenue": 34751000,
        "grossProfit": 38045000,
        "grossProfitRatio": 0.5226248695,
        "researchAndDevelopmentExpenses": 0,
        "generalAndAdministrativeExpenses": 7350000,
        "sellingAndMarketingExpenses": 0,
        "sellingGeneralAndAdministrativeExpenses": 7350000,
        "otherExpenses": 628000,
        "operatingExpenses": 7978000,
        "costAndExpenses": 42729000,
        "interestIncome": 62975000,
        "interestExpense": 34787000,
        "depreciationAndAmortization": 0,
        "ebitda": 30067000,
        "ebitdaratio": 0.4130309358,
        "operatingIncome": 30067000,
        "operatingIncomeRatio": 0.4130309358,
        "totalOtherIncomeExpensesNet": 0,
        "incomeBeforeTax": 30067000,
        "incomeBeforeTaxRatio": 0.4130309358,
        "incomeTaxExpense": 8226000,
        "netIncome": 16294000,
        "netIncomeRatio": 0.2238309797,
        "eps": 1.42,
        "epsdiluted": 1.37,
        "weightedAverageShsOut": 10843000,
        "weightedAverageShsOutDil": 11213000,
        "link": "https://www.sec.gov/Archives/edgar/data/845877/000084587713000219/0000845877-13-000219-index.htm",
        "finalLink": "https://www.sec.gov/Archives/edgar/data/845877/000084587713000219/q3201310q.htm"
    },
    {
        "date": "2013-06-30",
        "symbol": "AGM",
        "reportedCurrency": "USD",
        "cik": "0000845877",
        "fillingDate": "2013-08-08",
        "acceptedDate": "2013-08-08 16:06:04",
        "calendarYear": "2013",
        "period": "Q2",
        "revenue": 88228000,
        "costOfRevenue": 32880000,
        "grossProfit": 55348000,
        "grossProfitRatio": 0.6273291925,
        "researchAndDevelopmentExpenses": 0,
        "generalAndAdministrativeExpenses": 7286000,
        "sellingAndMarketingExpenses": 0,
        "sellingGeneralAndAdministrativeExpenses": 2715000,
        "otherExpenses": 853000,
        "operatingExpenses": 8139000,
        "costAndExpenses": 41019000,
        "interestIncome": 61745000,
        "interestExpense": 33584000,
        "depreciationAndAmortization": 0,
        "ebitda": 47209000,
        "ebitdaratio": 0.5350795666,
        "operatingIncome": 47209000,
        "operatingIncomeRatio": 0.5350795666,
        "totalOtherIncomeExpensesNet": 0,
        "incomeBeforeTax": 47209000,
        "incomeBeforeTaxRatio": 0.5350795666,
        "incomeTaxExpense": 13036000,
        "netIncome": 28626000,
        "netIncomeRatio": 0.3244548216,
        "eps": 2.57,
        "epsdiluted": 2.48,
        "weightedAverageShsOut": 10815000,
        "weightedAverageShsOutDil": 11198000,
        "link": "https://www.sec.gov/Archives/edgar/data/845877/000084587713000166/0000845877-13-000166-index.htm",
        "finalLink": "https://www.sec.gov/Archives/edgar/data/845877/000084587713000166/q2201310q.htm"
    },
    {
        "date": "2013-03-31",
        "symbol": "AGM",
        "reportedCurrency": "USD",
        "cik": "0000845877",
        "fillingDate": "2013-05-09",
        "acceptedDate": "2013-05-09 16:56:23",
        "calendarYear": "2013",
        "period": "Q1",
        "revenue": 73943000,
        "costOfRevenue": 34304000,
        "grossProfit": 39639000,
        "grossProfitRatio": 0.5360750849,
        "researchAndDevelopmentExpenses": 0,
        "generalAndAdministrativeExpenses": 7615000,
        "sellingAndMarketingExpenses": 0,
        "sellingGeneralAndAdministrativeExpenses": 2917000,
        "otherExpenses": 720000,
        "operatingExpenses": 8335000,
        "costAndExpenses": 42639000,
        "interestIncome": 61498000,
        "interestExpense": 33128000,
        "depreciationAndAmortization": 0,
        "ebitda": 31304000,
        "ebitdaratio": 0.4233531234,
        "operatingIncome": 31304000,
        "operatingIncomeRatio": 0.4233531234,
        "totalOtherIncomeExpensesNet": 0,
        "incomeBeforeTax": 31304000,
        "incomeBeforeTaxRatio": 0.4233531234,
        "incomeTaxExpense": 8716000,
        "netIncome": 17041000,
        "netIncomeRatio": 0.2304613013,
        "eps": 1.51,
        "epsdiluted": 1.45,
        "weightedAverageShsOut": 10737000,
        "weightedAverageShsOutDil": 11161000,
        "link": "https://www.sec.gov/Archives/edgar/data/845877/000084587713000121/0000845877-13-000121-index.htm",
        "finalLink": "https://www.sec.gov/Archives/edgar/data/845877/000084587713000121/q1201310q.htm"
    },
    {
        "date": "2012-12-31",
        "symbol": "AGM",
        "reportedCurrency": "USD",
        "cik": "0000845877",
        "fillingDate": "2013-03-18",
        "acceptedDate": "2013-03-18 17:17:43",
        "calendarYear": "2012",
        "period": "Q4",
        "revenue": 64525000,
        "costOfRevenue": 35896000,
        "grossProfit": 28629000,
        "grossProfitRatio": 0.4436884928,
        "researchAndDevelopmentExpenses": 0,
        "generalAndAdministrativeExpenses": 8665000,
        "sellingAndMarketingExpenses": 0,
        "sellingGeneralAndAdministrativeExpenses": 8665000,
        "otherExpenses": -740000,
        "operatingExpenses": 7925000,
        "costAndExpenses": 43821000,
        "interestIncome": 56151000,
        "interestExpense": 33358000,
        "depreciationAndAmortization": 0,
        "ebitda": 20704000,
        "ebitdaratio": 0.3208678807,
        "operatingIncome": 20704000,
        "operatingIncomeRatio": 0.3208678807,
        "totalOtherIncomeExpensesNet": 0,
        "incomeBeforeTax": 20704000,
        "incomeBeforeTaxRatio": 0.3208678807,
        "incomeTaxExpense": 4837000,
        "netIncome": 10321000,
        "netIncomeRatio": 0.1599535064,
        "eps": 0.96,
        "epsdiluted": 0.92,
        "weightedAverageShsOut": 10737000,
        "weightedAverageShsOutDil": 11161000,
        "link": "https://www.sec.gov/Archives/edgar/data/845877/000084587713000055/0000845877-13-000055-index.htm",
        "finalLink": "https://www.sec.gov/Archives/edgar/data/845877/000084587713000055/converted10k2012.htm"
    },
    {
        "date": "2012-09-30",
        "symbol": "AGM",
        "reportedCurrency": "USD",
        "cik": "0000845877",
        "fillingDate": "2012-11-08",
        "acceptedDate": "2012-11-08 16:45:34",
        "calendarYear": "2012",
        "period": "Q3",
        "revenue": 72274000,
        "costOfRevenue": 33542000,
        "grossProfit": 38732000,
        "grossProfitRatio": 0.5359050281,
        "researchAndDevelopmentExpenses": 0,
        "generalAndAdministrativeExpenses": 7163000,
        "sellingAndMarketingExpenses": 0,
        "sellingGeneralAndAdministrativeExpenses": 2788000,
        "otherExpenses": 628000,
        "operatingExpenses": 7791000,
        "costAndExpenses": 41333000,
        "interestIncome": 63810000,
        "interestExpense": 33448000,
        "depreciationAndAmortization": 0,
        "ebitda": 30941000,
        "ebitdaratio": 0.4281069264,
        "operatingIncome": 30941000,
        "operatingIncomeRatio": 0.4281069264,
        "totalOtherIncomeExpensesNet": 0,
        "incomeBeforeTax": 30941000,
        "incomeBeforeTaxRatio": 0.4281069264,
        "incomeTaxExpense": 8294000,
        "netIncome": 17100000,
        "netIncomeRatio": 0.2365996071,
        "eps": 1.56,
        "epsdiluted": 1.49,
        "weightedAverageShsOut": 10501000,
        "weightedAverageShsOutDil": 10994000,
        "link": "https://www.sec.gov/Archives/edgar/data/845877/000084587712000155/0000845877-12-000155-index.htm",
        "finalLink": "https://www.sec.gov/Archives/edgar/data/845877/000084587712000155/agm-9302012x10q.htm"
    },
    {
        "date": "2012-06-30",
        "symbol": "AGM",
        "reportedCurrency": "USD",
        "cik": "0000845877",
        "fillingDate": "2012-08-09",
        "acceptedDate": "2012-08-09 16:52:31",
        "calendarYear": "2012",
        "period": "Q2",
        "revenue": 44297000,
        "costOfRevenue": 37135000,
        "grossProfit": 7162000,
        "grossProfitRatio": 0.161681378,
        "researchAndDevelopmentExpenses": 0,
        "generalAndAdministrativeExpenses": 7238000,
        "sellingAndMarketingExpenses": 0,
        "sellingGeneralAndAdministrativeExpenses": 2664000,
        "otherExpenses": 577000,
        "operatingExpenses": 7815000,
        "costAndExpenses": 44950000,
        "interestIncome": 71578000,
        "interestExpense": 36961000,
        "depreciationAndAmortization": 0,
        "ebitda": -653000,
        "ebitdaratio": -0.0147414046,
        "operatingIncome": -653000,
        "operatingIncomeRatio": -0.0147414046,
        "totalOtherIncomeExpensesNet": 0,
        "incomeBeforeTax": -653000,
        "incomeBeforeTaxRatio": -0.0147414046,
        "incomeTaxExpense": -2629000,
        "netIncome": -3571000,
        "netIncomeRatio": -0.0806149401,
        "eps": -0.41,
        "epsdiluted": -0.41,
        "weightedAverageShsOut": 10465854,
        "weightedAverageShsOutDil": 10465854,
        "link": "https://www.sec.gov/Archives/edgar/data/845877/000084587712000120/0000845877-12-000120-index.htm",
        "finalLink": "https://www.sec.gov/Archives/edgar/data/845877/000084587712000120/agm-6302012x10q.htm"
    },
    {
        "date": "2012-03-31",
        "symbol": "AGM",
        "reportedCurrency": "USD",
        "cik": "0000845877",
        "fillingDate": "2012-05-10",
        "acceptedDate": "2012-05-10 16:06:45",
        "calendarYear": "2012",
        "period": "Q1",
        "revenue": 87309000,
        "costOfRevenue": 39373000,
        "grossProfit": 47936000,
        "grossProfitRatio": 0.5490384726,
        "researchAndDevelopmentExpenses": 0,
        "generalAndAdministrativeExpenses": 7243000,
        "sellingAndMarketingExpenses": 0,
        "sellingGeneralAndAdministrativeExpenses": 2758000,
        "otherExpenses": 569000,
        "operatingExpenses": 7812000,
        "costAndExpenses": 47185000,
        "interestIncome": 73131000,
        "interestExpense": 38923000,
        "depreciationAndAmortization": 0,
        "ebitda": 40124000,
        "ebitdaratio": 0.4595631607,
        "operatingIncome": 40124000,
        "operatingIncomeRatio": 0.4595631607,
        "totalOtherIncomeExpensesNet": 0,
        "incomeBeforeTax": 40124000,
        "incomeBeforeTaxRatio": 0.4595631607,
        "incomeTaxExpense": 11654000,
        "netIncome": 22923000,
        "netIncomeRatio": 0.2625502526,
        "eps": 2.14,
        "epsdiluted": 2.04,
        "weightedAverageShsOut": 10365000,
        "weightedAverageShsOutDil": 10903000,
        "link": "https://www.sec.gov/Archives/edgar/data/845877/000084587712000076/0000845877-12-000076-index.htm",
        "finalLink": "https://www.sec.gov/Archives/edgar/data/845877/000084587712000076/agm-3312012x10q.htm"
    },
    {
        "date": "2011-12-31",
        "symbol": "AGM",
        "reportedCurrency": "USD",
        "cik": "0000845877",
        "fillingDate": "2012-03-15",
        "acceptedDate": "2012-03-15 17:04:47",
        "calendarYear": "2011",
        "period": "Q4",
        "revenue": 73496000,
        "costOfRevenue": 38795000,
        "grossProfit": 34701000,
        "grossProfitRatio": 0.4721481441,
        "researchAndDevelopmentExpenses": 0,
        "generalAndAdministrativeExpenses": 6231000,
        "sellingAndMarketingExpenses": 0,
        "sellingGeneralAndAdministrativeExpenses": 6231000,
        "otherExpenses": 1009000,
        "operatingExpenses": 7240000,
        "costAndExpenses": 46035000,
        "interestIncome": 72642000,
        "interestExpense": 39277000,
        "depreciationAndAmortization": 0,
        "ebitda": 27461000,
        "ebitdaratio": 0.3736393817,
        "operatingIncome": 27461000,
        "operatingIncomeRatio": 0.3736393817,
        "totalOtherIncomeExpensesNet": 0,
        "incomeBeforeTax": 27461000,
        "incomeBeforeTaxRatio": 0.3736393817,
        "incomeTaxExpense": 7872000,
        "netIncome": 14043000,
        "netIncomeRatio": 0.1910716229,
        "eps": 1.35,
        "epsdiluted": 1.29,
        "weightedAverageShsOut": 10365000,
        "weightedAverageShsOutDil": 10903000,
        "link": "https://www.sec.gov/Archives/edgar/data/845877/000084587712000009/0000845877-12-000009-index.htm",
        "finalLink": "https://www.sec.gov/Archives/edgar/data/845877/000084587712000009/agm-12312011x10k.htm"
    },
    {
        "date": "2011-09-30",
        "symbol": "AGM",
        "reportedCurrency": "USD",
        "cik": "0000845877",
        "fillingDate": "2011-11-09",
        "acceptedDate": "2011-11-09 16:57:05",
        "calendarYear": "2011",
        "period": "Q3",
        "revenue": 15716000,
        "costOfRevenue": 39063000,
        "grossProfit": -23347000,
        "grossProfitRatio": -1.4855561212,
        "researchAndDevelopmentExpenses": 0,
        "generalAndAdministrativeExpenses": 7310000,
        "sellingAndMarketingExpenses": 0,
        "sellingGeneralAndAdministrativeExpenses": 2505000,
        "otherExpenses": 240000,
        "operatingExpenses": 7550000,
        "costAndExpenses": 46613000,
        "interestIncome": 71121000,
        "interestExpense": 39412000,
        "depreciationAndAmortization": 0,
        "ebitda": -30897000,
        "ebitdaratio": -1.9659582591,
        "operatingIncome": -30897000,
        "operatingIncomeRatio": -1.9659582591,
        "totalOtherIncomeExpensesNet": 0,
        "incomeBeforeTax": -30897000,
        "incomeBeforeTaxRatio": -1.9659582591,
        "incomeTaxExpense": -14131000,
        "netIncome": -22313000,
        "netIncomeRatio": -1.4197632985,
        "eps": -2.22,
        "epsdiluted": -2.22,
        "weightedAverageShsOut": 10354000,
        "weightedAverageShsOutDil": 10354000,
        "link": "https://www.sec.gov/Archives/edgar/data/845877/000114420411062595/0001144204-11-062595-index.htm",
        "finalLink": "https://www.sec.gov/Archives/edgar/data/845877/000114420411062595/v238846_10q.htm"
    },
    {
        "date": "2011-06-30",
        "symbol": "AGM",
        "reportedCurrency": "USD",
        "cik": "0000845877",
        "fillingDate": "2011-08-09",
        "acceptedDate": "2011-08-09 17:28:52",
        "calendarYear": "2011",
        "period": "Q2",
        "revenue": 58967000,
        "costOfRevenue": 37800000,
        "grossProfit": 21167000,
        "grossProfitRatio": 0.3589634881,
        "researchAndDevelopmentExpenses": 0,
        "generalAndAdministrativeExpenses": 7322000,
        "sellingAndMarketingExpenses": 0,
        "sellingGeneralAndAdministrativeExpenses": 2656000,
        "otherExpenses": -131000,
        "operatingExpenses": 7191000,
        "costAndExpenses": 44991000,
        "interestIncome": 66852000,
        "interestExpense": 37640000,
        "depreciationAndAmortization": 0,
        "ebitda": 13976000,
        "ebitdaratio": 0.237013923,
        "operatingIncome": 13976000,
        "operatingIncomeRatio": 0.237013923,
        "totalOtherIncomeExpensesNet": 0,
        "incomeBeforeTax": 13976000,
        "incomeBeforeTaxRatio": 0.237013923,
        "incomeTaxExpense": 2539000,
        "netIncome": 5890000,
        "netIncomeRatio": 0.0998863771,
        "eps": 0.5,
        "epsdiluted": 0.48,
        "weightedAverageShsOut": 10343000,
        "weightedAverageShsOutDil": 10719000,
        "link": "https://www.sec.gov/Archives/edgar/data/845877/000114420411045066/0001144204-11-045066-index.htm",
        "finalLink": "https://www.sec.gov/Archives/edgar/data/845877/000114420411045066/v228612_10q.htm"
    },
    {
        "date": "2011-03-31",
        "symbol": "AGM",
        "reportedCurrency": "USD",
        "cik": "0000845877",
        "fillingDate": "2011-05-10",
        "acceptedDate": "2011-05-10 17:13:25",
        "calendarYear": "2011",
        "period": "Q1",
        "revenue": 79119000,
        "costOfRevenue": 38334000,
        "grossProfit": 40785000,
        "grossProfitRatio": 0.5154893262,
        "researchAndDevelopmentExpenses": 0,
        "generalAndAdministrativeExpenses": 6753000,
        "sellingAndMarketingExpenses": 0,
        "sellingGeneralAndAdministrativeExpenses": 6753000,
        "otherExpenses": -75000,
        "operatingExpenses": 6678000,
        "costAndExpenses": 45012000,
        "interestIncome": 64072000,
        "interestExpense": 37053000,
        "depreciationAndAmortization": 0,
        "ebitda": 34107000,
        "ebitdaratio": 0.4310848216,
        "operatingIncome": 34107000,
        "operatingIncomeRatio": 0.4310848216,
        "totalOtherIncomeExpensesNet": 0,
        "incomeBeforeTax": 34107000,
        "incomeBeforeTaxRatio": 0.4310848216,
        "incomeTaxExpense": 9517000,
        "netIncome": 19043000,
        "netIncomeRatio": 0.2406880775,
        "eps": 1.78,
        "epsdiluted": 1.72,
        "weightedAverageShsOut": 10294000,
        "weightedAverageShsOutDil": 10653000,
        "link": "https://www.sec.gov/Archives/edgar/data/845877/000114420411027791/0001144204-11-027791-index.htm",
        "finalLink": "https://www.sec.gov/Archives/edgar/data/845877/000114420411027791/v221408_10q.htm"
    },
    {
        "date": "2010-12-31",
        "symbol": "AGM",
        "reportedCurrency": "USD",
        "cik": "0000845877",
        "fillingDate": "2011-03-16",
        "acceptedDate": "2011-03-16 17:22:00",
        "calendarYear": "2010",
        "period": "Q4",
        "revenue": 72896000,
        "costOfRevenue": 36809000,
        "grossProfit": 36087000,
        "grossProfitRatio": 0.4950477392,
        "researchAndDevelopmentExpenses": 0,
        "generalAndAdministrativeExpenses": 8098000,
        "sellingAndMarketingExpenses": 0,
        "sellingGeneralAndAdministrativeExpenses": 8098000,
        "otherExpenses": 1411000,
        "operatingExpenses": 9509000,
        "costAndExpenses": 46318000,
        "interestIncome": 62077000,
        "interestExpense": 36308000,
        "depreciationAndAmortization": 0,
        "ebitda": 26578000,
        "ebitdaratio": 0.3646016242,
        "operatingIncome": 26578000,
        "operatingIncomeRatio": 0.3646016242,
        "totalOtherIncomeExpensesNet": 0,
        "incomeBeforeTax": 26578000,
        "incomeBeforeTaxRatio": 0.3646016242,
        "incomeTaxExpense": 7820000,
        "netIncome": 13211000,
        "netIncomeRatio": 0.1812307946,
        "eps": 1.28,
        "epsdiluted": 1.24,
        "weightedAverageShsOut": 10294000,
        "weightedAverageShsOutDil": 10653000,
        "link": "https://www.sec.gov/Archives/edgar/data/845877/000114420411015332/0001144204-11-015332-index.htm",
        "finalLink": "https://www.sec.gov/Archives/edgar/data/845877/000114420411015332/v214516_10k.htm"
    },
    {
        "date": "2010-09-30",
        "symbol": "AGM",
        "reportedCurrency": "USD",
        "cik": "0000845877",
        "fillingDate": "2010-11-09",
        "acceptedDate": "2010-11-09 16:38:23",
        "calendarYear": "2010",
        "period": "Q3",
        "revenue": 55224000,
        "costOfRevenue": 33938000,
        "grossProfit": 21286000,
        "grossProfitRatio": 0.3854483558,
        "researchAndDevelopmentExpenses": 0,
        "generalAndAdministrativeExpenses": 6276000,
        "sellingAndMarketingExpenses": 0,
        "sellingGeneralAndAdministrativeExpenses": 6276000,
        "otherExpenses": 1862000,
        "operatingExpenses": 8138000,
        "costAndExpenses": 42076000,
        "interestIncome": 58575000,
        "interestExpense": 33526000,
        "depreciationAndAmortization": 0,
        "ebitda": 13148000,
        "ebitdaratio": 0.2380848906,
        "operatingIncome": 13148000,
        "operatingIncomeRatio": 0.2380848906,
        "totalOtherIncomeExpensesNet": 0,
        "incomeBeforeTax": 13148000,
        "incomeBeforeTaxRatio": 0.2380848906,
        "incomeTaxExpense": 885000,
        "netIncome": 6717000,
        "netIncomeRatio": 0.1216318992,
        "eps": 0.58,
        "epsdiluted": 0.56,
        "weightedAverageShsOut": 10277000,
        "weightedAverageShsOutDil": 10665000,
        "link": "https://www.sec.gov/Archives/edgar/data/845877/000114420410058680/0001144204-10-058680-index.htm",
        "finalLink": "https://www.sec.gov/Archives/edgar/data/845877/000114420410058680/v201324_10q.htm"
    },
    {
        "date": "2010-06-30",
        "symbol": "AGM",
        "reportedCurrency": "USD",
        "cik": "0000845877",
        "fillingDate": "2010-08-09",
        "acceptedDate": "2010-08-09 17:16:07",
        "calendarYear": "2010",
        "period": "Q2",
        "revenue": 52556000,
        "costOfRevenue": 33849000,
        "grossProfit": 18707000,
        "grossProfitRatio": 0.3559441358,
        "researchAndDevelopmentExpenses": 0,
        "generalAndAdministrativeExpenses": 5958000,
        "sellingAndMarketingExpenses": 0,
        "sellingGeneralAndAdministrativeExpenses": 5958000,
        "otherExpenses": 3903000,
        "operatingExpenses": 9861000,
        "costAndExpenses": 43710000,
        "interestIncome": 57327000,
        "interestExpense": 35719000,
        "depreciationAndAmortization": 0,
        "ebitda": 8846000,
        "ebitdaratio": 0.1683157013,
        "operatingIncome": 8846000,
        "operatingIncomeRatio": 0.1683157013,
        "totalOtherIncomeExpensesNet": 0,
        "incomeBeforeTax": 8846000,
        "incomeBeforeTaxRatio": 0.1683157013,
        "incomeTaxExpense": 756000,
        "netIncome": 2544000,
        "netIncomeRatio": 0.0484055103,
        "eps": 0.18,
        "epsdiluted": 0.17,
        "weightedAverageShsOut": 10210000,
        "weightedAverageShsOutDil": 10610000,
        "link": "https://www.sec.gov/Archives/edgar/data/845877/000114420410042312/0001144204-10-042312-index.htm",
        "finalLink": "https://www.sec.gov/Archives/edgar/data/845877/000114420410042312/v192468_10q.htm"
    },
    {
        "date": "2010-03-31",
        "symbol": "AGM",
        "reportedCurrency": "USD",
        "cik": "0000845877",
        "fillingDate": "2010-05-10",
        "acceptedDate": "2010-05-10 17:25:00",
        "calendarYear": "2010",
        "period": "Q1",
        "revenue": 63009000,
        "costOfRevenue": 39965000,
        "grossProfit": 23044000,
        "grossProfitRatio": 0.3657255313,
        "researchAndDevelopmentExpenses": 0,
        "generalAndAdministrativeExpenses": 6577000,
        "sellingAndMarketingExpenses": 0,
        "sellingGeneralAndAdministrativeExpenses": 6577000,
        "otherExpenses": -1458000,
        "operatingExpenses": 5119000,
        "costAndExpenses": 45084000,
        "interestIncome": 60732000,
        "interestExpense": 37115000,
        "depreciationAndAmortization": 0,
        "ebitda": 17925000,
        "ebitdaratio": 0.2844831691,
        "operatingIncome": 17925000,
        "operatingIncomeRatio": 0.2844831691,
        "totalOtherIncomeExpensesNet": 0,
        "incomeBeforeTax": 17925000,
        "incomeBeforeTaxRatio": 0.2844831691,
        "incomeTaxExpense": 4336000,
        "netIncome": 9521000,
        "netIncomeRatio": 0.1511053976,
        "eps": 0.17,
        "epsdiluted": 0.17,
        "weightedAverageShsOut": 10394000,
        "weightedAverageShsOutDil": 10394000,
        "link": "https://www.sec.gov/Archives/edgar/data/845877/000114420410025879/0001144204-10-025879-index.htm",
        "finalLink": "https://www.sec.gov/Archives/edgar/data/845877/000114420410025879/v184096_10q.htm"
    },
    {
        "date": "2009-12-31",
        "symbol": "AGM",
        "reportedCurrency": "USD",
        "cik": "0000845877",
        "fillingDate": "2010-03-16",
        "acceptedDate": "2010-03-16 17:15:29",
        "calendarYear": "2009",
        "period": "Q4",
        "revenue": 46108000,
        "costOfRevenue": 23906000,
        "grossProfit": 22202000,
        "grossProfitRatio": 0.4815216448,
        "researchAndDevelopmentExpenses": 0,
        "generalAndAdministrativeExpenses": 6025000,
        "sellingAndMarketingExpenses": 0,
        "sellingGeneralAndAdministrativeExpenses": 6025000,
        "otherExpenses": 1018000,
        "operatingExpenses": 7043000,
        "costAndExpenses": 30949000,
        "interestIncome": 44762000,
        "interestExpense": 21992000,
        "depreciationAndAmortization": 0,
        "ebitda": 15159000,
        "ebitdaratio": 0.3287715798,
        "operatingIncome": 15159000,
        "operatingIncomeRatio": 0.3287715798,
        "totalOtherIncomeExpensesNet": 0,
        "incomeBeforeTax": 15159000,
        "incomeBeforeTaxRatio": 0.3287715798,
        "incomeTaxExpense": 4796000,
        "netIncome": 10363000,
        "netIncomeRatio": 0.2247549232,
        "eps": 1.02,
        "epsdiluted": 1,
        "weightedAverageShsOut": 10154000,
        "weightedAverageShsOutDil": 10394000,
        "link": "https://www.sec.gov/Archives/edgar/data/845877/000114420410013869/0001144204-10-013869-index.htm",
        "finalLink": "https://www.sec.gov/Archives/edgar/data/845877/000114420410013869/v177350_10k.htm"
    },
    {
        "date": "2009-09-30",
        "symbol": "AGM",
        "reportedCurrency": "USD",
        "cik": "0000845877",
        "fillingDate": "2009-11-09",
        "acceptedDate": "2009-11-09 17:22:53",
        "calendarYear": "2009",
        "period": "Q3",
        "revenue": 69247000,
        "costOfRevenue": 26129000,
        "grossProfit": 43118000,
        "grossProfitRatio": 0.6226695741,
        "researchAndDevelopmentExpenses": 0,
        "generalAndAdministrativeExpenses": 5840000,
        "sellingAndMarketingExpenses": 0,
        "sellingGeneralAndAdministrativeExpenses": 5840000,
        "otherExpenses": 1913000,
        "operatingExpenses": 7753000,
        "costAndExpenses": 33882000,
        "interestIncome": 42828000,
        "interestExpense": 23031000,
        "depreciationAndAmortization": 0,
        "ebitda": 35365000,
        "ebitdaratio": 0.5107080451,
        "operatingIncome": 35365000,
        "operatingIncomeRatio": 0.5107080451,
        "totalOtherIncomeExpensesNet": 0,
        "incomeBeforeTax": 35365000,
        "incomeBeforeTaxRatio": 0.5107080451,
        "incomeTaxExpense": 13097000,
        "netIncome": 22268000,
        "netIncomeRatio": 0.3215734978,
        "eps": 1.77,
        "epsdiluted": 1.74,
        "weightedAverageShsOut": 10140000,
        "weightedAverageShsOutDil": 10285000,
        "link": "https://www.sec.gov/Archives/edgar/data/845877/000114420409057596/0001144204-09-057596-index.htm",
        "finalLink": "https://www.sec.gov/Archives/edgar/data/845877/000114420409057596/v165088_10q.htm"
    },
    {
        "date": "2009-06-30",
        "symbol": "AGM",
        "reportedCurrency": "USD",
        "cik": "0000845877",
        "fillingDate": "2009-08-10",
        "acceptedDate": "2009-08-10 17:10:51",
        "calendarYear": "2009",
        "period": "Q2",
        "revenue": 71022000,
        "costOfRevenue": 16156000,
        "grossProfit": 54866000,
        "grossProfitRatio": 0.7725211906,
        "researchAndDevelopmentExpenses": 0,
        "generalAndAdministrativeExpenses": 6558000,
        "sellingAndMarketingExpenses": 0,
        "sellingGeneralAndAdministrativeExpenses": 2986000,
        "otherExpenses": 2259000,
        "operatingExpenses": 8817000,
        "costAndExpenses": 24973000,
        "interestIncome": 41750000,
        "interestExpense": 21849000,
        "depreciationAndAmortization": 0,
        "ebitda": 46049000,
        "ebitdaratio": 0.6483765594,
        "operatingIncome": 46049000,
        "operatingIncomeRatio": 0.6483765594,
        "totalOtherIncomeExpensesNet": 0,
        "incomeBeforeTax": 46049000,
        "incomeBeforeTaxRatio": 0.6483765594,
        "incomeTaxExpense": 16534000,
        "netIncome": 29515000,
        "netIncomeRatio": 0.4155754555,
        "eps": 2.5,
        "epsdiluted": 2.49,
        "weightedAverageShsOut": 10138000,
        "weightedAverageShsOutDil": 10176000,
        "link": "https://www.sec.gov/Archives/edgar/data/845877/000114420409041728/0001144204-09-041728-index.htm",
        "finalLink": "https://www.sec.gov/Archives/edgar/data/845877/000114420409041728/v156970_10q.htm"
    },
    {
        "date": "2009-03-31",
        "symbol": "AGM",
        "reportedCurrency": "USD",
        "cik": "0000845877",
        "fillingDate": "2009-05-12",
        "acceptedDate": "2009-05-12 08:02:21",
        "calendarYear": "2009",
        "period": "Q1",
        "revenue": 92864000,
        "costOfRevenue": 27247000,
        "grossProfit": 65617000,
        "grossProfitRatio": 0.7065924363,
        "researchAndDevelopmentExpenses": 0,
        "generalAndAdministrativeExpenses": 6939000,
        "sellingAndMarketingExpenses": 0,
        "sellingGeneralAndAdministrativeExpenses": 6939000,
        "otherExpenses": 3134000,
        "operatingExpenses": 10073000,
        "costAndExpenses": 37320000,
        "interestIncome": 47153000,
        "interestExpense": 23713000,
        "depreciationAndAmortization": 0,
        "ebitda": 55544000,
        "ebitdaratio": 0.5981219848,
        "operatingIncome": 55544000,
        "operatingIncomeRatio": 0.5981219848,
        "totalOtherIncomeExpensesNet": 0,
        "incomeBeforeTax": 55544000,
        "incomeBeforeTaxRatio": 0.5981219848,
        "incomeTaxExpense": 18090000,
        "netIncome": 37454000,
        "netIncomeRatio": 0.4033209855,
        "eps": 3.31,
        "epsdiluted": 3.31,
        "weightedAverageShsOut": 10135000,
        "weightedAverageShsOutDil": 10135000,
        "link": "https://www.sec.gov/Archives/edgar/data/845877/000114420409025575/0001144204-09-025575-index.htm",
        "finalLink": "https://www.sec.gov/Archives/edgar/data/845877/000114420409025575/v148510_10q.htm"
    },
    {
        "date": "2008-12-31",
        "symbol": "AGM",
        "reportedCurrency": "USD",
        "cik": "0000845877",
        "fillingDate": "2009-03-16",
        "acceptedDate": "2009-03-16 17:29:30",
        "calendarYear": "2008",
        "period": "Q4",
        "revenue": 115704000,
        "costOfRevenue": 44895000,
        "grossProfit": 70809000,
        "grossProfitRatio": 0.6119840282,
        "researchAndDevelopmentExpenses": 0,
        "generalAndAdministrativeExpenses": 19119000,
        "sellingAndMarketingExpenses": 0,
        "sellingGeneralAndAdministrativeExpenses": 19119000,
        "otherExpenses": 137116000,
        "operatingExpenses": 156235000,
        "costAndExpenses": 201130000,
        "interestIncome": 56191000,
        "interestExpense": 31095000,
        "depreciationAndAmortization": 0,
        "ebitda": -85426000,
        "ebitdaratio": -0.7383150107,
        "operatingIncome": -85426000,
        "operatingIncomeRatio": -0.7383150107,
        "totalOtherIncomeExpensesNet": 0,
        "incomeBeforeTax": -85426000,
        "incomeBeforeTaxRatio": -0.7383150107,
        "incomeTaxExpense": -26327000,
        "netIncome": -59099000,
        "netIncomeRatio": -0.5107775012,
        "eps": -5.83,
        "epsdiluted": -5.83,
        "weightedAverageShsOut": 10130000,
        "weightedAverageShsOutDil": 10135000,
        "link": "https://www.sec.gov/Archives/edgar/data/845877/000114036109007183/0001140361-09-007183-index.htm",
        "finalLink": "https://www.sec.gov/Archives/edgar/data/845877/000114036109007183/form10k.htm"
    },
    {
        "date": "2008-09-30",
        "symbol": "AGM",
        "reportedCurrency": "USD",
        "cik": "0000845877",
        "fillingDate": "2008-11-10",
        "acceptedDate": "2008-11-10 17:18:42",
        "calendarYear": "2008",
        "period": "Q3",
        "revenue": 35974000,
        "costOfRevenue": 39991000,
        "grossProfit": -4017000,
        "grossProfitRatio": -0.1116639795,
        "researchAndDevelopmentExpenses": 0,
        "generalAndAdministrativeExpenses": 7809000,
        "sellingAndMarketingExpenses": 0,
        "sellingGeneralAndAdministrativeExpenses": 7809000,
        "otherExpenses": 96705000,
        "operatingExpenses": 104514000,
        "costAndExpenses": 144505000,
        "interestIncome": 60583000,
        "interestExpense": 39260000,
        "depreciationAndAmortization": 0,
        "ebitda": -108531000,
        "ebitdaratio": -3.0169288931,
        "operatingIncome": -108531000,
        "operatingIncomeRatio": -3.0169288931,
        "totalOtherIncomeExpensesNet": 0,
        "incomeBeforeTax": -108531000,
        "incomeBeforeTaxRatio": -3.0169288931,
        "incomeTaxExpense": -2973000,
        "netIncome": -105558000,
        "netIncomeRatio": -2.9342858731,
        "eps": -10.49,
        "epsdiluted": -10.49,
        "weightedAverageShsOut": 10065000,
        "weightedAverageShsOutDil": 10065000,
        "link": "https://www.sec.gov/Archives/edgar/data/845877/000114036108024945/0001140361-08-024945-index.htm",
        "finalLink": "https://www.sec.gov/Archives/edgar/data/845877/000114036108024945/form10q.htm"
    },
    {
        "date": "2008-06-30",
        "symbol": "AGM",
        "reportedCurrency": "USD",
        "cik": "0000845877",
        "fillingDate": "2008-08-12",
        "acceptedDate": "2008-08-11 19:18:36",
        "calendarYear": "2008",
        "period": "Q2",
        "revenue": 82721000,
        "costOfRevenue": 42454000,
        "grossProfit": 40267000,
        "grossProfitRatio": 0.4867808658,
        "researchAndDevelopmentExpenses": 0,
        "generalAndAdministrativeExpenses": 6171000,
        "sellingAndMarketingExpenses": 0,
        "sellingGeneralAndAdministrativeExpenses": 6171000,
        "otherExpenses": 550000,
        "operatingExpenses": 6721000,
        "costAndExpenses": 49175000,
        "interestIncome": 66812000,
        "interestExpense": 42454000,
        "depreciationAndAmortization": 20587000,
        "ebitda": 54133000,
        "ebitdaratio": 0.6544045647,
        "operatingIncome": 33546000,
        "operatingIncomeRatio": 0.405531848,
        "totalOtherIncomeExpensesNet": 0,
        "incomeBeforeTax": 33546000,
        "incomeBeforeTaxRatio": 0.405531848,
        "incomeTaxExpense": 11555000,
        "netIncome": 21991000,
        "netIncomeRatio": 0.2658454322,
        "eps": 2.15,
        "epsdiluted": 2.13,
        "weightedAverageShsOut": 9964000,
        "weightedAverageShsOutDil": 10072000,
        "link": "https://www.sec.gov/Archives/edgar/data/845877/000114036108018924/0001140361-08-018924-index.htm",
        "finalLink": "https://www.sec.gov/Archives/edgar/data/845877/000114036108018924/form10q.htm"
    },
    {
        "date": "2008-03-31",
        "symbol": "AGM",
        "reportedCurrency": "USD",
        "cik": "0000845877",
        "fillingDate": "2008-05-12",
        "acceptedDate": "2008-05-12 16:58:24",
        "calendarYear": "2008",
        "period": "Q1",
        "revenue": 47595000,
        "costOfRevenue": 54171000,
        "grossProfit": -6576000,
        "grossProfitRatio": -0.1381657737,
        "researchAndDevelopmentExpenses": 0,
        "generalAndAdministrativeExpenses": 5678000,
        "sellingAndMarketingExpenses": 0,
        "sellingGeneralAndAdministrativeExpenses": 5678000,
        "otherExpenses": 562000,
        "operatingExpenses": 6240000,
        "costAndExpenses": 60411000,
        "interestIncome": 72109000,
        "interestExpense": 54171000,
        "depreciationAndAmortization": 29751000,
        "ebitda": 16935000,
        "ebitdaratio": 0.3558146864,
        "operatingIncome": -12816000,
        "operatingIncomeRatio": -0.2692719824,
        "totalOtherIncomeExpensesNet": 0,
        "incomeBeforeTax": -12816000,
        "incomeBeforeTaxRatio": -0.2692719824,
        "incomeTaxExpense": -5119000,
        "netIncome": -7697000,
        "netIncomeRatio": -0.1617186679,
        "eps": -0.84,
        "epsdiluted": -0.84,
        "weightedAverageShsOut": 9867000,
        "weightedAverageShsOutDil": 9867000,
        "link": "https://www.sec.gov/Archives/edgar/data/845877/000114036108011992/0001140361-08-011992-index.htm",
        "finalLink": "https://www.sec.gov/Archives/edgar/data/845877/000114036108011992/form10q.htm"
    },
    {
        "date": "2007-12-31",
        "symbol": "AGM",
        "reportedCurrency": "USD",
        "cik": "0000845877",
        "fillingDate": "2008-03-17",
        "acceptedDate": "2008-03-17 17:03:37",
        "calendarYear": "2007",
        "period": "Q4",
        "revenue": 55706000,
        "costOfRevenue": 63464000,
        "grossProfit": -7758000,
        "grossProfitRatio": -0.1392668653,
        "researchAndDevelopmentExpenses": 0,
        "generalAndAdministrativeExpenses": 5871000,
        "sellingAndMarketingExpenses": 0,
        "sellingGeneralAndAdministrativeExpenses": 5871000,
        "otherExpenses": 443000,
        "operatingExpenses": 6314000,
        "costAndExpenses": 69778000,
        "interestIncome": 79839000,
        "interestExpense": 63464000,
        "depreciationAndAmortization": 30297000,
        "ebitda": 16225000,
        "ebitdaratio": 0.2912612645,
        "operatingIncome": -14072000,
        "operatingIncomeRatio": -0.2526119269,
        "totalOtherIncomeExpensesNet": 0,
        "incomeBeforeTax": -14072000,
        "incomeBeforeTaxRatio": -0.2526119269,
        "incomeTaxExpense": -5332000,
        "netIncome": -8740000,
        "netIncomeRatio": -0.156895128,
        "eps": -0.89,
        "epsdiluted": -0.89,
        "weightedAverageShsOut": 9867000,
        "weightedAverageShsOutDil": 9867000,
        "link": "https://www.sec.gov/Archives/edgar/data/845877/000114036108006973/0001140361-08-006973-index.htm",
        "finalLink": "https://www.sec.gov/Archives/edgar/data/845877/000114036108006973/form10k.htm"
    },
    {
        "date": "2007-09-30",
        "symbol": "AGM",
        "reportedCurrency": "USD",
        "cik": "0000845877",
        "fillingDate": "2007-11-08",
        "acceptedDate": "2007-11-08 17:05:59",
        "calendarYear": "2007",
        "period": "Q3",
        "revenue": 59106000,
        "costOfRevenue": 66177000,
        "grossProfit": -7071000,
        "grossProfitRatio": -0.1196325246,
        "researchAndDevelopmentExpenses": 0,
        "generalAndAdministrativeExpenses": 5441000,
        "sellingAndMarketingExpenses": 0,
        "sellingGeneralAndAdministrativeExpenses": 5441000,
        "otherExpenses": 905000,
        "operatingExpenses": 6346000,
        "costAndExpenses": 72523000,
        "interestIncome": 76694000,
        "interestExpense": 66177000,
        "depreciationAndAmortization": 35286000,
        "ebitda": 21869000,
        "ebitdaratio": 0.3699962779,
        "operatingIncome": -13417000,
        "operatingIncomeRatio": -0.226998951,
        "totalOtherIncomeExpensesNet": 0,
        "incomeBeforeTax": -13417000,
        "incomeBeforeTaxRatio": -0.226998951,
        "incomeTaxExpense": -5407000,
        "netIncome": -8010000,
        "netIncomeRatio": -0.1355192366,
        "eps": -0.82,
        "epsdiluted": -0.82,
        "weightedAverageShsOut": 10451000,
        "weightedAverageShsOutDil": 10451000,
        "link": "https://www.sec.gov/Archives/edgar/data/845877/000114036107021369/0001140361-07-021369-index.htm",
        "finalLink": "https://www.sec.gov/Archives/edgar/data/845877/000114036107021369/form10q.htm"
    },
    {
        "date": "2007-06-30",
        "symbol": "AGM",
        "reportedCurrency": "USD",
        "cik": "0000845877",
        "fillingDate": "2007-08-09",
        "acceptedDate": "2007-08-09 16:41:45",
        "calendarYear": "2007",
        "period": "Q2",
        "revenue": 97785000,
        "costOfRevenue": 63032000,
        "grossProfit": 34753000,
        "grossProfitRatio": 0.3554021578,
        "researchAndDevelopmentExpenses": 0,
        "generalAndAdministrativeExpenses": 5956000,
        "sellingAndMarketingExpenses": 0,
        "sellingGeneralAndAdministrativeExpenses": 5956000,
        "otherExpenses": 650000,
        "operatingExpenses": 6606000,
        "costAndExpenses": 69638000,
        "interestIncome": 71511000,
        "interestExpense": 63032000,
        "depreciationAndAmortization": 32936000,
        "ebitda": 61083000,
        "ebitdaratio": 0.6246663599,
        "operatingIncome": 28147000,
        "operatingIncomeRatio": 0.2878457841,
        "totalOtherIncomeExpensesNet": 0,
        "incomeBeforeTax": 28147000,
        "incomeBeforeTaxRatio": 0.2878457841,
        "incomeTaxExpense": 9218000,
        "netIncome": 18929000,
        "netIncomeRatio": 0.1935777471,
        "eps": 1.79,
        "epsdiluted": 1.74,
        "weightedAverageShsOut": 10262000,
        "weightedAverageShsOutDil": 10557000,
        "link": "https://www.sec.gov/Archives/edgar/data/845877/000114036107015841/0001140361-07-015841-index.htm",
        "finalLink": "https://www.sec.gov/Archives/edgar/data/845877/000114036107015841/form10-q.htm"
    },
    {
        "date": "2007-03-31",
        "symbol": "AGM",
        "reportedCurrency": "USD",
        "cik": "0000845877",
        "fillingDate": "2007-05-10",
        "acceptedDate": "2007-05-10 16:44:12",
        "calendarYear": "2007",
        "period": "Q1",
        "revenue": 71948000,
        "costOfRevenue": 60417000,
        "grossProfit": 11531000,
        "grossProfitRatio": 0.1602685273,
        "researchAndDevelopmentExpenses": 0,
        "generalAndAdministrativeExpenses": 5474000,
        "sellingAndMarketingExpenses": 0,
        "sellingGeneralAndAdministrativeExpenses": 5474000,
        "otherExpenses": 137000,
        "operatingExpenses": 5611000,
        "costAndExpenses": 66028000,
        "interestIncome": 69714000,
        "interestExpense": 60632000,
        "depreciationAndAmortization": 30229000,
        "ebitda": 36149000,
        "ebitdaratio": 0.5024323122,
        "operatingIncome": 5920000,
        "operatingIncomeRatio": 0.0822816479,
        "totalOtherIncomeExpensesNet": 0,
        "incomeBeforeTax": 5920000,
        "incomeBeforeTaxRatio": 0.0822816479,
        "incomeTaxExpense": 1438000,
        "netIncome": 4482000,
        "netIncomeRatio": 0.0622949908,
        "eps": 0.37,
        "epsdiluted": 0.37,
        "weightedAverageShsOut": 10600000,
        "weightedAverageShsOutDil": 10600000,
        "link": "https://www.sec.gov/Archives/edgar/data/845877/000114036107009600/0001140361-07-009600-index.htm",
        "finalLink": "https://www.sec.gov/Archives/edgar/data/845877/000114036107009600/form10q.htm"
    },
    {
        "date": "2006-12-31",
        "symbol": "AGM",
        "reportedCurrency": "USD",
        "cik": "0000845877",
        "fillingDate": "2007-03-15",
        "acceptedDate": "2007-03-15 17:17:54",
        "calendarYear": "2006",
        "period": "Q4",
        "revenue": 74395000,
        "costOfRevenue": 58058000,
        "grossProfit": 16337000,
        "grossProfitRatio": 0.2195980913,
        "researchAndDevelopmentExpenses": 0,
        "generalAndAdministrativeExpenses": 4207000,
        "sellingAndMarketingExpenses": 0,
        "sellingGeneralAndAdministrativeExpenses": 4207000,
        "otherExpenses": 1294000,
        "operatingExpenses": 5501000,
        "costAndExpenses": 63559000,
        "interestIncome": 66760000,
        "interestExpense": 58322000,
        "depreciationAndAmortization": 34254000,
        "ebitda": 45090000,
        "ebitdaratio": 0.6060891189,
        "operatingIncome": 10836000,
        "operatingIncomeRatio": 0.1456549499,
        "totalOtherIncomeExpensesNet": 0,
        "incomeBeforeTax": 10836000,
        "incomeBeforeTaxRatio": 0.1456549499,
        "incomeTaxExpense": 2714000,
        "netIncome": 8122000,
        "netIncomeRatio": 0.1091740036,
        "eps": 0.77,
        "epsdiluted": 0.77,
        "weightedAverageShsOut": 10600000,
        "weightedAverageShsOutDil": 10600000,
        "link": "https://www.sec.gov/Archives/edgar/data/845877/000114036107005799/0001140361-07-005799-index.htm",
        "finalLink": "https://www.sec.gov/Archives/edgar/data/845877/000114036107005799/form10-k.htm"
    },
    {
        "date": "2006-09-30",
        "symbol": "AGM",
        "reportedCurrency": "USD",
        "cik": "0000845877",
        "fillingDate": "2006-11-09",
        "acceptedDate": "2006-11-09 17:20:59",
        "calendarYear": "2006",
        "period": "Q3",
        "revenue": 52021000,
        "costOfRevenue": 56315000,
        "grossProfit": -4294000,
        "grossProfitRatio": -0.0825435882,
        "researchAndDevelopmentExpenses": 0,
        "generalAndAdministrativeExpenses": 5542000,
        "sellingAndMarketingExpenses": 0,
        "sellingGeneralAndAdministrativeExpenses": 5542000,
        "otherExpenses": -66000,
        "operatingExpenses": 5476000,
        "costAndExpenses": 61791000,
        "interestIncome": 65947000,
        "interestExpense": 56840000,
        "depreciationAndAmortization": 36100000,
        "ebitda": 26330000,
        "ebitdaratio": 0.5061417504,
        "operatingIncome": -9770000,
        "operatingIncomeRatio": -0.1878087695,
        "totalOtherIncomeExpensesNet": 0,
        "incomeBeforeTax": -9770000,
        "incomeBeforeTaxRatio": -0.1878087695,
        "incomeTaxExpense": -4072000,
        "netIncome": -5698000,
        "netIncomeRatio": -0.1095326887,
        "eps": -0.58,
        "epsdiluted": -0.58,
        "weightedAverageShsOut": 10790000,
        "weightedAverageShsOutDil": 10790000,
        "link": "https://www.sec.gov/Archives/edgar/data/845877/000114036106015913/0001140361-06-015913-index.htm",
        "finalLink": "https://www.sec.gov/Archives/edgar/data/845877/000114036106015913/form10-q.htm"
    },
    {
        "date": "2006-06-30",
        "symbol": "AGM",
        "reportedCurrency": "USD",
        "cik": "0000845877",
        "fillingDate": "2006-11-09",
        "acceptedDate": "2006-11-09 17:17:44",
        "calendarYear": "2006",
        "period": "Q2",
        "revenue": 77374000,
        "costOfRevenue": 50426000,
        "grossProfit": 26948000,
        "grossProfitRatio": 0.3482823688,
        "researchAndDevelopmentExpenses": 0,
        "generalAndAdministrativeExpenses": 5250000,
        "sellingAndMarketingExpenses": 0,
        "sellingGeneralAndAdministrativeExpenses": 5250000,
        "otherExpenses": 1202000,
        "operatingExpenses": 6452000,
        "costAndExpenses": 56878000,
        "interestIncome": 61098000,
        "interestExpense": 51020000,
        "depreciationAndAmortization": 30585000,
        "ebitda": 51081000,
        "ebitdaratio": 0.6601830072,
        "operatingIncome": 20496000,
        "operatingIncomeRatio": 0.2648951844,
        "totalOtherIncomeExpensesNet": 0,
        "incomeBeforeTax": 20496000,
        "incomeBeforeTaxRatio": 0.2648951844,
        "incomeTaxExpense": 6559000,
        "netIncome": 13937000,
        "netIncomeRatio": 0.1801251066,
        "eps": 1.21,
        "epsdiluted": 1.18,
        "weightedAverageShsOut": 11055372,
        "weightedAverageShsOutDil": 11336441,
        "link": "https://www.sec.gov/Archives/edgar/data/845877/000114036106015911/0001140361-06-015911-index.htm",
        "finalLink": "https://www.sec.gov/Archives/edgar/data/845877/000114036106015911/form10qa.htm"
    },
    {
        "date": "2006-03-31",
        "symbol": "AGM",
        "reportedCurrency": "USD",
        "cik": "0000845877",
        "fillingDate": "2006-05-10",
        "acceptedDate": "2006-05-10 16:29:58",
        "calendarYear": "2006",
        "period": "Q1",
        "revenue": 73246000,
        "costOfRevenue": 44438000,
        "grossProfit": 28808000,
        "grossProfitRatio": 0.3933047538,
        "researchAndDevelopmentExpenses": 0,
        "generalAndAdministrativeExpenses": 5662000,
        "sellingAndMarketingExpenses": 0,
        "sellingGeneralAndAdministrativeExpenses": 5662000,
        "otherExpenses": 7000,
        "operatingExpenses": 5669000,
        "costAndExpenses": 50107000,
        "interestIncome": 56118000,
        "interestExpense": 45451000,
        "depreciationAndAmortization": 26536000,
        "ebitda": 49675000,
        "ebitdaratio": 0.6781940311,
        "operatingIncome": 23139000,
        "operatingIncomeRatio": 0.3159080359,
        "totalOtherIncomeExpensesNet": 0,
        "incomeBeforeTax": 23139000,
        "incomeBeforeTaxRatio": 0.3159080359,
        "incomeTaxExpense": 7488000,
        "netIncome": 15651000,
        "netIncomeRatio": 0.2136771974,
        "eps": 1.36,
        "epsdiluted": 1.32,
        "weightedAverageShsOut": 11096324,
        "weightedAverageShsOutDil": 11432576,
        "link": "https://www.sec.gov/Archives/edgar/data/845877/000084587706000048/0000845877-06-000048-index.htm",
        "finalLink": "https://www.sec.gov/Archives/edgar/data/845877/000084587706000048/f10q_051006.htm"
    },
    {
        "date": "2005-12-31",
        "symbol": "AGM",
        "reportedCurrency": "USD",
        "cik": "0000845877",
        "fillingDate": "2006-03-16",
        "acceptedDate": "2006-03-16 17:21:54",
        "calendarYear": "2005",
        "period": "Q4",
        "revenue": 58897000,
        "costOfRevenue": 43628000,
        "grossProfit": 15269000,
        "grossProfitRatio": 0.2592491978,
        "researchAndDevelopmentExpenses": 0,
        "generalAndAdministrativeExpenses": 2329000,
        "sellingAndMarketingExpenses": 0,
        "sellingGeneralAndAdministrativeExpenses": 2329000,
        "otherExpenses": 3003000,
        "operatingExpenses": 5332000,
        "costAndExpenses": 48960000,
        "interestIncome": 54799000,
        "interestExpense": 45360000,
        "depreciationAndAmortization": 22114000,
        "ebitda": 32051000,
        "ebitdaratio": 0.54418731,
        "operatingIncome": 9937000,
        "operatingIncomeRatio": 0.1687182709,
        "totalOtherIncomeExpensesNet": 0,
        "incomeBeforeTax": 9937000,
        "incomeBeforeTaxRatio": 0.1687182709,
        "incomeTaxExpense": 2866000,
        "netIncome": 7071000,
        "netIncomeRatio": 0.1200570487,
        "eps": 0.63,
        "epsdiluted": 0.62,
        "weightedAverageShsOut": 11193333,
        "weightedAverageShsOutDil": 11447727,
        "link": "https://www.sec.gov/Archives/edgar/data/845877/000084587706000036/0000845877-06-000036-index.htm",
        "finalLink": "https://www.sec.gov/Archives/edgar/data/845877/000084587706000036/f10k_031606.htm"
    },
    {
        "date": "2005-09-30",
        "symbol": "AGM",
        "reportedCurrency": "USD",
        "cik": "0000845877",
        "fillingDate": "2005-11-09",
        "acceptedDate": "2005-11-09 16:33:36",
        "calendarYear": "2005",
        "period": "Q3",
        "revenue": 67429000,
        "costOfRevenue": 40493000,
        "grossProfit": 26936000,
        "grossProfitRatio": 0.3994720373,
        "researchAndDevelopmentExpenses": 0,
        "generalAndAdministrativeExpenses": 4765000,
        "sellingAndMarketingExpenses": 0,
        "sellingGeneralAndAdministrativeExpenses": 4765000,
        "otherExpenses": -7515000,
        "operatingExpenses": -2750000,
        "costAndExpenses": 37743000,
        "interestIncome": 49536000,
        "interestExpense": 38028000,
        "depreciationAndAmortization": 17552000,
        "ebitda": 47238000,
        "ebitdaratio": 0.7005591066,
        "operatingIncome": 29686000,
        "operatingIncomeRatio": 0.4402556763,
        "totalOtherIncomeExpensesNet": 0,
        "incomeBeforeTax": 29686000,
        "incomeBeforeTaxRatio": 0.4402556763,
        "incomeTaxExpense": 9778000,
        "netIncome": 19908000,
        "netIncomeRatio": 0.2952438862,
        "eps": 1.73,
        "epsdiluted": 1.7,
        "weightedAverageShsOut": 11184000,
        "weightedAverageShsOutDil": 11381000,
        "link": "https://www.sec.gov/Archives/edgar/data/845877/000084587705000339/0000845877-05-000339-index.htm",
        "finalLink": "https://www.sec.gov/Archives/edgar/data/845877/000084587705000339/f10q_110905.txt"
    },
    {
        "date": "2005-06-30",
        "symbol": "AGM",
        "reportedCurrency": "USD",
        "cik": "0000845877",
        "fillingDate": "2005-08-09",
        "acceptedDate": "2005-08-09 16:59:32",
        "calendarYear": "2005",
        "period": "Q2",
        "revenue": 52952000,
        "costOfRevenue": 35592000,
        "grossProfit": 17360000,
        "grossProfitRatio": 0.3278440852,
        "researchAndDevelopmentExpenses": 0,
        "generalAndAdministrativeExpenses": 1899000,
        "sellingAndMarketingExpenses": 0,
        "sellingGeneralAndAdministrativeExpenses": 1899000,
        "otherExpenses": 2910000,
        "operatingExpenses": 4809000,
        "costAndExpenses": 40401000,
        "interestIncome": 44008000,
        "interestExpense": 35886000,
        "depreciationAndAmortization": 16053000,
        "ebitda": 28604000,
        "ebitdaratio": 0.5401873395,
        "operatingIncome": 12551000,
        "operatingIncomeRatio": 0.2370259858,
        "totalOtherIncomeExpensesNet": 0,
        "incomeBeforeTax": 12551000,
        "incomeBeforeTaxRatio": 0.2370259858,
        "incomeTaxExpense": 3780000,
        "netIncome": 8771000,
        "netIncomeRatio": 0.1656405801,
        "eps": 0.72,
        "epsdiluted": 0.72,
        "weightedAverageShsOut": 11404167,
        "weightedAverageShsOutDil": 11404167,
        "link": "https://www.sec.gov/Archives/edgar/data/845877/000084587705000210/0000845877-05-000210-index.htm",
        "finalLink": "https://www.sec.gov/Archives/edgar/data/845877/000084587705000210/f10q_080905.txt"
    },
    {
        "date": "2005-03-31",
        "symbol": "AGM",
        "reportedCurrency": "USD",
        "cik": "0000845877",
        "fillingDate": "2005-05-10",
        "acceptedDate": "2005-05-10 16:04:13",
        "calendarYear": "2005",
        "period": "Q1",
        "revenue": 45422000,
        "costOfRevenue": 33399000,
        "grossProfit": 12023000,
        "grossProfitRatio": 0.264695522,
        "researchAndDevelopmentExpenses": 0,
        "generalAndAdministrativeExpenses": 1775000,
        "sellingAndMarketingExpenses": 0,
        "sellingGeneralAndAdministrativeExpenses": 1775000,
        "otherExpenses": 2443000,
        "operatingExpenses": 4218000,
        "costAndExpenses": 37617000,
        "interestIncome": 41789000,
        "interestExpense": 33983000,
        "depreciationAndAmortization": 13106000,
        "ebitda": 20911000,
        "ebitdaratio": 0.4603716261,
        "operatingIncome": 7805000,
        "operatingIncomeRatio": 0.1718330325,
        "totalOtherIncomeExpensesNet": 0,
        "incomeBeforeTax": 7805000,
        "incomeBeforeTaxRatio": 0.1718330325,
        "incomeTaxExpense": 2333000,
        "netIncome": 5472000,
        "netIncomeRatio": 0.1204702567,
        "eps": 0.42,
        "epsdiluted": 0.42,
        "weightedAverageShsOut": 11695238,
        "weightedAverageShsOutDil": 11695238,
        "link": "https://www.sec.gov/Archives/edgar/data/845877/000084587705000088/0000845877-05-000088-index.htm",
        "finalLink": "https://www.sec.gov/Archives/edgar/data/845877/000084587705000088/f10q_051005.txt"
    },
    {
        "date": "2004-12-31",
        "symbol": "AGM",
        "reportedCurrency": "USD",
        "cik": "0000845877",
        "fillingDate": "2005-03-16",
        "acceptedDate": "2005-03-16 16:51:15",
        "calendarYear": "2004",
        "period": "Q4",
        "revenue": 47012000,
        "costOfRevenue": 30804000,
        "grossProfit": 16208000,
        "grossProfitRatio": 0.3447630392,
        "researchAndDevelopmentExpenses": 0,
        "generalAndAdministrativeExpenses": 1809000,
        "sellingAndMarketingExpenses": 0,
        "sellingGeneralAndAdministrativeExpenses": 1809000,
        "otherExpenses": -983000,
        "operatingExpenses": 826000,
        "costAndExpenses": 31630000,
        "interestIncome": 39608000,
        "interestExpense": 31635000,
        "depreciationAndAmortization": 10580000,
        "ebitda": 25962000,
        "ebitdaratio": 0.5522419808,
        "operatingIncome": 15382000,
        "operatingIncomeRatio": 0.3271930571,
        "totalOtherIncomeExpensesNet": 0,
        "incomeBeforeTax": 15382000,
        "incomeBeforeTaxRatio": 0.3271930571,
        "incomeTaxExpense": 4985000,
        "netIncome": 10397000,
        "netIncomeRatio": 0.2211563005,
        "eps": 0.89,
        "epsdiluted": 0.89,
        "weightedAverageShsOut": 11695000,
        "weightedAverageShsOutDil": 11695000,
        "link": "https://www.sec.gov/Archives/edgar/data/845877/000084587705000047/0000845877-05-000047-index.htm",
        "finalLink": "https://www.sec.gov/Archives/edgar/data/845877/000084587705000047/f10k_031605.txt"
    },
    {
        "date": "2004-09-30",
        "symbol": "AGM",
        "reportedCurrency": "USD",
        "cik": "0000845877",
        "fillingDate": "2004-11-09",
        "acceptedDate": "2004-11-09 16:02:42",
        "calendarYear": "2004",
        "period": "Q3",
        "revenue": 49841000,
        "costOfRevenue": 30273000,
        "grossProfit": 19568000,
        "grossProfitRatio": 0.392608495,
        "researchAndDevelopmentExpenses": 0,
        "generalAndAdministrativeExpenses": 1715000,
        "sellingAndMarketingExpenses": 0,
        "sellingGeneralAndAdministrativeExpenses": 1715000,
        "otherExpenses": 4249000,
        "operatingExpenses": 5964000,
        "costAndExpenses": 36237000,
        "interestIncome": 38386000,
        "interestExpense": 30417000,
        "depreciationAndAmortization": 8639000,
        "ebitda": 22243000,
        "ebitdaratio": 0.4462791678,
        "operatingIncome": 13604000,
        "operatingIncomeRatio": 0.2729479746,
        "totalOtherIncomeExpensesNet": 0,
        "incomeBeforeTax": 13604000,
        "incomeBeforeTaxRatio": 0.2729479746,
        "incomeTaxExpense": 4440000,
        "netIncome": 9164000,
        "netIncomeRatio": 0.1838646897,
        "eps": 0.71,
        "epsdiluted": 0.7,
        "weightedAverageShsOut": 12118310,
        "weightedAverageShsOutDil": 12291429,
        "link": "https://www.sec.gov/Archives/edgar/data/845877/000084587704000295/0000845877-04-000295-index.htm",
        "finalLink": "https://www.sec.gov/Archives/edgar/data/845877/000084587704000295/f10q_110904.txt"
    },
    {
        "date": "2004-06-30",
        "symbol": "AGM",
        "reportedCurrency": "USD",
        "cik": "0000845877",
        "fillingDate": "2004-08-09",
        "acceptedDate": "2004-08-09 16:50:56",
        "calendarYear": "2004",
        "period": "Q2",
        "revenue": 38369000,
        "costOfRevenue": 30689000,
        "grossProfit": 7680000,
        "grossProfitRatio": 0.2001615888,
        "researchAndDevelopmentExpenses": 0,
        "generalAndAdministrativeExpenses": 1717000,
        "sellingAndMarketingExpenses": 0,
        "sellingGeneralAndAdministrativeExpenses": 1717000,
        "otherExpenses": 2737000,
        "operatingExpenses": 4454000,
        "costAndExpenses": 35143000,
        "interestIncome": 36913000,
        "interestExpense": 29074000,
        "depreciationAndAmortization": 7226000,
        "ebitda": 10452000,
        "ebitdaratio": 0.2724074122,
        "operatingIncome": 3226000,
        "operatingIncomeRatio": 0.0840782924,
        "totalOtherIncomeExpensesNet": 0,
        "incomeBeforeTax": 3226000,
        "incomeBeforeTaxRatio": 0.0840782924,
        "incomeTaxExpense": 706000,
        "netIncome": 2520000,
        "netIncomeRatio": 0.0656780213,
        "eps": 0.16,
        "epsdiluted": 0.16,
        "weightedAverageShsOut": 12250000,
        "weightedAverageShsOutDil": 12250000,
        "link": "https://www.sec.gov/Archives/edgar/data/845877/000084587704000234/0000845877-04-000234-index.htm",
        "finalLink": "https://www.sec.gov/Archives/edgar/data/845877/000084587704000234/f10q_063004.txt"
    },
    {
        "date": "2004-03-31",
        "symbol": "AGM",
        "reportedCurrency": "USD",
        "cik": "0000845877",
        "fillingDate": "2004-05-10",
        "acceptedDate": "2004-05-10 16:46:52",
        "calendarYear": "2004",
        "period": "Q1",
        "revenue": 47798000,
        "costOfRevenue": 32414000,
        "grossProfit": 15384000,
        "grossProfitRatio": 0.3218544709,
        "researchAndDevelopmentExpenses": 0,
        "generalAndAdministrativeExpenses": 3868000,
        "sellingAndMarketingExpenses": 0,
        "sellingGeneralAndAdministrativeExpenses": 3868000,
        "otherExpenses": -691000,
        "operatingExpenses": 3177000,
        "costAndExpenses": 35591000,
        "interestIncome": 39088000,
        "interestExpense": 29621000,
        "depreciationAndAmortization": 8012000,
        "ebitda": 20219000,
        "ebitdaratio": 0.4230093309,
        "operatingIncome": 12207000,
        "operatingIncomeRatio": 0.2553872547,
        "totalOtherIncomeExpensesNet": 0,
        "incomeBeforeTax": 12207000,
        "incomeBeforeTaxRatio": 0.2553872547,
        "incomeTaxExpense": 3820000,
        "netIncome": 8387000,
        "netIncomeRatio": 0.1754675928,
        "eps": 0.65,
        "epsdiluted": 0.64,
        "weightedAverageShsOut": 12041538,
        "weightedAverageShsOutDil": 12229688,
        "link": "https://www.sec.gov/Archives/edgar/data/845877/000084587704000127/0000845877-04-000127-index.htm",
        "finalLink": "https://www.sec.gov/Archives/edgar/data/845877/000084587704000127/f10q_051004.txt"
    },
    {
        "date": "2003-12-31",
        "symbol": "AGM",
        "reportedCurrency": "USD",
        "cik": "0000845877",
        "fillingDate": "2004-03-15",
        "acceptedDate": "2004-03-15 16:39:25",
        "calendarYear": "2003",
        "period": "Q4",
        "revenue": 43781000,
        "costOfRevenue": 30821000,
        "grossProfit": 12960000,
        "grossProfitRatio": 0.2960188209,
        "researchAndDevelopmentExpenses": 0,
        "generalAndAdministrativeExpenses": 1633000,
        "sellingAndMarketingExpenses": 0,
        "sellingGeneralAndAdministrativeExpenses": 1633000,
        "otherExpenses": 3641000,
        "operatingExpenses": 5274000,
        "costAndExpenses": 36095000,
        "interestIncome": 39406000,
        "interestExpense": 30312000,
        "depreciationAndAmortization": 7668000,
        "ebitda": 15354000,
        "ebitdaratio": 0.3507000754,
        "operatingIncome": 7686000,
        "operatingIncomeRatio": 0.1755556063,
        "totalOtherIncomeExpensesNet": 0,
        "incomeBeforeTax": 7686000,
        "incomeBeforeTaxRatio": 0.1755556063,
        "incomeTaxExpense": 2235000,
        "netIncome": 5451000,
        "netIncomeRatio": 0.1245060643,
        "eps": 0.45,
        "epsdiluted": 0.45,
        "weightedAverageShsOut": 12041538,
        "weightedAverageShsOutDil": 12229688,
        "link": "https://www.sec.gov/Archives/edgar/data/845877/000084587704000058/0000845877-04-000058-index.htm",
        "finalLink": "https://www.sec.gov/Archives/edgar/data/845877/000084587704000058/f10k_031504.txt"
    },
    {
        "date": "2003-09-30",
        "symbol": "AGM",
        "reportedCurrency": "USD",
        "cik": "0000845877",
        "fillingDate": "2003-11-14",
        "acceptedDate": "2003-11-14 15:59:18",
        "calendarYear": "2003",
        "period": "Q3",
        "revenue": 41382000,
        "costOfRevenue": 33793000,
        "grossProfit": 7589000,
        "grossProfitRatio": 0.1833889131,
        "researchAndDevelopmentExpenses": 0,
        "generalAndAdministrativeExpenses": 1582000,
        "sellingAndMarketingExpenses": 0,
        "sellingGeneralAndAdministrativeExpenses": 1582000,
        "otherExpenses": 664000,
        "operatingExpenses": 2246000,
        "costAndExpenses": 36039000,
        "interestIncome": 39320000,
        "interestExpense": 30402000,
        "depreciationAndAmortization": 8219000,
        "ebitda": 13562000,
        "ebitdaratio": 0.3277270311,
        "operatingIncome": 5343000,
        "operatingIncomeRatio": 0.1291141076,
        "totalOtherIncomeExpensesNet": 0,
        "incomeBeforeTax": 5343000,
        "incomeBeforeTaxRatio": 0.1291141076,
        "incomeTaxExpense": 1438000,
        "netIncome": 3905000,
        "netIncomeRatio": 0.0943646996,
        "eps": 0.28,
        "epsdiluted": 0.28,
        "weightedAverageShsOut": 11946429,
        "weightedAverageShsOutDil": 11946429,
        "link": "https://www.sec.gov/Archives/edgar/data/845877/000084587703000179/0000845877-03-000179-index.htm",
        "finalLink": "https://www.sec.gov/Archives/edgar/data/845877/000084587703000179/f10q_111403.txt"
    },
    {
        "date": "2003-06-30",
        "symbol": "AGM",
        "reportedCurrency": "USD",
        "cik": "0000845877",
        "fillingDate": "2003-08-14",
        "acceptedDate": "2003-08-14 16:36:18",
        "calendarYear": "2003",
        "period": "Q2",
        "revenue": 49559000,
        "costOfRevenue": 33389000,
        "grossProfit": 16170000,
        "grossProfitRatio": 0.3262777699,
        "researchAndDevelopmentExpenses": 0,
        "generalAndAdministrativeExpenses": 1465000,
        "sellingAndMarketingExpenses": 0,
        "sellingGeneralAndAdministrativeExpenses": 1465000,
        "otherExpenses": 1595000,
        "operatingExpenses": 3060000,
        "costAndExpenses": 36449000,
        "interestIncome": 40866000,
        "interestExpense": 31501000,
        "depreciationAndAmortization": 10066000,
        "ebitda": 23176000,
        "ebitdaratio": 0.4676446256,
        "operatingIncome": 13110000,
        "operatingIncomeRatio": 0.2645331827,
        "totalOtherIncomeExpensesNet": 0,
        "incomeBeforeTax": 13110000,
        "incomeBeforeTaxRatio": 0.2645331827,
        "incomeTaxExpense": 4184000,
        "netIncome": 8926000,
        "netIncomeRatio": 0.1801085575,
        "eps": 0.72,
        "epsdiluted": 0.7,
        "weightedAverageShsOut": 11619444,
        "weightedAverageShsOutDil": 11951429,
        "link": "https://www.sec.gov/Archives/edgar/data/845877/000084587703000108/0000845877-03-000108-index.htm",
        "finalLink": "https://www.sec.gov/Archives/edgar/data/845877/000084587703000108/f10q_081403.txt"
    },
    {
        "date": "2003-03-31",
        "symbol": "AGM",
        "reportedCurrency": "USD",
        "cik": "0000845877",
        "fillingDate": "2003-05-15",
        "acceptedDate": "2003-05-15 15:52:03",
        "calendarYear": "2003",
        "period": "Q1",
        "revenue": 50769000,
        "costOfRevenue": 33301000,
        "grossProfit": 17468000,
        "grossProfitRatio": 0.3440682306,
        "researchAndDevelopmentExpenses": 0,
        "generalAndAdministrativeExpenses": 2632000,
        "sellingAndMarketingExpenses": 0,
        "sellingGeneralAndAdministrativeExpenses": 2632000,
        "otherExpenses": 1401000,
        "operatingExpenses": 4033000,
        "costAndExpenses": 37334000,
        "interestIncome": 41968000,
        "interestExpense": 32093000,
        "depreciationAndAmortization": 9653000,
        "ebitda": 23088000,
        "ebitdaratio": 0.4547657035,
        "operatingIncome": 13435000,
        "operatingIncomeRatio": 0.2646299907,
        "totalOtherIncomeExpensesNet": 0,
        "incomeBeforeTax": 13435000,
        "incomeBeforeTaxRatio": 0.2646299907,
        "incomeTaxExpense": 4452000,
        "netIncome": 8983000,
        "netIncomeRatio": 0.1769386831,
        "eps": 0.72,
        "epsdiluted": 0.7,
        "weightedAverageShsOut": 11698611,
        "weightedAverageShsOutDil": 12032857,
        "link": "https://www.sec.gov/Archives/edgar/data/845877/000084587703000027/0000845877-03-000027-index.htm",
        "finalLink": "https://www.sec.gov/Archives/edgar/data/845877/000084587703000027/f10q_051503.txt"
    },
    {
        "date": "2002-12-31",
        "symbol": "AGM",
        "reportedCurrency": "USD",
        "cik": "0000845877",
        "fillingDate": "2003-03-27",
        "acceptedDate": "2003-03-27 16:17:18",
        "calendarYear": "2002",
        "period": "Q4",
        "revenue": 45969000,
        "costOfRevenue": 37063000,
        "grossProfit": 8906000,
        "grossProfitRatio": 0.1937392591,
        "researchAndDevelopmentExpenses": 0,
        "generalAndAdministrativeExpenses": 2020000,
        "sellingAndMarketingExpenses": 0,
        "sellingGeneralAndAdministrativeExpenses": 2020000,
        "otherExpenses": 382000,
        "operatingExpenses": 2402000,
        "costAndExpenses": 39465000,
        "interestIncome": 43644000,
        "interestExpense": 34915000,
        "depreciationAndAmortization": 13026000,
        "ebitda": 19530000,
        "ebitdaratio": 0.4248515304,
        "operatingIncome": 6504000,
        "operatingIncomeRatio": 0.141486654,
        "totalOtherIncomeExpensesNet": 0,
        "incomeBeforeTax": 6504000,
        "incomeBeforeTaxRatio": 0.141486654,
        "incomeTaxExpense": 1853000,
        "netIncome": 3337000,
        "netIncomeRatio": 0.0725923992,
        "eps": 0.25,
        "epsdiluted": 0.24,
        "weightedAverageShsOut": 13254167,
        "weightedAverageShsOutDil": 13632857,
        "link": "https://www.sec.gov/Archives/edgar/data/845877/000084587703000003/0000845877-03-000003-index.htm",
        "finalLink": "https://www.sec.gov/Archives/edgar/data/845877/000084587703000003/f10k_32703.txt"
    },
    {
        "date": "2002-09-30",
        "symbol": "AGM",
        "reportedCurrency": "USD",
        "cik": "0000845877",
        "fillingDate": "2002-11-14",
        "acceptedDate": "2002-11-14 17:45:25",
        "calendarYear": "2002",
        "period": "Q3",
        "revenue": 48954000,
        "costOfRevenue": 37133000,
        "grossProfit": 11821000,
        "grossProfitRatio": 0.2414715856,
        "researchAndDevelopmentExpenses": 0,
        "generalAndAdministrativeExpenses": 1325000,
        "sellingAndMarketingExpenses": 0,
        "sellingGeneralAndAdministrativeExpenses": 1325000,
        "otherExpenses": 2565000,
        "operatingExpenses": 3890000,
        "costAndExpenses": 41023000,
        "interestIncome": 46185000,
        "interestExpense": 35096000,
        "depreciationAndAmortization": 12893000,
        "ebitda": 20824000,
        "ebitdaratio": 0.4253789272,
        "operatingIncome": 7931000,
        "operatingIncomeRatio": 0.1620092332,
        "totalOtherIncomeExpensesNet": 0,
        "incomeBeforeTax": 7931000,
        "incomeBeforeTaxRatio": 0.1620092332,
        "incomeTaxExpense": 2341000,
        "netIncome": 5590000,
        "netIncomeRatio": 0.1141888303,
        "eps": 0.43,
        "epsdiluted": 0.42,
        "weightedAverageShsOut": 11629000,
        "weightedAverageShsOutDil": 11959000,
        "link": "https://www.sec.gov/Archives/edgar/data/845877/000084587702000033/0000845877-02-000033-index.htm",
        "finalLink": "https://www.sec.gov/Archives/edgar/data/845877/000084587702000033/f10q_111402.txt"
    },
    {
        "date": "2002-06-30",
        "symbol": "AGM",
        "reportedCurrency": "USD",
        "cik": "0000845877",
        "fillingDate": "2002-08-14",
        "acceptedDate": "2002-08-14 18:07:45",
        "calendarYear": "2002",
        "period": "Q2",
        "revenue": 49249000,
        "costOfRevenue": 36663000,
        "grossProfit": 12586000,
        "grossProfitRatio": 0.2555584885,
        "researchAndDevelopmentExpenses": 0,
        "generalAndAdministrativeExpenses": 1324000,
        "sellingAndMarketingExpenses": 0,
        "sellingGeneralAndAdministrativeExpenses": 1324000,
        "otherExpenses": 1696000,
        "operatingExpenses": 3020000,
        "costAndExpenses": 39683000,
        "interestIncome": 43491000,
        "interestExpense": 34641000,
        "depreciationAndAmortization": 11180000,
        "ebitda": 20746000,
        "ebitdaratio": 0.4212471319,
        "operatingIncome": 9566000,
        "operatingIncomeRatio": 0.1942374464,
        "totalOtherIncomeExpensesNet": 0,
        "incomeBeforeTax": 9566000,
        "incomeBeforeTaxRatio": 0.1942374464,
        "incomeTaxExpense": 2944000,
        "netIncome": 6622000,
        "netIncomeRatio": 0.1344595829,
        "eps": 0.6,
        "epsdiluted": 0.52,
        "weightedAverageShsOut": 11630466,
        "weightedAverageShsOutDil": 11630466,
        "link": "https://www.sec.gov/Archives/edgar/data/845877/000084587702000023/0000845877-02-000023-index.htm",
        "finalLink": "https://www.sec.gov/Archives/edgar/data/845877/000084587702000023/f10q_081402.txt"
    },
    {
        "date": "2002-03-31",
        "symbol": "AGM",
        "reportedCurrency": "USD",
        "cik": "0000845877",
        "fillingDate": "2002-05-15",
        "acceptedDate": "2002-05-15 09:03:33",
        "calendarYear": "2002",
        "period": "Q1",
        "revenue": 42326000,
        "costOfRevenue": 31690000,
        "grossProfit": 10636000,
        "grossProfitRatio": 0.2512876246,
        "researchAndDevelopmentExpenses": 0,
        "generalAndAdministrativeExpenses": 1255000,
        "sellingAndMarketingExpenses": 0,
        "sellingGeneralAndAdministrativeExpenses": 1255000,
        "otherExpenses": 1293000,
        "operatingExpenses": 2548000,
        "costAndExpenses": 34238000,
        "interestIncome": 37144000,
        "interestExpense": 29674000,
        "depreciationAndAmortization": 11614000,
        "ebitda": 19702000,
        "ebitdaratio": 0.4654822095,
        "operatingIncome": 8088000,
        "operatingIncomeRatio": 0.19108822,
        "totalOtherIncomeExpensesNet": 0,
        "incomeBeforeTax": 8088000,
        "incomeBeforeTaxRatio": 0.19108822,
        "incomeTaxExpense": 2505000,
        "netIncome": 7202000,
        "netIncomeRatio": 0.17015546,
        "eps": 0.62,
        "epsdiluted": 0.59,
        "weightedAverageShsOut": 11616129,
        "weightedAverageShsOutDil": 12206780,
        "link": "https://www.sec.gov/Archives/edgar/data/845877/000101752702000066/0001017527-02-000066-index.htm",
        "finalLink": "https://www.sec.gov/Archives/edgar/data/845877/000101752702000066/f10q_51502.txt"
    },
    {
        "date": "2001-12-31",
        "symbol": "AGM",
        "reportedCurrency": "USD",
        "cik": "0000845877",
        "fillingDate": "2002-03-27",
        "acceptedDate": "2002-03-27 00:00:00",
        "calendarYear": "2001",
        "period": "Q4",
        "revenue": 44244000,
        "costOfRevenue": 34042000,
        "grossProfit": 10202000,
        "grossProfitRatio": 0.2305849381,
        "researchAndDevelopmentExpenses": 0,
        "generalAndAdministrativeExpenses": 5548000,
        "sellingAndMarketingExpenses": 0,
        "sellingGeneralAndAdministrativeExpenses": 5548000,
        "otherExpenses": -3114000,
        "operatingExpenses": 2434000,
        "costAndExpenses": 36476000,
        "interestIncome": 39253000,
        "interestExpense": 32056000,
        "depreciationAndAmortization": 6489000,
        "ebitda": 14257000,
        "ebitdaratio": 0.3222357834,
        "operatingIncome": 7768000,
        "operatingIncomeRatio": 0.1755718289,
        "totalOtherIncomeExpensesNet": 0,
        "incomeBeforeTax": 7768000,
        "incomeBeforeTaxRatio": 0.1755718289,
        "incomeTaxExpense": 2287000,
        "netIncome": 5481000,
        "netIncomeRatio": 0.1238812042,
        "eps": 0.47,
        "epsdiluted": 0.45,
        "weightedAverageShsOut": 11616129,
        "weightedAverageShsOutDil": 12206780,
        "link": "https://www.sec.gov/Archives/edgar/data/845877/000101752702000033/0001017527-02-000033-index.htm",
        "finalLink": "https://www.sec.gov/Archives/edgar/data/845877/000101752702000033/f10k_032702.txt"
    },
    {
        "date": "2001-09-30",
        "symbol": "AGM",
        "reportedCurrency": "USD",
        "cik": "0000845877",
        "fillingDate": "2001-11-13",
        "acceptedDate": "2001-11-13 00:00:00",
        "calendarYear": "2001",
        "period": "Q3",
        "revenue": 49179000,
        "costOfRevenue": 39254000,
        "grossProfit": 9925000,
        "grossProfitRatio": 0.2018137823,
        "researchAndDevelopmentExpenses": 0,
        "generalAndAdministrativeExpenses": 1414000,
        "sellingAndMarketingExpenses": 0,
        "sellingGeneralAndAdministrativeExpenses": 1414000,
        "otherExpenses": 1128000,
        "operatingExpenses": 2542000,
        "costAndExpenses": 41796000,
        "interestIncome": 45160000,
        "interestExpense": 37292000,
        "depreciationAndAmortization": 23286000,
        "ebitda": 30669000,
        "ebitdaratio": 0.6236198377,
        "operatingIncome": 7383000,
        "operatingIncomeRatio": 0.1501250534,
        "totalOtherIncomeExpensesNet": 0,
        "incomeBeforeTax": 7383000,
        "incomeBeforeTaxRatio": 0.1501250534,
        "incomeTaxExpense": 2455000,
        "netIncome": 4928000,
        "netIncomeRatio": 0.1002053722,
        "eps": 0.43,
        "epsdiluted": 0.41,
        "weightedAverageShsOut": 11460465,
        "weightedAverageShsOutDil": 12019512,
        "link": "https://www.sec.gov/Archives/edgar/data/845877/000101752701500092/0001017527-01-500092-index.htm",
        "finalLink": "https://www.sec.gov/Archives/edgar/data/845877/000101752701500092/f10q_3q111301.txt"
    },
    {
        "date": "2001-06-30",
        "symbol": "AGM",
        "reportedCurrency": "USD",
        "cik": "0000845877",
        "fillingDate": "2001-08-14",
        "acceptedDate": "2001-08-14 00:00:00",
        "calendarYear": "2001",
        "period": "Q2",
        "revenue": 49995000,
        "costOfRevenue": 41341000,
        "grossProfit": 8654000,
        "grossProfitRatio": 0.1730973097,
        "researchAndDevelopmentExpenses": 0,
        "generalAndAdministrativeExpenses": 1496000,
        "sellingAndMarketingExpenses": 0,
        "sellingGeneralAndAdministrativeExpenses": 1496000,
        "otherExpenses": 1352000,
        "operatingExpenses": 2848000,
        "costAndExpenses": 44189000,
        "interestIncome": 46369000,
        "interestExpense": 39947000,
        "depreciationAndAmortization": 21263000,
        "ebitda": 27069000,
        "ebitdaratio": 0.5414341434,
        "operatingIncome": 5806000,
        "operatingIncomeRatio": 0.1161316132,
        "totalOtherIncomeExpensesNet": 0,
        "incomeBeforeTax": 5806000,
        "incomeBeforeTaxRatio": 0.1161316132,
        "incomeTaxExpense": 2091000,
        "netIncome": 3715000,
        "netIncomeRatio": 0.0743074307,
        "eps": 0.33,
        "epsdiluted": 0.32,
        "weightedAverageShsOut": 11257576,
        "weightedAverageShsOutDil": 11609375,
        "link": "https://www.sec.gov/Archives/edgar/data/845877/000101752701500053/0001017527-01-500053-index.htm",
        "finalLink": "https://www.sec.gov/Archives/edgar/data/845877/000101752701500053/f10q_81401.txt"
    },
    {
        "date": "2001-03-31",
        "symbol": "AGM",
        "reportedCurrency": "USD",
        "cik": "0000845877",
        "fillingDate": "2001-05-15",
        "acceptedDate": "2001-05-15 00:00:00",
        "calendarYear": "2001",
        "period": "Q1",
        "revenue": 53436000,
        "costOfRevenue": 46361000,
        "grossProfit": 7075000,
        "grossProfitRatio": 0.1324013773,
        "researchAndDevelopmentExpenses": 0,
        "generalAndAdministrativeExpenses": 1237000,
        "sellingAndMarketingExpenses": 0,
        "sellingGeneralAndAdministrativeExpenses": 1237000,
        "otherExpenses": 1368000,
        "operatingExpenses": 2605000,
        "costAndExpenses": 48966000,
        "interestIncome": 50431000,
        "interestExpense": 44978000,
        "depreciationAndAmortization": 30669000,
        "ebitda": 35139000,
        "ebitdaratio": 0.6575903885,
        "operatingIncome": 4470000,
        "operatingIncomeRatio": 0.0836514709,
        "totalOtherIncomeExpensesNet": 0,
        "incomeBeforeTax": 4470000,
        "incomeBeforeTaxRatio": 0.0836514709,
        "incomeTaxExpense": 1588000,
        "netIncome": 2156000,
        "netIncomeRatio": 0.0403473314,
        "eps": 0.19,
        "epsdiluted": 0.18,
        "weightedAverageShsOut": 11347368,
        "weightedAverageShsOutDil": 11977778,
        "link": "https://www.sec.gov/Archives/edgar/data/845877/000084587701500011/0000845877-01-500011-index.htm",
        "finalLink": "https://www.sec.gov/Archives/edgar/data/845877/000084587701500011/f10q_051401.txt"
    },
    {
        "date": "2000-12-31",
        "symbol": "AGM",
        "reportedCurrency": "USD",
        "cik": "0000845877",
        "fillingDate": "2000-12-31",
        "acceptedDate": "2000-12-31 00:00:00",
        "calendarYear": "2000",
        "period": "Q4",
        "revenue": 56084000,
        "costOfRevenue": 49358000,
        "grossProfit": 6726000,
        "grossProfitRatio": 0.119927252,
        "researchAndDevelopmentExpenses": 0,
        "generalAndAdministrativeExpenses": 4912000,
        "sellingAndMarketingExpenses": 0,
        "sellingGeneralAndAdministrativeExpenses": 4912000,
        "otherExpenses": -2644000,
        "operatingExpenses": 2268000,
        "costAndExpenses": 51626000,
        "interestIncome": 52567000,
        "interestExpense": 48061000,
        "depreciationAndAmortization": 36881000,
        "ebitda": 41339000,
        "ebitdaratio": 0.7370907924,
        "operatingIncome": 4458000,
        "operatingIncomeRatio": 0.079487911,
        "totalOtherIncomeExpensesNet": 0,
        "incomeBeforeTax": 4458000,
        "incomeBeforeTaxRatio": 0.079487911,
        "incomeTaxExpense": 1585000,
        "netIncome": 2873000,
        "netIncomeRatio": 0.0512267313,
        "eps": 0.25,
        "epsdiluted": 0.24,
        "weightedAverageShsOut": 11347368,
        "weightedAverageShsOutDil": 11977778,
        "link": null,
        "finalLink": null
    },
    {
        "date": "2000-09-30",
        "symbol": "AGM",
        "reportedCurrency": "USD",
        "cik": "0000845877",
        "fillingDate": "2000-11-14",
        "acceptedDate": "2000-11-14 00:00:00",
        "calendarYear": "2000",
        "period": "Q3",
        "revenue": 54067000,
        "costOfRevenue": 47753000,
        "grossProfit": 6314000,
        "grossProfitRatio": 0.1167810309,
        "researchAndDevelopmentExpenses": 0,
        "generalAndAdministrativeExpenses": 1037000,
        "sellingAndMarketingExpenses": 0,
        "sellingGeneralAndAdministrativeExpenses": 1037000,
        "otherExpenses": 1038000,
        "operatingExpenses": 2075000,
        "costAndExpenses": 49828000,
        "interestIncome": 51017000,
        "interestExpense": 46685000,
        "depreciationAndAmortization": 33494000,
        "ebitda": 37733000,
        "ebitdaratio": 0.6978933545,
        "operatingIncome": 4239000,
        "operatingIncomeRatio": 0.0784027225,
        "totalOtherIncomeExpensesNet": 0,
        "incomeBeforeTax": 4239000,
        "incomeBeforeTaxRatio": 0.0784027225,
        "incomeTaxExpense": 1505000,
        "netIncome": 2734000,
        "netIncomeRatio": 0.0505668892,
        "eps": 0.25,
        "epsdiluted": 0.24,
        "weightedAverageShsOut": 10936000,
        "weightedAverageShsOutDil": 11391667,
        "link": "https://www.sec.gov/Archives/edgar/data/845877/000084587700000012/0000845877-00-000012-index.html",
        "finalLink": "https://www.sec.gov/Archives/edgar/data/845877/000084587700000012/0000845877-00-000012-0001.txt"
    },
    {
        "date": "2000-06-30",
        "symbol": "AGM",
        "reportedCurrency": "USD",
        "cik": "0000845877",
        "fillingDate": "2000-08-14",
        "acceptedDate": "2000-08-14 00:00:00",
        "calendarYear": "2000",
        "period": "Q2",
        "revenue": 49689000,
        "costOfRevenue": 43757000,
        "grossProfit": 5932000,
        "grossProfitRatio": 0.1193825595,
        "researchAndDevelopmentExpenses": 0,
        "generalAndAdministrativeExpenses": 1065000,
        "sellingAndMarketingExpenses": 0,
        "sellingGeneralAndAdministrativeExpenses": 1065000,
        "otherExpenses": 1033000,
        "operatingExpenses": 2098000,
        "costAndExpenses": 45855000,
        "interestIncome": 46944000,
        "interestExpense": 42700000,
        "depreciationAndAmortization": 29552000,
        "ebitda": 33386000,
        "ebitdaratio": 0.6718992131,
        "operatingIncome": 3834000,
        "operatingIncomeRatio": 0.0771599348,
        "totalOtherIncomeExpensesNet": 0,
        "incomeBeforeTax": 3834000,
        "incomeBeforeTaxRatio": 0.0771599348,
        "incomeTaxExpense": 1362000,
        "netIncome": 2472000,
        "netIncomeRatio": 0.0497494415,
        "eps": 0.22,
        "epsdiluted": 0.22,
        "weightedAverageShsOut": 11236364,
        "weightedAverageShsOutDil": 11236364,
        "link": "https://www.sec.gov/Archives/edgar/data/845877/000084587700000010/0000845877-00-000010-index.htm",
        "finalLink": "https://www.sec.gov/Archives/edgar/data/845877/000084587700000010/0000845877-00-000010-0001.txt"
    },
    {
        "date": "2000-03-31",
        "symbol": "AGM",
        "reportedCurrency": "USD",
        "cik": "0000845877",
        "fillingDate": "2000-05-11",
        "acceptedDate": "2000-05-11 00:00:00",
        "calendarYear": "2000",
        "period": "Q1",
        "revenue": 47656000,
        "costOfRevenue": 41593000,
        "grossProfit": 6063000,
        "grossProfitRatio": 0.127224274,
        "researchAndDevelopmentExpenses": 0,
        "generalAndAdministrativeExpenses": 1251000,
        "sellingAndMarketingExpenses": 0,
        "sellingGeneralAndAdministrativeExpenses": 1251000,
        "otherExpenses": 1157000,
        "operatingExpenses": 2408000,
        "costAndExpenses": 44001000,
        "interestIncome": 44892000,
        "interestExpense": 40276000,
        "depreciationAndAmortization": 27995000,
        "ebitda": 31650000,
        "ebitdaratio": 0.6641346315,
        "operatingIncome": 3655000,
        "operatingIncomeRatio": 0.0766954843,
        "totalOtherIncomeExpensesNet": 0,
        "incomeBeforeTax": 3655000,
        "incomeBeforeTaxRatio": 0.0766954843,
        "incomeTaxExpense": 1297000,
        "netIncome": 2358000,
        "netIncomeRatio": 0.0494796038,
        "eps": 0.22,
        "epsdiluted": 0.21,
        "weightedAverageShsOut": 10718182,
        "weightedAverageShsOutDil": 11228571,
        "link": "https://www.sec.gov/Archives/edgar/data/845877/000084587700000006/0000845877-00-000006-index.html",
        "finalLink": "https://www.sec.gov/Archives/edgar/data/845877/000084587700000006/"
    },
    {
        "date": "1999-12-31",
        "symbol": "AGM",
        "reportedCurrency": "USD",
        "cik": "0000845877",
        "fillingDate": "1999-12-31",
        "acceptedDate": "1999-12-30 19:00:00",
        "calendarYear": "1999",
        "period": "Q4",
        "revenue": 44200000,
        "costOfRevenue": 39300000,
        "grossProfit": 4900000,
        "grossProfitRatio": 0.1108597285,
        "researchAndDevelopmentExpenses": 0,
        "generalAndAdministrativeExpenses": 4400000,
        "sellingAndMarketingExpenses": 0,
        "sellingGeneralAndAdministrativeExpenses": 4400000,
        "otherExpenses": -2500000,
        "operatingExpenses": 1900000,
        "costAndExpenses": 41200000,
        "interestIncome": 41700000,
        "interestExpense": 38000000,
        "depreciationAndAmortization": 27100000,
        "ebitda": 30100000,
        "ebitdaratio": 0.6809954751,
        "operatingIncome": 3000000,
        "operatingIncomeRatio": 0.0678733032,
        "totalOtherIncomeExpensesNet": 0,
        "incomeBeforeTax": 3000000,
        "incomeBeforeTaxRatio": 0.0678733032,
        "incomeTaxExpense": 1100000,
        "netIncome": 1900000,
        "netIncomeRatio": 0.0429864253,
        "eps": 0.18,
        "epsdiluted": 0.17,
        "weightedAverageShsOut": 10718182,
        "weightedAverageShsOutDil": 11228571,
        "link": "",
        "finalLink": ""
    },
    {
        "date": "1999-09-30",
        "symbol": "AGM",
        "reportedCurrency": "USD",
        "cik": "0000845877",
        "fillingDate": "1999-11-12",
        "acceptedDate": "1999-11-12 00:00:00",
        "calendarYear": "1999",
        "period": "Q3",
        "revenue": 40934000,
        "costOfRevenue": 36123000,
        "grossProfit": 4811000,
        "grossProfitRatio": 0.1175306591,
        "researchAndDevelopmentExpenses": 0,
        "generalAndAdministrativeExpenses": 1100000,
        "sellingAndMarketingExpenses": 0,
        "sellingGeneralAndAdministrativeExpenses": 1100000,
        "otherExpenses": 1011000,
        "operatingExpenses": 2111000,
        "costAndExpenses": 38234000,
        "interestIncome": 39123000,
        "interestExpense": 35323000,
        "depreciationAndAmortization": 25200000,
        "ebitda": 27900000,
        "ebitdaratio": 0.6815849905,
        "operatingIncome": 2700000,
        "operatingIncomeRatio": 0.0659598378,
        "totalOtherIncomeExpensesNet": 0,
        "incomeBeforeTax": 2700000,
        "incomeBeforeTaxRatio": 0.0659598378,
        "incomeTaxExpense": 900000,
        "netIncome": 1800000,
        "netIncomeRatio": 0.0439732252,
        "eps": 0.16,
        "epsdiluted": 0.16,
        "weightedAverageShsOut": 11250000,
        "weightedAverageShsOutDil": 11250000,
        "link": "https://www.sec.gov/Archives/edgar/data/845877/000084587799000031/0000845877-99-000031-index.html",
        "finalLink": "https://www.sec.gov/Archives/edgar/data/845877/000084587799000031/"
    },
    {
        "date": "1999-06-30",
        "symbol": "AGM",
        "reportedCurrency": "USD",
        "cik": "0000845877",
        "fillingDate": "1999-08-13",
        "acceptedDate": "1999-08-13 00:00:00",
        "calendarYear": "1999",
        "period": "Q2",
        "revenue": 33307000,
        "costOfRevenue": 28531000,
        "grossProfit": 4776000,
        "grossProfitRatio": 0.1433932807,
        "researchAndDevelopmentExpenses": 0,
        "generalAndAdministrativeExpenses": 1300000,
        "sellingAndMarketingExpenses": 0,
        "sellingGeneralAndAdministrativeExpenses": 1300000,
        "otherExpenses": 876000,
        "operatingExpenses": 2176000,
        "costAndExpenses": 30707000,
        "interestIncome": 31531000,
        "interestExpense": 27631000,
        "depreciationAndAmortization": 20100000,
        "ebitda": 22700000,
        "ebitdaratio": 0.6815384153,
        "operatingIncome": 2600000,
        "operatingIncomeRatio": 0.0780616687,
        "totalOtherIncomeExpensesNet": 0,
        "incomeBeforeTax": 2600000,
        "incomeBeforeTaxRatio": 0.0780616687,
        "incomeTaxExpense": 900000,
        "netIncome": 1700000,
        "netIncomeRatio": 0.0510403219,
        "eps": 0.16,
        "epsdiluted": 0.15,
        "weightedAverageShsOut": 13868000,
        "weightedAverageShsOutDil": 13868000,
        "link": "https://www.sec.gov/Archives/edgar/data/845877/000084587799000029/0000845877-99-000029-index.html",
        "finalLink": "https://www.sec.gov/Archives/edgar/data/845877/000084587799000029/"
    },
    {
        "date": "1999-03-17",
        "symbol": "AGM",
        "reportedCurrency": "USD",
        "cik": "0000845877",
        "fillingDate": "2000-03-17",
        "acceptedDate": "2000-03-17 00:00:00",
        "calendarYear": "1999",
        "period": "Q1",
        "revenue": 29631000,
        "costOfRevenue": 25300000,
        "grossProfit": 4331000,
        "grossProfitRatio": 0.1461644899,
        "researchAndDevelopmentExpenses": 0,
        "generalAndAdministrativeExpenses": 1000000,
        "sellingAndMarketingExpenses": 0,
        "sellingGeneralAndAdministrativeExpenses": 1000000,
        "otherExpenses": 931000,
        "operatingExpenses": 1931000,
        "costAndExpenses": 27231000,
        "interestIncome": 28100000,
        "interestExpense": 24500000,
        "depreciationAndAmortization": 19800000,
        "ebitda": 22200000,
        "ebitdaratio": 0.7492153488,
        "operatingIncome": 2400000,
        "operatingIncomeRatio": 0.0809962539,
        "totalOtherIncomeExpensesNet": 0,
        "incomeBeforeTax": 2400000,
        "incomeBeforeTaxRatio": 0.0809962539,
        "incomeTaxExpense": 800000,
        "netIncome": 1600000,
        "netIncomeRatio": 0.0539975026,
        "eps": 0.12,
        "epsdiluted": 0.12,
        "weightedAverageShsOut": 13829000,
        "weightedAverageShsOutDil": 13868000,
        "link": "https://www.sec.gov/Archives/edgar/data/845877/000084587700000002/0000845877-00-000002-index.html",
        "finalLink": "https://www.sec.gov/Archives/edgar/data/845877/000084587700000002/"
    },
    {
        "date": "1998-12-31",
        "symbol": "AGM",
        "reportedCurrency": "USD",
        "cik": "0000845877",
        "fillingDate": "1999-03-25",
        "acceptedDate": "1999-03-25 00:00:00",
        "calendarYear": "1998",
        "period": "Q4",
        "revenue": 29000000,
        "costOfRevenue": 24800000,
        "grossProfit": 4200000,
        "grossProfitRatio": 0.1448275862,
        "researchAndDevelopmentExpenses": 0,
        "generalAndAdministrativeExpenses": 1500000,
        "sellingAndMarketingExpenses": 0,
        "sellingGeneralAndAdministrativeExpenses": 1500000,
        "otherExpenses": 1000000,
        "operatingExpenses": 2500000,
        "costAndExpenses": 27300000,
        "interestIncome": 27900000,
        "interestExpense": 24800000,
        "depreciationAndAmortization": 20100000,
        "ebitda": 21800000,
        "ebitdaratio": 0.7517241379,
        "operatingIncome": 1700000,
        "operatingIncomeRatio": 0.0586206897,
        "totalOtherIncomeExpensesNet": 0,
        "incomeBeforeTax": 1700000,
        "incomeBeforeTaxRatio": 0.0586206897,
        "incomeTaxExpense": 600000,
        "netIncome": 1100000,
        "netIncomeRatio": 0.0379310345,
        "eps": 0.079,
        "epsdiluted": 0.079,
        "weightedAverageShsOut": 13790000,
        "weightedAverageShsOutDil": 13868000,
        "link": "https://www.sec.gov/Archives/edgar/data/845877/000084587799000005/0000845877-99-000005-index.html",
        "finalLink": "https://www.sec.gov/Archives/edgar/data/845877/"
    },
    {
        "date": "1998-09-30",
        "symbol": "AGM",
        "reportedCurrency": "USD",
        "cik": "0000845877",
        "fillingDate": "1998-11-09",
        "acceptedDate": "1998-11-09 00:00:00",
        "calendarYear": "1998",
        "period": "Q3",
        "revenue": 28300000,
        "costOfRevenue": 24600000,
        "grossProfit": 3700000,
        "grossProfitRatio": 0.1307420495,
        "researchAndDevelopmentExpenses": 0,
        "generalAndAdministrativeExpenses": 1300000,
        "sellingAndMarketingExpenses": 0,
        "sellingGeneralAndAdministrativeExpenses": 1300000,
        "otherExpenses": 600000,
        "operatingExpenses": 1900000,
        "costAndExpenses": 26500000,
        "interestIncome": 26800000,
        "interestExpense": 24100000,
        "depreciationAndAmortization": 20200000,
        "ebitda": 22000000,
        "ebitdaratio": 0.777385159,
        "operatingIncome": 1800000,
        "operatingIncomeRatio": 0.0636042403,
        "totalOtherIncomeExpensesNet": 0,
        "incomeBeforeTax": 1800000,
        "incomeBeforeTaxRatio": 0.0636042403,
        "incomeTaxExpense": 700000,
        "netIncome": 1100000,
        "netIncomeRatio": 0.038869258,
        "eps": 0.1,
        "epsdiluted": 0.1,
        "weightedAverageShsOut": 13790000,
        "weightedAverageShsOutDil": 13790000,
        "link": "https://www.sec.gov/Archives/edgar/data/845877/000101752798000082/0001017527-98-000082-index.html",
        "finalLink": "https://www.sec.gov/Archives/edgar/data/845877/"
    },
    {
        "date": "1998-06-30",
        "symbol": "AGM",
        "reportedCurrency": "USD",
        "cik": "0000845877",
        "fillingDate": "1998-08-14",
        "acceptedDate": "1998-08-14 00:00:00",
        "calendarYear": "1998",
        "period": "Q2",
        "revenue": 26900000,
        "costOfRevenue": 23400000,
        "grossProfit": 3500000,
        "grossProfitRatio": 0.1301115242,
        "researchAndDevelopmentExpenses": 0,
        "generalAndAdministrativeExpenses": 1000000,
        "sellingAndMarketingExpenses": 0,
        "sellingGeneralAndAdministrativeExpenses": 1000000,
        "otherExpenses": 1000000,
        "operatingExpenses": 2000000,
        "costAndExpenses": 25400000,
        "interestIncome": 25500000,
        "interestExpense": 23000000,
        "depreciationAndAmortization": 17000000,
        "ebitda": 18500000,
        "ebitdaratio": 0.687732342,
        "operatingIncome": 1500000,
        "operatingIncomeRatio": 0.0557620818,
        "totalOtherIncomeExpensesNet": 0,
        "incomeBeforeTax": 1500000,
        "incomeBeforeTaxRatio": 0.0557620818,
        "incomeTaxExpense": -300000,
        "netIncome": 1800000,
        "netIncomeRatio": 0.0669144981,
        "eps": 0.16,
        "epsdiluted": 0.16,
        "weightedAverageShsOut": 13781000,
        "weightedAverageShsOutDil": 13781000,
        "link": "https://www.sec.gov/Archives/edgar/data/845877/000084587798000014/0000845877-98-000014-index.html",
        "finalLink": "https://www.sec.gov/Archives/edgar/data/845877/"
    },
    {
        "date": "1998-03-31",
        "symbol": "AGM",
        "reportedCurrency": "USD",
        "cik": "0000845877",
        "fillingDate": "1998-03-31",
        "acceptedDate": "1998-03-30 19:00:00",
        "calendarYear": "1998",
        "period": "Q1",
        "revenue": 24700000,
        "costOfRevenue": 21400000,
        "grossProfit": 3300000,
        "grossProfitRatio": 0.1336032389,
        "researchAndDevelopmentExpenses": 0,
        "generalAndAdministrativeExpenses": 800000,
        "sellingAndMarketingExpenses": 0,
        "sellingGeneralAndAdministrativeExpenses": 800000,
        "otherExpenses": 1000000,
        "operatingExpenses": 1800000,
        "costAndExpenses": 23200000,
        "interestIncome": 23500000,
        "interestExpense": 21100000,
        "depreciationAndAmortization": 14500000,
        "ebitda": 16000000,
        "ebitdaratio": 0.6477732794,
        "operatingIncome": 1500000,
        "operatingIncomeRatio": 0.0607287449,
        "totalOtherIncomeExpensesNet": 0,
        "incomeBeforeTax": 1500000,
        "incomeBeforeTaxRatio": 0.0607287449,
        "incomeTaxExpense": -200000,
        "netIncome": 1700000,
        "netIncomeRatio": 0.0688259109,
        "eps": 0.12,
        "epsdiluted": 0.12,
        "weightedAverageShsOut": 13781000,
        "weightedAverageShsOutDil": 13781000,
        "link": "",
        "finalLink": ""
    },
    {
        "date": "1997-12-31",
        "symbol": "AGM",
        "reportedCurrency": "USD",
        "cik": "0000845877",
        "fillingDate": "1998-03-24",
        "acceptedDate": "1998-03-24 00:00:00",
        "calendarYear": "1997",
        "period": "Q4",
        "revenue": 23600000,
        "costOfRevenue": 20600000,
        "grossProfit": 3000000,
        "grossProfitRatio": 0.1271186441,
        "researchAndDevelopmentExpenses": 0,
        "generalAndAdministrativeExpenses": 2000000,
        "sellingAndMarketingExpenses": 0,
        "sellingGeneralAndAdministrativeExpenses": 2000000,
        "otherExpenses": -300000,
        "operatingExpenses": 1700000,
        "costAndExpenses": 22300000,
        "interestIncome": 22600000,
        "interestExpense": 20600000,
        "depreciationAndAmortization": 13800000,
        "ebitda": 15100000,
        "ebitdaratio": 0.6398305085,
        "operatingIncome": 1300000,
        "operatingIncomeRatio": 0.0550847458,
        "totalOtherIncomeExpensesNet": 0,
        "incomeBeforeTax": 1300000,
        "incomeBeforeTaxRatio": 0.0550847458,
        "incomeTaxExpense": 0,
        "netIncome": 1300000,
        "netIncomeRatio": 0.0550847458,
        "eps": 0.094,
        "epsdiluted": 0.094,
        "weightedAverageShsOut": 13781000,
        "weightedAverageShsOutDil": 13781000,
        "link": "https://www.sec.gov/Archives/edgar/data/845877/000101752798000030/0001017527-98-000030-index.html",
        "finalLink": "https://www.sec.gov/Archives/edgar/data/845877/"
    },
    {
        "date": "1997-09-30",
        "symbol": "AGM",
        "reportedCurrency": "USD",
        "cik": "0000845877",
        "fillingDate": "1997-11-14",
        "acceptedDate": "1997-11-14 00:00:00",
        "calendarYear": "1997",
        "period": "Q3",
        "revenue": 24100000,
        "costOfRevenue": 20800000,
        "grossProfit": 3300000,
        "grossProfitRatio": 0.1369294606,
        "researchAndDevelopmentExpenses": 0,
        "generalAndAdministrativeExpenses": 900000,
        "sellingAndMarketingExpenses": 0,
        "sellingGeneralAndAdministrativeExpenses": 900000,
        "otherExpenses": 2400000,
        "operatingExpenses": 3300000,
        "costAndExpenses": 24100000,
        "interestIncome": 22800000,
        "interestExpense": 20800000,
        "depreciationAndAmortization": 15000000,
        "ebitda": 15000000,
        "ebitdaratio": 0.622406639,
        "operatingIncome": 0,
        "operatingIncomeRatio": 0,
        "totalOtherIncomeExpensesNet": 0,
        "incomeBeforeTax": 0,
        "incomeBeforeTaxRatio": 0,
        "incomeTaxExpense": 0,
        "netIncome": 1200000,
        "netIncomeRatio": 0.0497925311,
        "eps": 0.13,
        "epsdiluted": 0.12,
        "weightedAverageShsOut": 12516000,
        "weightedAverageShsOutDil": 12516000,
        "link": "https://www.sec.gov/Archives/edgar/data/845877/000101752797000048/0001017527-97-000048-index.html",
        "finalLink": "https://www.sec.gov/Archives/edgar/data/845877/"
    },
    {
        "date": "1997-06-30",
        "symbol": "AGM",
        "reportedCurrency": "USD",
        "cik": "0000845877",
        "fillingDate": "1997-08-14",
        "acceptedDate": "1997-08-14 00:00:00",
        "calendarYear": "1997",
        "period": "Q2",
        "revenue": 23000000,
        "costOfRevenue": 19500000,
        "grossProfit": 3500000,
        "grossProfitRatio": 0.152173913,
        "researchAndDevelopmentExpenses": 0,
        "generalAndAdministrativeExpenses": 1000000,
        "sellingAndMarketingExpenses": 0,
        "sellingGeneralAndAdministrativeExpenses": 1000000,
        "otherExpenses": 2500000,
        "operatingExpenses": 3500000,
        "costAndExpenses": 23000000,
        "interestIncome": 21300000,
        "interestExpense": 19500000,
        "depreciationAndAmortization": 14100000,
        "ebitda": 14100000,
        "ebitdaratio": 0.6130434783,
        "operatingIncome": 0,
        "operatingIncomeRatio": 0,
        "totalOtherIncomeExpensesNet": 0,
        "incomeBeforeTax": 0,
        "incomeBeforeTaxRatio": 0,
        "incomeTaxExpense": 0,
        "netIncome": 1300000,
        "netIncomeRatio": 0.0565217391,
        "eps": 0.13,
        "epsdiluted": 0.13,
        "weightedAverageShsOut": 12521000,
        "weightedAverageShsOutDil": 12521000,
        "link": "https://www.sec.gov/Archives/edgar/data/845877/000084587797000015/0000845877-97-000015-index.html",
        "finalLink": "https://www.sec.gov/Archives/edgar/data/845877/"
    },
    {
        "date": "1997-03-31",
        "symbol": "AGM",
        "reportedCurrency": "USD",
        "cik": "0000845877",
        "fillingDate": "1997-05-15",
        "acceptedDate": "1997-05-15 00:00:00",
        "calendarYear": "1997",
        "period": "Q1",
        "revenue": 14700000,
        "costOfRevenue": 12100000,
        "grossProfit": 2600000,
        "grossProfitRatio": 0.1768707483,
        "researchAndDevelopmentExpenses": 0,
        "generalAndAdministrativeExpenses": 700000,
        "sellingAndMarketingExpenses": 0,
        "sellingGeneralAndAdministrativeExpenses": 700000,
        "otherExpenses": 1900000,
        "operatingExpenses": 2600000,
        "costAndExpenses": 14700000,
        "interestIncome": 13500000,
        "interestExpense": 12100000,
        "depreciationAndAmortization": 7000000,
        "ebitda": 7000000,
        "ebitdaratio": 0.4761904762,
        "operatingIncome": 0,
        "operatingIncomeRatio": 0,
        "totalOtherIncomeExpensesNet": 0,
        "incomeBeforeTax": 0,
        "incomeBeforeTaxRatio": 0,
        "incomeTaxExpense": 0,
        "netIncome": 900000,
        "netIncomeRatio": 0.0612244898,
        "eps": 0.0859,
        "epsdiluted": 0.0859,
        "weightedAverageShsOut": 10472000,
        "weightedAverageShsOutDil": 10472000,
        "link": "https://www.sec.gov/Archives/edgar/data/845877/000084587797000011/0000845877-97-000011-index.html",
        "finalLink": "https://www.sec.gov/Archives/edgar/data/845877/"
    },
    {
        "date": "1996-12-31",
        "symbol": "AGM",
        "reportedCurrency": "USD",
        "cik": "0000845877",
        "fillingDate": "1997-03-27",
        "acceptedDate": "1997-03-27 00:00:00",
        "calendarYear": "1996",
        "period": "Q4",
        "revenue": 10600000,
        "costOfRevenue": 9100000,
        "grossProfit": 1500000,
        "grossProfitRatio": 0.141509434,
        "researchAndDevelopmentExpenses": 0,
        "generalAndAdministrativeExpenses": 1100000,
        "sellingAndMarketingExpenses": 100000,
        "sellingGeneralAndAdministrativeExpenses": 1200000,
        "otherExpenses": 300000,
        "operatingExpenses": 1500000,
        "costAndExpenses": 10600000,
        "interestIncome": 9900000,
        "interestExpense": 9100000,
        "depreciationAndAmortization": 3900000,
        "ebitda": 3900000,
        "ebitdaratio": 0.3679245283,
        "operatingIncome": 0,
        "operatingIncomeRatio": 0,
        "totalOtherIncomeExpensesNet": 0,
        "incomeBeforeTax": 0,
        "incomeBeforeTaxRatio": 0,
        "incomeTaxExpense": 0,
        "netIncome": 0,
        "netIncomeRatio": 0,
        "eps": -0.08,
        "epsdiluted": -0.08,
        "weightedAverageShsOut": 10472000,
        "weightedAverageShsOutDil": 10472000,
        "link": "https://www.sec.gov/Archives/edgar/data/845877/000084587797000007/0000845877-97-000007-index.html",
        "finalLink": "https://www.sec.gov/Archives/edgar/data/845877/"
    },
    {
        "date": "1996-09-30",
        "symbol": "AGM",
        "reportedCurrency": "USD",
        "cik": "0000845877",
        "fillingDate": "1996-11-14",
        "acceptedDate": "1996-11-14 00:00:00",
        "calendarYear": "1996",
        "period": "Q3",
        "revenue": 9300000,
        "costOfRevenue": 8200000,
        "grossProfit": 1100000,
        "grossProfitRatio": 0.1182795699,
        "researchAndDevelopmentExpenses": 0,
        "generalAndAdministrativeExpenses": 500000,
        "sellingAndMarketingExpenses": 100000,
        "sellingGeneralAndAdministrativeExpenses": 600000,
        "otherExpenses": 500000,
        "operatingExpenses": 1100000,
        "costAndExpenses": 9300000,
        "interestIncome": 8800000,
        "interestExpense": 8200000,
        "depreciationAndAmortization": 3100000,
        "ebitda": 3100000,
        "ebitdaratio": 0.3333333333,
        "operatingIncome": 0,
        "operatingIncomeRatio": 0,
        "totalOtherIncomeExpensesNet": 0,
        "incomeBeforeTax": 0,
        "incomeBeforeTaxRatio": 0,
        "incomeTaxExpense": 0,
        "netIncome": 200000,
        "netIncomeRatio": 0.0215053763,
        "eps": 0.025,
        "epsdiluted": 0.025,
        "weightedAverageShsOut": 8423000,
        "weightedAverageShsOutDil": 8423000,
        "link": "https://www.sec.gov/Archives/edgar/data/845877/000084587796000036/0000845877-96-000036-index.html",
        "finalLink": "https://www.sec.gov/Archives/edgar/data/845877/"
    },
    {
        "date": "1996-06-30",
        "symbol": "AGM",
        "reportedCurrency": "USD",
        "cik": "0000845877",
        "fillingDate": "1996-08-14",
        "acceptedDate": "1996-08-14 00:00:00",
        "calendarYear": "1996",
        "period": "Q2",
        "revenue": 11100000,
        "costOfRevenue": 9000000,
        "grossProfit": 2100000,
        "grossProfitRatio": 0.1891891892,
        "researchAndDevelopmentExpenses": 0,
        "generalAndAdministrativeExpenses": 600000,
        "sellingAndMarketingExpenses": 0,
        "sellingGeneralAndAdministrativeExpenses": 600000,
        "otherExpenses": 1500000,
        "operatingExpenses": 2100000,
        "costAndExpenses": 11100000,
        "interestIncome": 9800000,
        "interestExpense": 9000000,
        "depreciationAndAmortization": 4000000,
        "ebitda": 4000000,
        "ebitdaratio": 0.3603603604,
        "operatingIncome": 0,
        "operatingIncomeRatio": 0,
        "totalOtherIncomeExpensesNet": 0,
        "incomeBeforeTax": 0,
        "incomeBeforeTaxRatio": 0,
        "incomeTaxExpense": 0,
        "netIncome": 800000,
        "netIncomeRatio": 0.0720720721,
        "eps": 0.09,
        "epsdiluted": 0.09,
        "weightedAverageShsOut": 8423000,
        "weightedAverageShsOutDil": 8423000,
        "link": "https://www.sec.gov/Archives/edgar/data/845877/000084587796000033/0000845877-96-000033-index.html",
        "finalLink": "https://www.sec.gov/Archives/edgar/data/845877/"
    },
    {
        "date": "1996-03-31",
        "symbol": "AGM",
        "reportedCurrency": "USD",
        "cik": "0000845877",
        "fillingDate": "1996-05-15",
        "acceptedDate": "1996-05-15 15:27:00",
        "calendarYear": "1996",
        "period": "Q1",
        "revenue": 9300000,
        "costOfRevenue": 8400000,
        "grossProfit": 900000,
        "grossProfitRatio": 0.0967741935,
        "researchAndDevelopmentExpenses": 0,
        "generalAndAdministrativeExpenses": 500000,
        "sellingAndMarketingExpenses": 0,
        "sellingGeneralAndAdministrativeExpenses": 500000,
        "otherExpenses": 400000,
        "operatingExpenses": 900000,
        "costAndExpenses": 9300000,
        "interestIncome": 8900000,
        "interestExpense": 8400000,
        "depreciationAndAmortization": 3300000,
        "ebitda": 3300000,
        "ebitdaratio": 0.3548387097,
        "operatingIncome": 0,
        "operatingIncomeRatio": 0,
        "totalOtherIncomeExpensesNet": 0,
        "incomeBeforeTax": 0,
        "incomeBeforeTaxRatio": 0,
        "incomeTaxExpense": 0,
        "netIncome": -200000,
        "netIncomeRatio": -0.0215053763,
        "eps": -0.0807,
        "epsdiluted": -0.0807,
        "weightedAverageShsOut": 2479333,
        "weightedAverageShsOutDil": 2479333,
        "link": "https://www.sec.gov/Archives/edgar/data/845877/000084587796000024/0000845877-96-000024-index.htm",
        "finalLink": "https://www.sec.gov/Archives/edgar/data/845877/000084587796000024/"
    },
    {
        "date": "1995-12-31",
        "symbol": "AGM",
        "reportedCurrency": "USD",
        "cik": "0000845877",
        "fillingDate": "1996-04-01",
        "acceptedDate": "1996-04-01 08:32:00",
        "calendarYear": "1995",
        "period": "Q4",
        "revenue": 10200000,
        "costOfRevenue": 9200000,
        "grossProfit": 1000000,
        "grossProfitRatio": 0.0980392157,
        "researchAndDevelopmentExpenses": 0,
        "generalAndAdministrativeExpenses": 900000,
        "sellingAndMarketingExpenses": 0,
        "sellingGeneralAndAdministrativeExpenses": 900000,
        "otherExpenses": 100000,
        "operatingExpenses": 1000000,
        "costAndExpenses": 10200000,
        "interestIncome": 9900000,
        "interestExpense": 9200000,
        "depreciationAndAmortization": 4000000,
        "ebitda": 4000000,
        "ebitdaratio": 0.3921568627,
        "operatingIncome": 0,
        "operatingIncomeRatio": 0,
        "totalOtherIncomeExpensesNet": 0,
        "incomeBeforeTax": 0,
        "incomeBeforeTaxRatio": 0,
        "incomeTaxExpense": 0,
        "netIncome": 100000,
        "netIncomeRatio": 0.0098039216,
        "eps": 0.04,
        "epsdiluted": 0.04,
        "weightedAverageShsOut": 2479333,
        "weightedAverageShsOutDil": 2479333,
        "link": "https://www.sec.gov/Archives/edgar/data/845877/000084587796000018/0000845877-96-000018-index.htm",
        "finalLink": "https://www.sec.gov/Archives/edgar/data/845877/000084587796000018/"
    },
    {
        "date": "1995-09-30",
        "symbol": "AGM",
        "reportedCurrency": "USD",
        "cik": "0000845877",
        "fillingDate": "1995-11-14",
        "acceptedDate": "1995-11-14 15:56:00",
        "calendarYear": "1995",
        "period": "Q3",
        "revenue": 10300000,
        "costOfRevenue": 9500000,
        "grossProfit": 800000,
        "grossProfitRatio": 0.0776699029,
        "researchAndDevelopmentExpenses": 0,
        "generalAndAdministrativeExpenses": 500000,
        "sellingAndMarketingExpenses": 0,
        "sellingGeneralAndAdministrativeExpenses": 500000,
        "otherExpenses": 300000,
        "operatingExpenses": 800000,
        "costAndExpenses": 10300000,
        "interestIncome": 9900000,
        "interestExpense": 9500000,
        "depreciationAndAmortization": 6200000,
        "ebitda": 6200000,
        "ebitdaratio": 0.6019417476,
        "operatingIncome": 0,
        "operatingIncomeRatio": 0,
        "totalOtherIncomeExpensesNet": 0,
        "incomeBeforeTax": 0,
        "incomeBeforeTaxRatio": 0,
        "incomeTaxExpense": 0,
        "netIncome": -100000,
        "netIncomeRatio": -0.0097087379,
        "eps": -0.02,
        "epsdiluted": -0.02,
        "weightedAverageShsOut": 5000000,
        "weightedAverageShsOutDil": 5000000,
        "link": "https://www.sec.gov/Archives/edgar/data/845877/000084587795000010/0000845877-95-000010-index.htm",
        "finalLink": "https://www.sec.gov/Archives/edgar/data/845877/000084587795000010/"
    },
    {
        "date": "1995-07-31",
        "symbol": "AGM",
        "reportedCurrency": "USD",
        "cik": "0000845877",
        "fillingDate": "1995-08-14",
        "acceptedDate": "1995-08-14 14:18:00",
        "calendarYear": "1995",
        "period": "Q2",
        "revenue": 8900000,
        "costOfRevenue": 8200000,
        "grossProfit": 700000,
        "grossProfitRatio": 0.0786516854,
        "researchAndDevelopmentExpenses": 0,
        "generalAndAdministrativeExpenses": 600000,
        "sellingAndMarketingExpenses": 0,
        "sellingGeneralAndAdministrativeExpenses": 600000,
        "otherExpenses": 100000,
        "operatingExpenses": 700000,
        "costAndExpenses": 8900000,
        "interestIncome": 8600000,
        "interestExpense": 8200000,
        "depreciationAndAmortization": 2100000,
        "ebitda": 2100000,
        "ebitdaratio": 0.2359550562,
        "operatingIncome": 0,
        "operatingIncomeRatio": 0,
        "totalOtherIncomeExpensesNet": 0,
        "incomeBeforeTax": 0,
        "incomeBeforeTaxRatio": 0,
        "incomeTaxExpense": 0,
        "netIncome": -300000,
        "netIncomeRatio": -0.0337078652,
        "eps": -0.04,
        "epsdiluted": -0.04,
        "weightedAverageShsOut": 7500000,
        "weightedAverageShsOutDil": 7500000,
        "link": "https://www.sec.gov/Archives/edgar/data/845877/000084587795000006/0000845877-95-000006-index.htm",
        "finalLink": "https://www.sec.gov/Archives/edgar/data/845877/000084587795000006/"
    },
    {
        "date": "1995-03-31",
        "symbol": "AGM",
        "reportedCurrency": "USD",
        "cik": "0000845877",
        "fillingDate": "1995-05-15",
        "acceptedDate": "1995-05-15 16:50:00",
        "calendarYear": "1995",
        "period": "Q1",
        "revenue": 8300000,
        "costOfRevenue": 7800000,
        "grossProfit": 500000,
        "grossProfitRatio": 0.0602409639,
        "researchAndDevelopmentExpenses": 0,
        "generalAndAdministrativeExpenses": 600000,
        "sellingAndMarketingExpenses": 0,
        "sellingGeneralAndAdministrativeExpenses": 600000,
        "otherExpenses": -100000,
        "operatingExpenses": 500000,
        "costAndExpenses": 8300000,
        "interestIncome": 8000000,
        "interestExpense": 7800000,
        "depreciationAndAmortization": 2200000,
        "ebitda": 2200000,
        "ebitdaratio": 0.265060241,
        "operatingIncome": 0,
        "operatingIncomeRatio": 0,
        "totalOtherIncomeExpensesNet": 0,
        "incomeBeforeTax": 0,
        "incomeBeforeTaxRatio": 0,
        "incomeTaxExpense": 0,
        "netIncome": -300000,
        "netIncomeRatio": -0.0361445783,
        "eps": -0.04,
        "epsdiluted": -0.04,
        "weightedAverageShsOut": 7500000,
        "weightedAverageShsOutDil": 7500000,
        "link": "https://www.sec.gov/Archives/edgar/data/845877/000084587795000004/0000845877-95-000004-index.htm",
        "finalLink": "https://www.sec.gov/Archives/edgar/data/845877/000084587795000004/"
    },
    {
        "date": "1994-12-31",
        "symbol": "AGM",
        "reportedCurrency": "USD",
        "cik": "0000845877",
        "fillingDate": "1994-12-31",
        "acceptedDate": "1994-12-30 19:00:00",
        "calendarYear": "1994",
        "period": "Q4",
        "revenue": 8400000,
        "costOfRevenue": 7600000,
        "grossProfit": 800000,
        "grossProfitRatio": 0.0952380952,
        "researchAndDevelopmentExpenses": 0,
        "generalAndAdministrativeExpenses": 700000,
        "sellingAndMarketingExpenses": 0,
        "sellingGeneralAndAdministrativeExpenses": 700000,
        "otherExpenses": 100000,
        "operatingExpenses": 800000,
        "costAndExpenses": 8400000,
        "interestIncome": 8100000,
        "interestExpense": 7600000,
        "depreciationAndAmortization": 1800000,
        "ebitda": 1800000,
        "ebitdaratio": 0.2142857143,
        "operatingIncome": 0,
        "operatingIncomeRatio": 0,
        "totalOtherIncomeExpensesNet": 0,
        "incomeBeforeTax": 0,
        "incomeBeforeTaxRatio": 0,
        "incomeTaxExpense": 0,
        "netIncome": -200000,
        "netIncomeRatio": -0.0238095238,
        "eps": -0.0273,
        "epsdiluted": -0.0267,
        "weightedAverageShsOut": 7333333,
        "weightedAverageShsOutDil": 7500000,
        "link": "",
        "finalLink": ""
    },
    {
        "date": "1994-09-30",
        "symbol": "AGM",
        "reportedCurrency": "USD",
        "cik": "0000845877",
        "fillingDate": "1994-09-30",
        "acceptedDate": "1994-09-29 20:00:00",
        "calendarYear": "1994",
        "period": "Q3",
        "revenue": 8100000,
        "costOfRevenue": 7500000,
        "grossProfit": 600000,
        "grossProfitRatio": 0.0740740741,
        "researchAndDevelopmentExpenses": 0,
        "generalAndAdministrativeExpenses": 600000,
        "sellingAndMarketingExpenses": 0,
        "sellingGeneralAndAdministrativeExpenses": 600000,
        "otherExpenses": 0,
        "operatingExpenses": 600000,
        "costAndExpenses": 8100000,
        "interestIncome": 7800000,
        "interestExpense": 7500000,
        "depreciationAndAmortization": 2100000,
        "ebitda": 2100000,
        "ebitdaratio": 0.2592592593,
        "operatingIncome": 0,
        "operatingIncomeRatio": 0,
        "totalOtherIncomeExpensesNet": 0,
        "incomeBeforeTax": 0,
        "incomeBeforeTaxRatio": 0,
        "incomeTaxExpense": 0,
        "netIncome": -300000,
        "netIncomeRatio": -0.037037037,
        "eps": -0.04,
        "epsdiluted": -0.04,
        "weightedAverageShsOut": 7500000,
        "weightedAverageShsOutDil": 7500000,
        "link": "",
        "finalLink": ""
    },
    {
        "date": "1994-06-30",
        "symbol": "AGM",
        "reportedCurrency": "USD",
        "cik": "0000845877",
        "fillingDate": "1994-06-30",
        "acceptedDate": "1994-06-29 20:00:00",
        "calendarYear": "1994",
        "period": "Q2",
        "revenue": 8300000,
        "costOfRevenue": 7600000,
        "grossProfit": 700000,
        "grossProfitRatio": 0.0843373494,
        "researchAndDevelopmentExpenses": 0,
        "generalAndAdministrativeExpenses": 800000,
        "sellingAndMarketingExpenses": 0,
        "sellingGeneralAndAdministrativeExpenses": 800000,
        "otherExpenses": -100000,
        "operatingExpenses": 700000,
        "costAndExpenses": 8300000,
        "interestIncome": 8000000,
        "interestExpense": 7600000,
        "depreciationAndAmortization": 0,
        "ebitda": 0,
        "ebitdaratio": 0,
        "operatingIncome": 0,
        "operatingIncomeRatio": 0,
        "totalOtherIncomeExpensesNet": 0,
        "incomeBeforeTax": 0,
        "incomeBeforeTaxRatio": 0,
        "incomeTaxExpense": 0,
        "netIncome": -400000,
        "netIncomeRatio": -0.0481927711,
        "eps": -0.06,
        "epsdiluted": -0.06,
        "weightedAverageShsOut": 6666667,
        "weightedAverageShsOutDil": 6666667,
        "link": "",
        "finalLink": ""
    },
    {
        "date": "1994-03-31",
        "symbol": "AGM",
        "reportedCurrency": "USD",
        "cik": "0000845877",
        "fillingDate": "1994-03-31",
        "acceptedDate": "1994-03-30 19:00:00",
        "calendarYear": "1994",
        "period": "Q1",
        "revenue": 0,
        "costOfRevenue": 0,
        "grossProfit": 0,
        "grossProfitRatio": 0,
        "researchAndDevelopmentExpenses": 0,
        "generalAndAdministrativeExpenses": 0,
        "sellingAndMarketingExpenses": 0,
        "sellingGeneralAndAdministrativeExpenses": 0,
        "otherExpenses": -400000,
        "operatingExpenses": -400000,
        "costAndExpenses": -400000,
        "interestIncome": 0,
        "interestExpense": 0,
        "depreciationAndAmortization": 0,
        "ebitda": 0,
        "ebitdaratio": 0,
        "operatingIncome": 0,
        "operatingIncomeRatio": 0,
        "totalOtherIncomeExpensesNet": 0,
        "incomeBeforeTax": 0,
        "incomeBeforeTaxRatio": 0,
        "incomeTaxExpense": 0,
        "netIncome": -400000,
        "netIncomeRatio": 0,
        "eps": -0.06,
        "epsdiluted": -0.06,
        "weightedAverageShsOut": 6666667,
        "weightedAverageShsOutDil": 6666667,
        "link": "",
        "finalLink": ""
    },
    {
        "date": "1993-12-31",
        "symbol": "AGM",
        "reportedCurrency": "USD",
        "cik": "0000845877",
        "fillingDate": "1993-12-31",
        "acceptedDate": "1993-12-30 19:00:00",
        "calendarYear": "1993",
        "period": "Q4",
        "revenue": 0,
        "costOfRevenue": 0,
        "grossProfit": 0,
        "grossProfitRatio": 0,
        "researchAndDevelopmentExpenses": 0,
        "generalAndAdministrativeExpenses": 0,
        "sellingAndMarketingExpenses": 0,
        "sellingGeneralAndAdministrativeExpenses": 0,
        "otherExpenses": -200000,
        "operatingExpenses": -200000,
        "costAndExpenses": -200000,
        "interestIncome": 0,
        "interestExpense": 0,
        "depreciationAndAmortization": 0,
        "ebitda": 0,
        "ebitdaratio": 0,
        "operatingIncome": 0,
        "operatingIncomeRatio": 0,
        "totalOtherIncomeExpensesNet": 0,
        "incomeBeforeTax": 0,
        "incomeBeforeTaxRatio": 0,
        "incomeTaxExpense": 0,
        "netIncome": -200000,
        "netIncomeRatio": 0,
        "eps": -0.03,
        "epsdiluted": -0.03,
        "weightedAverageShsOut": 6666667,
        "weightedAverageShsOutDil": 6666667,
        "link": "",
        "finalLink": ""
    },
    {
        "date": "1993-09-30",
        "symbol": "AGM",
        "reportedCurrency": "USD",
        "cik": "0000845877",
        "fillingDate": "1993-09-30",
        "acceptedDate": "1993-09-29 20:00:00",
        "calendarYear": "1993",
        "period": "Q3",
        "revenue": 0,
        "costOfRevenue": 0,
        "grossProfit": 0,
        "grossProfitRatio": 0,
        "researchAndDevelopmentExpenses": 0,
        "generalAndAdministrativeExpenses": 0,
        "sellingAndMarketingExpenses": 0,
        "sellingGeneralAndAdministrativeExpenses": 0,
        "otherExpenses": -200000,
        "operatingExpenses": -200000,
        "costAndExpenses": -200000,
        "interestIncome": 0,
        "interestExpense": 0,
        "depreciationAndAmortization": 0,
        "ebitda": 0,
        "ebitdaratio": 0,
        "operatingIncome": 0,
        "operatingIncomeRatio": 0,
        "totalOtherIncomeExpensesNet": 0,
        "incomeBeforeTax": 0,
        "incomeBeforeTaxRatio": 0,
        "incomeTaxExpense": 0,
        "netIncome": -200000,
        "netIncomeRatio": 0,
        "eps": -0.07,
        "epsdiluted": -0.07,
        "weightedAverageShsOut": 2857143,
        "weightedAverageShsOutDil": 2857143,
        "link": "",
        "finalLink": ""
    },
    {
        "date": "1993-06-30",
        "symbol": "AGM",
        "reportedCurrency": "USD",
        "cik": "0000845877",
        "fillingDate": "1993-06-30",
        "acceptedDate": "1993-06-29 20:00:00",
        "calendarYear": "1993",
        "period": "Q2",
        "revenue": 0,
        "costOfRevenue": 0,
        "grossProfit": 0,
        "grossProfitRatio": 0,
        "researchAndDevelopmentExpenses": 0,
        "generalAndAdministrativeExpenses": 0,
        "sellingAndMarketingExpenses": 0,
        "sellingGeneralAndAdministrativeExpenses": 0,
        "otherExpenses": -200000,
        "operatingExpenses": -200000,
        "costAndExpenses": -200000,
        "interestIncome": 0,
        "interestExpense": 0,
        "depreciationAndAmortization": 0,
        "ebitda": 0,
        "ebitdaratio": 0,
        "operatingIncome": 0,
        "operatingIncomeRatio": 0,
        "totalOtherIncomeExpensesNet": 0,
        "incomeBeforeTax": 0,
        "incomeBeforeTaxRatio": 0,
        "incomeTaxExpense": 0,
        "netIncome": -200000,
        "netIncomeRatio": 0,
        "eps": -0.07,
        "epsdiluted": -0.07,
        "weightedAverageShsOut": 2857143,
        "weightedAverageShsOutDil": 2857143,
        "link": "",
        "finalLink": ""
    },
    {
        "date": "1993-03-31",
        "symbol": "AGM",
        "reportedCurrency": "USD",
        "cik": "0000845877",
        "fillingDate": "1993-03-31",
        "acceptedDate": "1993-03-30 19:00:00",
        "calendarYear": "1993",
        "period": "Q1",
        "revenue": 0,
        "costOfRevenue": 0,
        "grossProfit": 0,
        "grossProfitRatio": 0,
        "researchAndDevelopmentExpenses": 0,
        "generalAndAdministrativeExpenses": 0,
        "sellingAndMarketingExpenses": 0,
        "sellingGeneralAndAdministrativeExpenses": 0,
        "otherExpenses": -100000,
        "operatingExpenses": -100000,
        "costAndExpenses": -100000,
        "interestIncome": 0,
        "interestExpense": 0,
        "depreciationAndAmortization": 0,
        "ebitda": 0,
        "ebitdaratio": 0,
        "operatingIncome": 0,
        "operatingIncomeRatio": 0,
        "totalOtherIncomeExpensesNet": 0,
        "incomeBeforeTax": 0,
        "incomeBeforeTaxRatio": 0,
        "incomeTaxExpense": 0,
        "netIncome": -100000,
        "netIncomeRatio": 0,
        "eps": -0.07,
        "epsdiluted": -0.07,
        "weightedAverageShsOut": 1428571,
        "weightedAverageShsOutDil": 1428571,
        "link": "",
        "finalLink": ""
    },
    {
        "date": "1992-12-31",
        "symbol": "AGM",
        "reportedCurrency": "USD",
        "cik": "0000845877",
        "fillingDate": "1992-12-31",
        "acceptedDate": "1992-12-30 19:00:00",
        "calendarYear": "1992",
        "period": "Q4",
        "revenue": 0,
        "costOfRevenue": 0,
        "grossProfit": 0,
        "grossProfitRatio": 0,
        "researchAndDevelopmentExpenses": 0,
        "generalAndAdministrativeExpenses": 0,
        "sellingAndMarketingExpenses": 0,
        "sellingGeneralAndAdministrativeExpenses": 0,
        "otherExpenses": -400000,
        "operatingExpenses": -400000,
        "costAndExpenses": -400000,
        "interestIncome": 0,
        "interestExpense": 0,
        "depreciationAndAmortization": 0,
        "ebitda": 0,
        "ebitdaratio": 0,
        "operatingIncome": 0,
        "operatingIncomeRatio": 0,
        "totalOtherIncomeExpensesNet": 0,
        "incomeBeforeTax": 0,
        "incomeBeforeTaxRatio": 0,
        "incomeTaxExpense": 0,
        "netIncome": -400000,
        "netIncomeRatio": 0,
        "eps": -0.28,
        "epsdiluted": -0.28,
        "weightedAverageShsOut": 1428571,
        "weightedAverageShsOutDil": 1428571,
        "link": "",
        "finalLink": ""
    },
    {
        "date": "1992-09-30",
        "symbol": "AGM",
        "reportedCurrency": "USD",
        "cik": "0000845877",
        "fillingDate": "1992-09-30",
        "acceptedDate": "1992-09-29 20:00:00",
        "calendarYear": "1992",
        "period": "Q3",
        "revenue": 0,
        "costOfRevenue": 0,
        "grossProfit": 0,
        "grossProfitRatio": 0,
        "researchAndDevelopmentExpenses": 0,
        "generalAndAdministrativeExpenses": 0,
        "sellingAndMarketingExpenses": 0,
        "sellingGeneralAndAdministrativeExpenses": 0,
        "otherExpenses": -300000,
        "operatingExpenses": -300000,
        "costAndExpenses": -300000,
        "interestIncome": 0,
        "interestExpense": 0,
        "depreciationAndAmortization": 0,
        "ebitda": 0,
        "ebitdaratio": 0,
        "operatingIncome": 0,
        "operatingIncomeRatio": 0,
        "totalOtherIncomeExpensesNet": 0,
        "incomeBeforeTax": 0,
        "incomeBeforeTaxRatio": 0,
        "incomeTaxExpense": 0,
        "netIncome": -300000,
        "netIncomeRatio": 0,
        "eps": -0.15,
        "epsdiluted": -0.15,
        "weightedAverageShsOut": 2000000,
        "weightedAverageShsOutDil": 2000000,
        "link": "",
        "finalLink": ""
    },
    {
        "date": "1992-06-30",
        "symbol": "AGM",
        "reportedCurrency": "USD",
        "cik": "0000845877",
        "fillingDate": "1992-06-30",
        "acceptedDate": "1992-06-29 20:00:00",
        "calendarYear": "1992",
        "period": "Q2",
        "revenue": 0,
        "costOfRevenue": 0,
        "grossProfit": 0,
        "grossProfitRatio": 0,
        "researchAndDevelopmentExpenses": 0,
        "generalAndAdministrativeExpenses": 0,
        "sellingAndMarketingExpenses": 0,
        "sellingGeneralAndAdministrativeExpenses": 0,
        "otherExpenses": -300000,
        "operatingExpenses": -300000,
        "costAndExpenses": -300000,
        "interestIncome": 0,
        "interestExpense": 0,
        "depreciationAndAmortization": 0,
        "ebitda": 0,
        "ebitdaratio": 0,
        "operatingIncome": 0,
        "operatingIncomeRatio": 0,
        "totalOtherIncomeExpensesNet": 0,
        "incomeBeforeTax": 0,
        "incomeBeforeTaxRatio": 0,
        "incomeTaxExpense": 0,
        "netIncome": -300000,
        "netIncomeRatio": 0,
        "eps": -0.14,
        "epsdiluted": -0.14,
        "weightedAverageShsOut": 2142857,
        "weightedAverageShsOutDil": 2142857,
        "link": "",
        "finalLink": ""
    },
    {
        "date": "1992-03-31",
        "symbol": "AGM",
        "reportedCurrency": "USD",
        "cik": "0000845877",
        "fillingDate": "1992-03-31",
        "acceptedDate": "1992-03-30 19:00:00",
        "calendarYear": "1992",
        "period": "Q1",
        "revenue": 0,
        "costOfRevenue": 0,
        "grossProfit": 0,
        "grossProfitRatio": 0,
        "researchAndDevelopmentExpenses": 0,
        "generalAndAdministrativeExpenses": 0,
        "sellingAndMarketingExpenses": 0,
        "sellingGeneralAndAdministrativeExpenses": 0,
        "otherExpenses": -300000,
        "operatingExpenses": -300000,
        "costAndExpenses": -300000,
        "interestIncome": 0,
        "interestExpense": 0,
        "depreciationAndAmortization": 0,
        "ebitda": 0,
        "ebitdaratio": 0,
        "operatingIncome": 0,
        "operatingIncomeRatio": 0,
        "totalOtherIncomeExpensesNet": 0,
        "incomeBeforeTax": 0,
        "incomeBeforeTaxRatio": 0,
        "incomeTaxExpense": 0,
        "netIncome": -300000,
        "netIncomeRatio": 0,
        "eps": -0.14,
        "epsdiluted": -0.14,
        "weightedAverageShsOut": 2142857,
        "weightedAverageShsOutDil": 2142857,
        "link": "",
        "finalLink": ""
    }
]