[
    {
        "date": "2025-09-30",
        "symbol": "AIT",
        "reportedCurrency": "USD",
        "cik": "0000109563",
        "fillingDate": "2025-10-24",
        "acceptedDate": "2025-10-24 16:05:54",
        "calendarYear": "2026",
        "period": "Q1",
        "revenue": 1199523000,
        "costOfRevenue": 838094000,
        "grossProfit": 361429000,
        "grossProfitRatio": 0.3013106043,
        "researchAndDevelopmentExpenses": 0,
        "generalAndAdministrativeExpenses": 0,
        "sellingAndMarketingExpenses": 0,
        "sellingGeneralAndAdministrativeExpenses": 0,
        "otherExpenses": 232399000,
        "operatingExpenses": 232399000,
        "costAndExpenses": 1070493000,
        "interestIncome": 0,
        "interestExpense": 993000,
        "depreciationAndAmortization": 16689000,
        "ebitda": 146267000,
        "ebitdaratio": 0.1219376369,
        "operatingIncome": 129030000,
        "operatingIncomeRatio": 0.1075677582,
        "totalOtherIncomeExpensesNet": -445000,
        "incomeBeforeTax": 128585000,
        "incomeBeforeTaxRatio": 0.1071967774,
        "incomeTaxExpense": 27778000,
        "netIncome": 100807000,
        "netIncomeRatio": 0.0840392389,
        "eps": 2.67,
        "epsdiluted": 2.63,
        "weightedAverageShsOut": 37757000,
        "weightedAverageShsOutDil": 38271000,
        "link": "https://www.sec.gov/Archives/edgar/data/109563/000119312525249961/0001193125-25-249961-index.htm",
        "finalLink": "https://www.sec.gov/Archives/edgar/data/109563/000119312525249961/d50676dex101.htm"
    },
    {
        "date": "2025-06-30",
        "symbol": "AIT",
        "reportedCurrency": "USD",
        "cik": "0000109563",
        "fillingDate": "2025-08-15",
        "acceptedDate": "2025-08-15 08:52:46",
        "calendarYear": "2025",
        "period": "Q4",
        "revenue": 1224730000,
        "costOfRevenue": 849993000,
        "grossProfit": 374737000,
        "grossProfitRatio": 0.3059751945,
        "researchAndDevelopmentExpenses": 0,
        "generalAndAdministrativeExpenses": 239543000,
        "sellingAndMarketingExpenses": 0,
        "sellingGeneralAndAdministrativeExpenses": 239543000,
        "otherExpenses": 109000,
        "operatingExpenses": 239652000,
        "costAndExpenses": 1089645000,
        "interestIncome": 0,
        "interestExpense": 5010000,
        "depreciationAndAmortization": 16662000,
        "ebitda": 172508000,
        "ebitdaratio": 0.1408539025,
        "operatingIncome": 135085000,
        "operatingIncomeRatio": 0.1102977799,
        "totalOtherIncomeExpensesNet": -41000,
        "incomeBeforeTax": 135044000,
        "incomeBeforeTaxRatio": 0.1102643032,
        "incomeTaxExpense": 27208000,
        "netIncome": 107836000,
        "netIncomeRatio": 0.0880487944,
        "eps": 2.84,
        "epsdiluted": 2.8,
        "weightedAverageShsOut": 38008000,
        "weightedAverageShsOutDil": 38511000,
        "link": "https://www.sec.gov/Archives/edgar/data/109563/000010956325000080/0000109563-25-000080-index.htm",
        "finalLink": "https://www.sec.gov/Archives/edgar/data/109563/000010956325000080/ait-20250630.htm"
    },
    {
        "date": "2025-03-31",
        "symbol": "AIT",
        "reportedCurrency": "USD",
        "cik": "0000109563",
        "fillingDate": "2025-05-01",
        "acceptedDate": "2025-05-01 16:13:43",
        "calendarYear": "2025",
        "period": "Q3",
        "revenue": 1166749000,
        "costOfRevenue": 811459000,
        "grossProfit": 355290000,
        "grossProfitRatio": 0.3045127958,
        "researchAndDevelopmentExpenses": 0,
        "generalAndAdministrativeExpenses": 225888000,
        "sellingAndMarketingExpenses": 0,
        "sellingGeneralAndAdministrativeExpenses": 225888000,
        "otherExpenses": 0,
        "operatingExpenses": 225888000,
        "costAndExpenses": 1037347000,
        "interestIncome": 0,
        "interestExpense": 4507000,
        "depreciationAndAmortization": 16801000,
        "ebitda": 146203000,
        "ebitdaratio": 0.125308014,
        "operatingIncome": 129402000,
        "operatingIncomeRatio": 0.1109081731,
        "totalOtherIncomeExpensesNet": -2120000,
        "incomeBeforeTax": 127282000,
        "incomeBeforeTaxRatio": 0.1090911584,
        "incomeTaxExpense": 27483000,
        "netIncome": 99799000,
        "netIncomeRatio": 0.0855359636,
        "eps": 2.6,
        "epsdiluted": 2.57,
        "weightedAverageShsOut": 38383000,
        "weightedAverageShsOutDil": 38847000,
        "link": "https://www.sec.gov/Archives/edgar/data/109563/000010956325000039/0000109563-25-000039-index.htm",
        "finalLink": "https://www.sec.gov/Archives/edgar/data/109563/000010956325000039/ait-20250331.htm"
    },
    {
        "date": "2024-12-31",
        "symbol": "AIT",
        "reportedCurrency": "USD",
        "cik": "0000109563",
        "fillingDate": "2025-01-29",
        "acceptedDate": "2025-01-29 16:09:06",
        "calendarYear": "2025",
        "period": "Q2",
        "revenue": 1073001000,
        "costOfRevenue": 744951000,
        "grossProfit": 328050000,
        "grossProfitRatio": 0.3057313087,
        "researchAndDevelopmentExpenses": 0,
        "generalAndAdministrativeExpenses": 0,
        "sellingAndMarketingExpenses": 0,
        "sellingGeneralAndAdministrativeExpenses": 207180000,
        "otherExpenses": 0,
        "operatingExpenses": 207180000,
        "costAndExpenses": 952131000,
        "interestIncome": 0,
        "interestExpense": 3155000,
        "depreciationAndAmortization": 13493000,
        "ebitda": 134363000,
        "ebitdaratio": 0.1252216913,
        "operatingIncome": 120870000,
        "operatingIncomeRatio": 0.1126466797,
        "totalOtherIncomeExpensesNet": 1691000,
        "incomeBeforeTax": 122561000,
        "incomeBeforeTaxRatio": 0.1142226335,
        "incomeTaxExpense": 29271000,
        "netIncome": 93290000,
        "netIncomeRatio": 0.086943069,
        "eps": 2.43,
        "epsdiluted": 2.39,
        "weightedAverageShsOut": 38427000,
        "weightedAverageShsOutDil": 38963000,
        "link": "https://www.sec.gov/Archives/edgar/data/109563/000010956325000026/0000109563-25-000026-index.htm",
        "finalLink": "https://www.sec.gov/Archives/edgar/data/109563/000010956325000026/ait-20241231.htm"
    },
    {
        "date": "2024-09-30",
        "symbol": "AIT",
        "reportedCurrency": "USD",
        "cik": "0000109563",
        "fillingDate": "2024-10-25",
        "acceptedDate": "2024-10-25 10:55:32",
        "calendarYear": "2025",
        "period": "Q1",
        "revenue": 1098944000,
        "costOfRevenue": 773862000,
        "grossProfit": 325082000,
        "grossProfitRatio": 0.2958130715,
        "researchAndDevelopmentExpenses": 0,
        "generalAndAdministrativeExpenses": 0,
        "sellingAndMarketingExpenses": 0,
        "sellingGeneralAndAdministrativeExpenses": 211910000,
        "otherExpenses": 0,
        "operatingExpenses": 211910000,
        "costAndExpenses": 985772000,
        "interestIncome": 0,
        "interestExpense": 4064000,
        "depreciationAndAmortization": 13524000,
        "ebitda": 126696000,
        "ebitdaratio": 0.1152888591,
        "operatingIncome": 113172000,
        "operatingIncomeRatio": 0.1029824996,
        "totalOtherIncomeExpensesNet": 2908000,
        "incomeBeforeTax": 116080000,
        "incomeBeforeTaxRatio": 0.1056286763,
        "incomeTaxExpense": 24017000,
        "netIncome": 92063000,
        "netIncomeRatio": 0.0837740595,
        "eps": 2.4,
        "epsdiluted": 2.36,
        "weightedAverageShsOut": 38398000,
        "weightedAverageShsOutDil": 38944000,
        "link": "https://www.sec.gov/Archives/edgar/data/109563/000010956324000104/0000109563-24-000104-index.htm",
        "finalLink": "https://www.sec.gov/Archives/edgar/data/109563/000010956324000104/ait-20240930.htm"
    },
    {
        "date": "2024-06-30",
        "symbol": "AIT",
        "reportedCurrency": "USD",
        "cik": "0000109563",
        "fillingDate": "2024-08-16",
        "acceptedDate": "2024-08-16 12:55:40",
        "calendarYear": "2024",
        "period": "Q4",
        "revenue": 1160675000,
        "costOfRevenue": 804440000,
        "grossProfit": 356235000,
        "grossProfitRatio": 0.3069205419,
        "researchAndDevelopmentExpenses": 0,
        "generalAndAdministrativeExpenses": 216929000,
        "sellingAndMarketingExpenses": 0,
        "sellingGeneralAndAdministrativeExpenses": 216929000,
        "otherExpenses": -37000,
        "operatingExpenses": 216892000,
        "costAndExpenses": 1021332000,
        "interestIncome": 5330000,
        "interestExpense": 17042000,
        "depreciationAndAmortization": 13186000,
        "ebitda": 171163000,
        "ebitdaratio": 0.1474684989,
        "operatingIncome": 139343000,
        "operatingIncomeRatio": 0.1200534172,
        "totalOtherIncomeExpensesNet": 1592000,
        "incomeBeforeTax": 140935000,
        "incomeBeforeTaxRatio": 0.1214250328,
        "incomeTaxExpense": 37444000,
        "netIncome": 103491000,
        "netIncomeRatio": 0.0891644948,
        "eps": 2.68,
        "epsdiluted": 2.64,
        "weightedAverageShsOut": 38568000,
        "weightedAverageShsOutDil": 39153000,
        "link": "https://www.sec.gov/Archives/edgar/data/109563/000010956324000078/0000109563-24-000078-index.htm",
        "finalLink": "https://www.sec.gov/Archives/edgar/data/109563/000010956324000078/ait-20240630.htm"
    },
    {
        "date": "2024-03-31",
        "symbol": "AIT",
        "reportedCurrency": "USD",
        "cik": "0000109563",
        "fillingDate": "2024-04-26",
        "acceptedDate": "2024-04-26 12:13:33",
        "calendarYear": "2024",
        "period": "Q3",
        "revenue": 1146390000,
        "costOfRevenue": 808144000,
        "grossProfit": 338246000,
        "grossProfitRatio": 0.2950531669,
        "researchAndDevelopmentExpenses": 0,
        "generalAndAdministrativeExpenses": 217066000,
        "sellingAndMarketingExpenses": 0,
        "sellingGeneralAndAdministrativeExpenses": 217066000,
        "otherExpenses": -26000,
        "operatingExpenses": 217040000,
        "costAndExpenses": 1025184000,
        "interestIncome": 0,
        "interestExpense": 265000,
        "depreciationAndAmortization": 12753000,
        "ebitda": 135683000,
        "ebitdaratio": 0.1183567547,
        "operatingIncome": 121206000,
        "operatingIncomeRatio": 0.105728417,
        "totalOtherIncomeExpensesNet": 1459000,
        "incomeBeforeTax": 122665000,
        "incomeBeforeTaxRatio": 0.1070011078,
        "incomeTaxExpense": 25448000,
        "netIncome": 97217000,
        "netIncomeRatio": 0.0848027286,
        "eps": 2.51,
        "epsdiluted": 2.48,
        "weightedAverageShsOut": 38675000,
        "weightedAverageShsOutDil": 39252000,
        "link": "https://www.sec.gov/Archives/edgar/data/109563/000010956324000033/0000109563-24-000033-index.htm",
        "finalLink": "https://www.sec.gov/Archives/edgar/data/109563/000010956324000033/ait-20240331.htm"
    },
    {
        "date": "2023-12-31",
        "symbol": "AIT",
        "reportedCurrency": "USD",
        "cik": "0000109563",
        "fillingDate": "2024-01-26",
        "acceptedDate": "2024-01-26 13:21:19",
        "calendarYear": "2024",
        "period": "Q2",
        "revenue": 1077153000,
        "costOfRevenue": 760063000,
        "grossProfit": 317090000,
        "grossProfitRatio": 0.2943778646,
        "researchAndDevelopmentExpenses": 0,
        "generalAndAdministrativeExpenses": 0,
        "sellingAndMarketingExpenses": 0,
        "sellingGeneralAndAdministrativeExpenses": 202496000,
        "otherExpenses": 0,
        "operatingExpenses": 202496000,
        "costAndExpenses": 962559000,
        "interestIncome": 0,
        "interestExpense": 1917000,
        "depreciationAndAmortization": 13305000,
        "ebitda": 127899000,
        "ebitdaratio": 0.1187380066,
        "operatingIncome": 114594000,
        "operatingIncomeRatio": 0.1063860009,
        "totalOtherIncomeExpensesNet": 1007000,
        "incomeBeforeTax": 115601000,
        "incomeBeforeTaxRatio": 0.1073208727,
        "incomeTaxExpense": 24373000,
        "netIncome": 91228000,
        "netIncomeRatio": 0.0846936322,
        "eps": 2.35,
        "epsdiluted": 2.32,
        "weightedAverageShsOut": 38744000,
        "weightedAverageShsOutDil": 39302000,
        "link": "https://www.sec.gov/Archives/edgar/data/109563/000010956324000024/0000109563-24-000024-index.htm",
        "finalLink": "https://www.sec.gov/Archives/edgar/data/109563/000010956324000024/ait-20231231.htm"
    },
    {
        "date": "2023-09-30",
        "symbol": "AIT",
        "reportedCurrency": "USD",
        "cik": "0000109563",
        "fillingDate": "2023-10-27",
        "acceptedDate": "2023-10-27 10:15:48",
        "calendarYear": "2024",
        "period": "Q1",
        "revenue": 1095188000,
        "costOfRevenue": 770106000,
        "grossProfit": 325082000,
        "grossProfitRatio": 0.2968275766,
        "researchAndDevelopmentExpenses": 0,
        "generalAndAdministrativeExpenses": 204402000,
        "sellingAndMarketingExpenses": 0,
        "sellingGeneralAndAdministrativeExpenses": 204402000,
        "otherExpenses": 0,
        "operatingExpenses": 204402000,
        "costAndExpenses": 974508000,
        "interestIncome": 0,
        "interestExpense": 1320000,
        "depreciationAndAmortization": 13110000,
        "ebitda": 133790000,
        "ebitdaratio": 0.1221616745,
        "operatingIncome": 120680000,
        "operatingIncomeRatio": 0.110191127,
        "totalOtherIncomeExpensesNet": -1751000,
        "incomeBeforeTax": 118929000,
        "incomeBeforeTaxRatio": 0.1085923147,
        "incomeTaxExpense": 25103000,
        "netIncome": 93826000,
        "netIncomeRatio": 0.0856711359,
        "eps": 2.42,
        "epsdiluted": 2.39,
        "weightedAverageShsOut": 38700000,
        "weightedAverageShsOutDil": 39310000,
        "link": "https://www.sec.gov/Archives/edgar/data/109563/000010956323000105/0000109563-23-000105-index.htm",
        "finalLink": "https://www.sec.gov/Archives/edgar/data/109563/000010956323000105/ait-20230930.htm"
    },
    {
        "date": "2023-06-30",
        "symbol": "AIT",
        "reportedCurrency": "USD",
        "cik": "0000109563",
        "fillingDate": "2023-08-11",
        "acceptedDate": "2023-08-11 11:20:49",
        "calendarYear": "2023",
        "period": "Q4",
        "revenue": 1158074000,
        "costOfRevenue": 819515000,
        "grossProfit": 338559000,
        "grossProfitRatio": 0.2923466031,
        "researchAndDevelopmentExpenses": 0,
        "generalAndAdministrativeExpenses": 213214000,
        "sellingAndMarketingExpenses": 0,
        "sellingGeneralAndAdministrativeExpenses": 213214000,
        "otherExpenses": -1470000,
        "operatingExpenses": 211744000,
        "costAndExpenses": 1031259000,
        "interestIncome": 4201000,
        "interestExpense": 7352000,
        "depreciationAndAmortization": 13284000,
        "ebitda": 143173000,
        "ebitdaratio": 0.1236302689,
        "operatingIncome": 126815000,
        "operatingIncomeRatio": 0.1095050921,
        "totalOtherIncomeExpensesNet": -4278000,
        "incomeBeforeTax": 122537000,
        "incomeBeforeTaxRatio": 0.1058110276,
        "incomeTaxExpense": 30322000,
        "netIncome": 92215000,
        "netIncomeRatio": 0.0796278994,
        "eps": 2.39,
        "epsdiluted": 2.35,
        "weightedAverageShsOut": 38646000,
        "weightedAverageShsOutDil": 39270000,
        "link": "https://www.sec.gov/Archives/edgar/data/109563/000010956323000075/0000109563-23-000075-index.htm",
        "finalLink": "https://www.sec.gov/Archives/edgar/data/109563/000010956323000075/ait-20230630.htm"
    },
    {
        "date": "2023-03-31",
        "symbol": "AIT",
        "reportedCurrency": "USD",
        "cik": "0000109563",
        "fillingDate": "2023-04-28",
        "acceptedDate": "2023-04-28 10:21:25",
        "calendarYear": "2023",
        "period": "Q3",
        "revenue": 1132035000,
        "costOfRevenue": 798917000,
        "grossProfit": 333118000,
        "grossProfitRatio": 0.2942647533,
        "researchAndDevelopmentExpenses": 0,
        "generalAndAdministrativeExpenses": 206274000,
        "sellingAndMarketingExpenses": 0,
        "sellingGeneralAndAdministrativeExpenses": 206274000,
        "otherExpenses": -67000,
        "operatingExpenses": 206207000,
        "costAndExpenses": 1005124000,
        "interestIncome": 0,
        "interestExpense": 4773000,
        "depreciationAndAmortization": 13235000,
        "ebitda": 140288000,
        "ebitdaratio": 0.123925497,
        "operatingIncome": 126911000,
        "operatingIncomeRatio": 0.1121087246,
        "totalOtherIncomeExpensesNet": -4631000,
        "incomeBeforeTax": 122280000,
        "incomeBeforeTaxRatio": 0.1080178616,
        "incomeTaxExpense": 25093000,
        "netIncome": 97187000,
        "netIncomeRatio": 0.0858515859,
        "eps": 2.52,
        "epsdiluted": 2.48,
        "weightedAverageShsOut": 38617000,
        "weightedAverageShsOutDil": 39268000,
        "link": "https://www.sec.gov/Archives/edgar/data/109563/000010956323000047/0000109563-23-000047-index.htm",
        "finalLink": "https://www.sec.gov/Archives/edgar/data/109563/000010956323000047/ait-20230331.htm"
    },
    {
        "date": "2022-12-31",
        "symbol": "AIT",
        "reportedCurrency": "USD",
        "cik": "0000109563",
        "fillingDate": "2023-01-27",
        "acceptedDate": "2023-01-27 10:42:19",
        "calendarYear": "2023",
        "period": "Q2",
        "revenue": 1060280000,
        "costOfRevenue": 751775000,
        "grossProfit": 308505000,
        "grossProfitRatio": 0.290965594,
        "researchAndDevelopmentExpenses": 0,
        "generalAndAdministrativeExpenses": 0,
        "sellingAndMarketingExpenses": 0,
        "sellingGeneralAndAdministrativeExpenses": 195612000,
        "otherExpenses": 0,
        "operatingExpenses": 195612000,
        "costAndExpenses": 947387000,
        "interestIncome": 0,
        "interestExpense": 6185000,
        "depreciationAndAmortization": 13366000,
        "ebitda": 125501000,
        "ebitdaratio": 0.1183659033,
        "operatingIncome": 112893000,
        "operatingIncomeRatio": 0.1064747048,
        "totalOtherIncomeExpensesNet": -6943000,
        "incomeBeforeTax": 105950000,
        "incomeBeforeTaxRatio": 0.0999264345,
        "incomeTaxExpense": 25493000,
        "netIncome": 80457000,
        "netIncomeRatio": 0.0758827857,
        "eps": 2.09,
        "epsdiluted": 2.05,
        "weightedAverageShsOut": 38579000,
        "weightedAverageShsOutDil": 39208000,
        "link": "https://www.sec.gov/Archives/edgar/data/109563/000010956323000023/0000109563-23-000023-index.htm",
        "finalLink": "https://www.sec.gov/Archives/edgar/data/109563/000010956323000023/ait-20221231.htm"
    },
    {
        "date": "2022-09-30",
        "symbol": "AIT",
        "reportedCurrency": "USD",
        "cik": "0000109563",
        "fillingDate": "2022-10-28",
        "acceptedDate": "2022-10-28 10:42:15",
        "calendarYear": "2023",
        "period": "Q1",
        "revenue": 1062405000,
        "costOfRevenue": 755622000,
        "grossProfit": 306783000,
        "grossProfitRatio": 0.28876276,
        "researchAndDevelopmentExpenses": 0,
        "generalAndAdministrativeExpenses": 200251000,
        "sellingAndMarketingExpenses": 0,
        "sellingGeneralAndAdministrativeExpenses": 200251000,
        "otherExpenses": 0,
        "operatingExpenses": 200251000,
        "costAndExpenses": 955873000,
        "interestIncome": 0,
        "interestExpense": 6480000,
        "depreciationAndAmortization": 13186000,
        "ebitda": 118710000,
        "ebitdaratio": 0.1117370494,
        "operatingIncome": 106532000,
        "operatingIncomeRatio": 0.1002743775,
        "totalOtherIncomeExpensesNet": -7488000,
        "incomeBeforeTax": 99044000,
        "incomeBeforeTaxRatio": 0.0932262179,
        "incomeTaxExpense": 22164000,
        "netIncome": 76880000,
        "netIncomeRatio": 0.0723641173,
        "eps": 2,
        "epsdiluted": 1.97,
        "weightedAverageShsOut": 38526000,
        "weightedAverageShsOutDil": 39111000,
        "link": "https://www.sec.gov/Archives/edgar/data/109563/000010956322000128/0000109563-22-000128-index.htm",
        "finalLink": "https://www.sec.gov/Archives/edgar/data/109563/000010956322000128/ait-20220930.htm"
    },
    {
        "date": "2022-06-30",
        "symbol": "AIT",
        "reportedCurrency": "USD",
        "cik": "0000109563",
        "fillingDate": "2022-08-12",
        "acceptedDate": "2022-08-12 11:13:34",
        "calendarYear": "2022",
        "period": "Q4",
        "revenue": 1061459000,
        "costOfRevenue": 754832000,
        "grossProfit": 306627000,
        "grossProfitRatio": 0.2888731454,
        "researchAndDevelopmentExpenses": 0,
        "generalAndAdministrativeExpenses": 0,
        "sellingAndMarketingExpenses": 0,
        "sellingGeneralAndAdministrativeExpenses": 197403000,
        "otherExpenses": 0,
        "operatingExpenses": 197403000,
        "costAndExpenses": 952235000,
        "interestIncome": 522000,
        "interestExpense": 6536000,
        "depreciationAndAmortization": 13244000,
        "ebitda": 120473000,
        "ebitdaratio": 0.1134975538,
        "operatingIncome": 109224000,
        "operatingIncomeRatio": 0.1028998765,
        "totalOtherIncomeExpensesNet": -8531000,
        "incomeBeforeTax": 100693000,
        "incomeBeforeTaxRatio": 0.0948628256,
        "incomeTaxExpense": 21580000,
        "netIncome": 79113000,
        "netIncomeRatio": 0.0745323183,
        "eps": 2.06,
        "epsdiluted": 2.02,
        "weightedAverageShsOut": 38474000,
        "weightedAverageShsOutDil": 39101000,
        "link": "https://www.sec.gov/Archives/edgar/data/109563/000010956322000096/0000109563-22-000096-index.htm",
        "finalLink": "https://www.sec.gov/Archives/edgar/data/109563/000010956322000096/ait-20220630.htm"
    },
    {
        "date": "2022-03-31",
        "symbol": "AIT",
        "reportedCurrency": "USD",
        "cik": "0000109563",
        "fillingDate": "2022-04-28",
        "acceptedDate": "2022-04-28 16:37:09",
        "calendarYear": "2022",
        "period": "Q3",
        "revenue": 980662000,
        "costOfRevenue": 693338000,
        "grossProfit": 287324000,
        "grossProfitRatio": 0.2929898375,
        "researchAndDevelopmentExpenses": 0,
        "generalAndAdministrativeExpenses": 191481000,
        "sellingAndMarketingExpenses": 0,
        "sellingGeneralAndAdministrativeExpenses": 191481000,
        "otherExpenses": 0,
        "operatingExpenses": 191481000,
        "costAndExpenses": 884819000,
        "interestIncome": 0,
        "interestExpense": 5852000,
        "depreciationAndAmortization": 13243000,
        "ebitda": 108617000,
        "ebitdaratio": 0.1107588547,
        "operatingIncome": 95843000,
        "operatingIncomeRatio": 0.09773296,
        "totalOtherIncomeExpensesNet": -6321000,
        "incomeBeforeTax": 89522000,
        "incomeBeforeTaxRatio": 0.0912873141,
        "incomeTaxExpense": 21216000,
        "netIncome": 68306000,
        "netIncomeRatio": 0.0696529487,
        "eps": 1.78,
        "epsdiluted": 1.75,
        "weightedAverageShsOut": 38453000,
        "weightedAverageShsOutDil": 39098000,
        "link": "https://www.sec.gov/Archives/edgar/data/109563/000010956322000044/0000109563-22-000044-index.htm",
        "finalLink": "https://www.sec.gov/Archives/edgar/data/109563/000010956322000044/ait-20220331.htm"
    },
    {
        "date": "2021-12-31",
        "symbol": "AIT",
        "reportedCurrency": "USD",
        "cik": "0000109563",
        "fillingDate": "2022-01-28",
        "acceptedDate": "2022-01-28 10:20:40",
        "calendarYear": "2022",
        "period": "Q2",
        "revenue": 876874000,
        "costOfRevenue": 619249000,
        "grossProfit": 257625000,
        "grossProfitRatio": 0.2937993372,
        "researchAndDevelopmentExpenses": 0,
        "generalAndAdministrativeExpenses": 179335000,
        "sellingAndMarketingExpenses": 113000,
        "sellingGeneralAndAdministrativeExpenses": 179448000,
        "otherExpenses": 0,
        "operatingExpenses": 179448000,
        "costAndExpenses": 798697000,
        "interestIncome": 0,
        "interestExpense": 7007000,
        "depreciationAndAmortization": 13520000,
        "ebitda": 92566000,
        "ebitdaratio": 0.1055636272,
        "operatingIncome": 78177000,
        "operatingIncomeRatio": 0.0891542,
        "totalOtherIncomeExpensesNet": -6138000,
        "incomeBeforeTax": 72039000,
        "incomeBeforeTaxRatio": 0.0821543346,
        "incomeTaxExpense": 15013000,
        "netIncome": 57026000,
        "netIncomeRatio": 0.0650332887,
        "eps": 1.48,
        "epsdiluted": 1.46,
        "weightedAverageShsOut": 38456000,
        "weightedAverageShsOutDil": 39122000,
        "link": "https://www.sec.gov/Archives/edgar/data/109563/000010956322000025/0000109563-22-000025-index.htm",
        "finalLink": "https://www.sec.gov/Archives/edgar/data/109563/000010956322000025/ait-20211231.htm"
    },
    {
        "date": "2021-09-30",
        "symbol": "AIT",
        "reportedCurrency": "USD",
        "cik": "0000109563",
        "fillingDate": "2021-10-28",
        "acceptedDate": "2021-10-28 10:54:25",
        "calendarYear": "2022",
        "period": "Q1",
        "revenue": 891681000,
        "costOfRevenue": 636341000,
        "grossProfit": 255340000,
        "grossProfitRatio": 0.2863580137,
        "researchAndDevelopmentExpenses": 0,
        "generalAndAdministrativeExpenses": 180726000,
        "sellingAndMarketingExpenses": 0,
        "sellingGeneralAndAdministrativeExpenses": 180726000,
        "otherExpenses": 0,
        "operatingExpenses": 180726000,
        "costAndExpenses": 817067000,
        "interestIncome": 0,
        "interestExpense": 7390000,
        "depreciationAndAmortization": 13548000,
        "ebitda": 88474000,
        "ebitdaratio": 0.0992215826,
        "operatingIncome": 74614000,
        "operatingIncomeRatio": 0.0836779072,
        "totalOtherIncomeExpensesNet": -7078000,
        "incomeBeforeTax": 67536000,
        "incomeBeforeTaxRatio": 0.0757400909,
        "incomeTaxExpense": 14567000,
        "netIncome": 52969000,
        "netIncomeRatio": 0.0594035311,
        "eps": 1.38,
        "epsdiluted": 1.36,
        "weightedAverageShsOut": 38502000,
        "weightedAverageShsOutDil": 39084000,
        "link": "https://www.sec.gov/Archives/edgar/data/109563/000010956321000097/0000109563-21-000097-index.htm",
        "finalLink": "https://www.sec.gov/Archives/edgar/data/109563/000010956321000097/ait-20210930.htm"
    },
    {
        "date": "2021-06-30",
        "symbol": "AIT",
        "reportedCurrency": "USD",
        "cik": "0000109563",
        "fillingDate": "2021-08-17",
        "acceptedDate": "2021-08-17 16:36:47",
        "calendarYear": "2021",
        "period": "Q4",
        "revenue": 895888000,
        "costOfRevenue": 632904000,
        "grossProfit": 262984000,
        "grossProfitRatio": 0.2935456218,
        "researchAndDevelopmentExpenses": 0,
        "generalAndAdministrativeExpenses": 0,
        "sellingAndMarketingExpenses": 0,
        "sellingGeneralAndAdministrativeExpenses": 181587000,
        "otherExpenses": 296000,
        "operatingExpenses": 181883000,
        "costAndExpenses": 814787000,
        "interestIncome": 0,
        "interestExpense": 7673000,
        "depreciationAndAmortization": 13266000,
        "ebitda": 95036000,
        "ebitdaratio": 0.1060802243,
        "operatingIncome": 81101000,
        "operatingIncomeRatio": 0.0905258247,
        "totalOtherIncomeExpensesNet": -7219000,
        "incomeBeforeTax": 73882000,
        "incomeBeforeTaxRatio": 0.0824678978,
        "incomeTaxExpense": 14638000,
        "netIncome": 59244000,
        "netIncomeRatio": 0.0661288018,
        "eps": 1.53,
        "epsdiluted": 1.51,
        "weightedAverageShsOut": 38692000,
        "weightedAverageShsOutDil": 39347000,
        "link": "https://www.sec.gov/Archives/edgar/data/109563/000010956321000082/0000109563-21-000082-index.htm",
        "finalLink": "https://www.sec.gov/Archives/edgar/data/109563/000010956321000082/ait-20210630.htm"
    },
    {
        "date": "2021-03-31",
        "symbol": "AIT",
        "reportedCurrency": "USD",
        "cik": "0000109563",
        "fillingDate": "2021-04-30",
        "acceptedDate": "2021-04-30 12:19:03",
        "calendarYear": "2021",
        "period": "Q3",
        "revenue": 840937000,
        "costOfRevenue": 593712000,
        "grossProfit": 247225000,
        "grossProfitRatio": 0.2939875401,
        "researchAndDevelopmentExpenses": 0,
        "generalAndAdministrativeExpenses": 172758000,
        "sellingAndMarketingExpenses": 0,
        "sellingGeneralAndAdministrativeExpenses": 172758000,
        "otherExpenses": 0,
        "operatingExpenses": 172758000,
        "costAndExpenses": 766470000,
        "interestIncome": 0,
        "interestExpense": 7608000,
        "depreciationAndAmortization": 13316000,
        "ebitda": 89440000,
        "ebitdaratio": 0.1063575512,
        "operatingIncome": 74467000,
        "operatingIncomeRatio": 0.0885524124,
        "totalOtherIncomeExpensesNet": -5951000,
        "incomeBeforeTax": 68516000,
        "incomeBeforeTaxRatio": 0.0814757824,
        "incomeTaxExpense": 12453000,
        "netIncome": 56063000,
        "netIncomeRatio": 0.0666673009,
        "eps": 1.44,
        "epsdiluted": 1.42,
        "weightedAverageShsOut": 38835000,
        "weightedAverageShsOutDil": 39412000,
        "link": "https://www.sec.gov/Archives/edgar/data/109563/000010956321000041/0000109563-21-000041-index.htm",
        "finalLink": "https://www.sec.gov/Archives/edgar/data/109563/000010956321000041/ait-20210331.htm"
    },
    {
        "date": "2020-12-31",
        "symbol": "AIT",
        "reportedCurrency": "USD",
        "cik": "0000109563",
        "fillingDate": "2021-01-29",
        "acceptedDate": "2021-01-29 13:08:02",
        "calendarYear": "2021",
        "period": "Q2",
        "revenue": 751287000,
        "costOfRevenue": 541753000,
        "grossProfit": 209534000,
        "grossProfitRatio": 0.2789000741,
        "researchAndDevelopmentExpenses": 0,
        "generalAndAdministrativeExpenses": 162392000,
        "sellingAndMarketingExpenses": 0,
        "sellingGeneralAndAdministrativeExpenses": 162392000,
        "otherExpenses": 49564000,
        "operatingExpenses": 211956000,
        "costAndExpenses": 753709000,
        "interestIncome": 0,
        "interestExpense": 7658000,
        "depreciationAndAmortization": 13485000,
        "ebitda": 10975000,
        "ebitdaratio": 0.0146082655,
        "operatingIncome": -2422000,
        "operatingIncomeRatio": -0.0032238013,
        "totalOtherIncomeExpensesNet": -7746000,
        "incomeBeforeTax": -10168000,
        "incomeBeforeTaxRatio": -0.0135341088,
        "incomeTaxExpense": -4834000,
        "netIncome": -5334000,
        "netIncomeRatio": -0.0070998167,
        "eps": -0.14,
        "epsdiluted": -0.14,
        "weightedAverageShsOut": 38781000,
        "weightedAverageShsOutDil": 39233000,
        "link": "https://www.sec.gov/Archives/edgar/data/109563/000010956321000028/0000109563-21-000028-index.htm",
        "finalLink": "https://www.sec.gov/Archives/edgar/data/109563/000010956321000028/ait-20201231.htm"
    },
    {
        "date": "2020-09-30",
        "symbol": "AIT",
        "reportedCurrency": "USD",
        "cik": "0000109563",
        "fillingDate": "2020-10-29",
        "acceptedDate": "2020-10-29 13:02:15",
        "calendarYear": "2021",
        "period": "Q1",
        "revenue": 747807000,
        "costOfRevenue": 532026000,
        "grossProfit": 215781000,
        "grossProfitRatio": 0.2885517252,
        "researchAndDevelopmentExpenses": 0,
        "generalAndAdministrativeExpenses": 163650000,
        "sellingAndMarketingExpenses": 0,
        "sellingGeneralAndAdministrativeExpenses": 163650000,
        "otherExpenses": -177000,
        "operatingExpenses": 163473000,
        "costAndExpenses": 695499000,
        "interestIncome": 0,
        "interestExpense": 7653000,
        "depreciationAndAmortization": 15078000,
        "ebitda": 67563000,
        "ebitdaratio": 0.0903481781,
        "operatingIncome": 52308000,
        "operatingIncomeRatio": 0.0699485295,
        "totalOtherIncomeExpensesNet": -7476000,
        "incomeBeforeTax": 44832000,
        "incomeBeforeTaxRatio": 0.0599512976,
        "incomeTaxExpense": 10048000,
        "netIncome": 34784000,
        "netIncomeRatio": 0.0465146756,
        "eps": 0.9,
        "epsdiluted": 0.89,
        "weightedAverageShsOut": 38722000,
        "weightedAverageShsOutDil": 39088000,
        "link": "https://www.sec.gov/Archives/edgar/data/109563/000010956320000096/0000109563-20-000096-index.htm",
        "finalLink": "https://www.sec.gov/Archives/edgar/data/109563/000010956320000096/ait-20200930.htm"
    },
    {
        "date": "2020-06-30",
        "symbol": "AIT",
        "reportedCurrency": "USD",
        "cik": "0000109563",
        "fillingDate": "2020-08-14",
        "acceptedDate": "2020-08-14 14:30:10",
        "calendarYear": "2020",
        "period": "Q4",
        "revenue": 725076000,
        "costOfRevenue": 516786000,
        "grossProfit": 208290000,
        "grossProfitRatio": 0.2872664383,
        "researchAndDevelopmentExpenses": 0,
        "generalAndAdministrativeExpenses": 0,
        "sellingAndMarketingExpenses": 0,
        "sellingGeneralAndAdministrativeExpenses": 161495000,
        "otherExpenses": -233000,
        "operatingExpenses": 161262000,
        "costAndExpenses": 678048000,
        "interestIncome": 0,
        "interestExpense": 8088000,
        "depreciationAndAmortization": 15081000,
        "ebitda": 63977000,
        "ebitdaratio": 0.0882348885,
        "operatingIncome": 47028000,
        "operatingIncomeRatio": 0.0648594078,
        "totalOtherIncomeExpensesNet": -6949000,
        "incomeBeforeTax": 40079000,
        "incomeBeforeTaxRatio": 0.0552755849,
        "incomeTaxExpense": 10090000,
        "netIncome": 29989000,
        "netIncomeRatio": 0.0413598023,
        "eps": 0.78,
        "epsdiluted": 0.77,
        "weightedAverageShsOut": 38691000,
        "weightedAverageShsOutDil": 38988000,
        "link": "https://www.sec.gov/Archives/edgar/data/109563/000010956320000083/0000109563-20-000083-index.htm",
        "finalLink": "https://www.sec.gov/Archives/edgar/data/109563/000010956320000083/ait-2020630x10k.htm"
    },
    {
        "date": "2020-03-31",
        "symbol": "AIT",
        "reportedCurrency": "USD",
        "cik": "0000109563",
        "fillingDate": "2020-05-01",
        "acceptedDate": "2020-05-01 14:00:14",
        "calendarYear": "2020",
        "period": "Q3",
        "revenue": 830797000,
        "costOfRevenue": 594045000,
        "grossProfit": 236752000,
        "grossProfitRatio": 0.2849697339,
        "researchAndDevelopmentExpenses": 0,
        "generalAndAdministrativeExpenses": 0,
        "sellingAndMarketingExpenses": 0,
        "sellingGeneralAndAdministrativeExpenses": 183702000,
        "otherExpenses": 131000000,
        "operatingExpenses": 314702000,
        "costAndExpenses": 908747000,
        "interestIncome": 0,
        "interestExpense": 8805000,
        "depreciationAndAmortization": 16482000,
        "ebitda": -60040000,
        "ebitdaratio": -0.0722679547,
        "operatingIncome": -77950000,
        "operatingIncomeRatio": -0.0938255675,
        "totalOtherIncomeExpensesNet": -7377000,
        "incomeBeforeTax": -85327000,
        "incomeBeforeTaxRatio": -0.1027049929,
        "incomeTaxExpense": -2550000,
        "netIncome": -82777000,
        "netIncomeRatio": -0.0996356511,
        "eps": -2.14,
        "epsdiluted": -2.14,
        "weightedAverageShsOut": 38680841,
        "weightedAverageShsOutDil": 38682000,
        "link": "https://www.sec.gov/Archives/edgar/data/109563/000010956320000035/0000109563-20-000035-index.htm",
        "finalLink": "https://www.sec.gov/Archives/edgar/data/109563/000010956320000035/ait3312010q.htm"
    },
    {
        "date": "2019-12-31",
        "symbol": "AIT",
        "reportedCurrency": "USD",
        "cik": "0000109563",
        "fillingDate": "2020-01-29",
        "acceptedDate": "2020-01-29 11:55:27",
        "calendarYear": "2020",
        "period": "Q2",
        "revenue": 833375000,
        "costOfRevenue": 592141000,
        "grossProfit": 241234000,
        "grossProfitRatio": 0.2894663267,
        "researchAndDevelopmentExpenses": 0,
        "generalAndAdministrativeExpenses": 182548000,
        "sellingAndMarketingExpenses": 0,
        "sellingGeneralAndAdministrativeExpenses": 182548000,
        "otherExpenses": -59000,
        "operatingExpenses": 182489000,
        "costAndExpenses": 774630000,
        "interestIncome": 0,
        "interestExpense": 9583000,
        "depreciationAndAmortization": 15589000,
        "ebitda": 74275000,
        "ebitdaratio": 0.0891255437,
        "operatingIncome": 58745000,
        "operatingIncomeRatio": 0.0704904755,
        "totalOtherIncomeExpensesNet": -9368000,
        "incomeBeforeTax": 49377000,
        "incomeBeforeTaxRatio": 0.0592494375,
        "incomeTaxExpense": 11346000,
        "netIncome": 38031000,
        "netIncomeRatio": 0.0456349183,
        "eps": 0.98,
        "epsdiluted": 0.97,
        "weightedAverageShsOut": 38649000,
        "weightedAverageShsOutDil": 39047000,
        "link": "https://www.sec.gov/Archives/edgar/data/109563/000010956320000025/0000109563-20-000025-index.htm",
        "finalLink": "https://www.sec.gov/Archives/edgar/data/109563/000010956320000025/ait12311910q.htm"
    },
    {
        "date": "2019-09-30",
        "symbol": "AIT",
        "reportedCurrency": "USD",
        "cik": "0000109563",
        "fillingDate": "2019-10-31",
        "acceptedDate": "2019-10-31 13:19:14",
        "calendarYear": "2020",
        "period": "Q1",
        "revenue": 856404000,
        "costOfRevenue": 604944000,
        "grossProfit": 251460000,
        "grossProfitRatio": 0.2936231031,
        "researchAndDevelopmentExpenses": 0,
        "generalAndAdministrativeExpenses": 0,
        "sellingAndMarketingExpenses": 0,
        "sellingGeneralAndAdministrativeExpenses": 190294000,
        "otherExpenses": 0,
        "operatingExpenses": 190294000,
        "costAndExpenses": 795238000,
        "interestIncome": 0,
        "interestExpense": 10059000,
        "depreciationAndAmortization": 15597000,
        "ebitda": 76763000,
        "ebitdaratio": 0.0896340979,
        "operatingIncome": 61166000,
        "operatingIncomeRatio": 0.071421899,
        "totalOtherIncomeExpensesNet": -10059000,
        "incomeBeforeTax": 51107000,
        "incomeBeforeTaxRatio": 0.0596762743,
        "incomeTaxExpense": 12308000,
        "netIncome": 38799000,
        "netIncomeRatio": 0.0453045525,
        "eps": 1,
        "epsdiluted": 1,
        "weightedAverageShsOut": 38611000,
        "weightedAverageShsOutDil": 38961000,
        "link": "https://www.sec.gov/Archives/edgar/data/109563/000010956319000115/0000109563-19-000115-index.htm",
        "finalLink": "https://www.sec.gov/Archives/edgar/data/109563/000010956319000115/ait9301910qnew.htm"
    },
    {
        "date": "2019-06-30",
        "symbol": "AIT",
        "reportedCurrency": "USD",
        "cik": "0000109563",
        "fillingDate": "2019-08-16",
        "acceptedDate": "2019-08-16 16:36:46",
        "calendarYear": "2019",
        "period": "Q4",
        "revenue": 882743000,
        "costOfRevenue": 625392000,
        "grossProfit": 257351000,
        "grossProfitRatio": 0.2915355885,
        "researchAndDevelopmentExpenses": 0,
        "generalAndAdministrativeExpenses": 0,
        "sellingAndMarketingExpenses": 0,
        "sellingGeneralAndAdministrativeExpenses": 185376000,
        "otherExpenses": 0,
        "operatingExpenses": 185376000,
        "costAndExpenses": 810768000,
        "interestIncome": 0,
        "interestExpense": 10187000,
        "depreciationAndAmortization": 15251000,
        "ebitda": 57113000,
        "ebitdaratio": 0.0646994652,
        "operatingIncome": 71975000,
        "operatingIncomeRatio": 0.0815356225,
        "totalOtherIncomeExpensesNet": -9855000,
        "incomeBeforeTax": 62120000,
        "incomeBeforeTaxRatio": 0.0703715577,
        "incomeTaxExpense": 22317000,
        "netIncome": 39803000,
        "netIncomeRatio": 0.0450901338,
        "eps": 1.03,
        "epsdiluted": 1.02,
        "weightedAverageShsOut": 38579000,
        "weightedAverageShsOutDil": 38993000,
        "link": "https://www.sec.gov/Archives/edgar/data/109563/000010956319000095/0000109563-19-000095-index.htm",
        "finalLink": "https://www.sec.gov/Archives/edgar/data/109563/000010956319000095/ait-2019630x10k.htm"
    },
    {
        "date": "2019-03-31",
        "symbol": "AIT",
        "reportedCurrency": "USD",
        "cik": "0000109563",
        "fillingDate": "2019-04-30",
        "acceptedDate": "2019-04-30 11:29:49",
        "calendarYear": "2019",
        "period": "Q3",
        "revenue": 885443000,
        "costOfRevenue": 629884000,
        "grossProfit": 255559000,
        "grossProfitRatio": 0.2886227572,
        "researchAndDevelopmentExpenses": 0,
        "generalAndAdministrativeExpenses": 0,
        "sellingAndMarketingExpenses": 0,
        "sellingGeneralAndAdministrativeExpenses": 189456000,
        "otherExpenses": 31594000,
        "operatingExpenses": 221050000,
        "costAndExpenses": 850934000,
        "interestIncome": 0,
        "interestExpense": 9947000,
        "depreciationAndAmortization": 14937000,
        "ebitda": 50702000,
        "ebitdaratio": 0.0572617323,
        "operatingIncome": 34509000,
        "operatingIncomeRatio": 0.0389737115,
        "totalOtherIncomeExpensesNet": -8691000,
        "incomeBeforeTax": 25818000,
        "incomeBeforeTaxRatio": 0.0291582857,
        "incomeTaxExpense": 9283000,
        "netIncome": 16535000,
        "netIncomeRatio": 0.0186742681,
        "eps": 0.43,
        "epsdiluted": 0.42,
        "weightedAverageShsOut": 38643000,
        "weightedAverageShsOutDil": 39039000,
        "link": "https://www.sec.gov/Archives/edgar/data/109563/000010956319000043/0000109563-19-000043-index.htm",
        "finalLink": "https://www.sec.gov/Archives/edgar/data/109563/000010956319000043/ait3311910q.htm"
    },
    {
        "date": "2018-12-31",
        "symbol": "AIT",
        "reportedCurrency": "USD",
        "cik": "0000109563",
        "fillingDate": "2019-01-25",
        "acceptedDate": "2019-01-25 15:08:38",
        "calendarYear": "2019",
        "period": "Q2",
        "revenue": 840038000,
        "costOfRevenue": 597178000,
        "grossProfit": 242860000,
        "grossProfitRatio": 0.289105969,
        "researchAndDevelopmentExpenses": 0,
        "generalAndAdministrativeExpenses": 0,
        "sellingAndMarketingExpenses": 0,
        "sellingGeneralAndAdministrativeExpenses": 181895000,
        "otherExpenses": 0,
        "operatingExpenses": 181895000,
        "costAndExpenses": 779073000,
        "interestIncome": 0,
        "interestExpense": 9578000,
        "depreciationAndAmortization": 16029000,
        "ebitda": 76994000,
        "ebitdaratio": 0.0916553775,
        "operatingIncome": 60965000,
        "operatingIncomeRatio": 0.0725740978,
        "totalOtherIncomeExpensesNet": -10524000,
        "incomeBeforeTax": 50441000,
        "incomeBeforeTaxRatio": 0.0600460932,
        "incomeTaxExpense": 11724000,
        "netIncome": 38717000,
        "netIncomeRatio": 0.0460895817,
        "eps": 1,
        "epsdiluted": 0.99,
        "weightedAverageShsOut": 38743000,
        "weightedAverageShsOutDil": 39247000,
        "link": "https://www.sec.gov/Archives/edgar/data/109563/000010956319000032/0000109563-19-000032-index.htm",
        "finalLink": "https://www.sec.gov/Archives/edgar/data/109563/000010956319000032/ait12311810q.htm"
    },
    {
        "date": "2018-09-30",
        "symbol": "AIT",
        "reportedCurrency": "USD",
        "cik": "0000109563",
        "fillingDate": "2018-11-01",
        "acceptedDate": "2018-11-01 16:34:30",
        "calendarYear": "2019",
        "period": "Q1",
        "revenue": 864515000,
        "costOfRevenue": 612662000,
        "grossProfit": 251853000,
        "grossProfitRatio": 0.2913228805,
        "researchAndDevelopmentExpenses": 0,
        "generalAndAdministrativeExpenses": 0,
        "sellingAndMarketingExpenses": 0,
        "sellingGeneralAndAdministrativeExpenses": 185514000,
        "otherExpenses": 0,
        "operatingExpenses": 185514000,
        "costAndExpenses": 798176000,
        "interestIncome": 0,
        "interestExpense": 10476000,
        "depreciationAndAmortization": 15902000,
        "ebitda": 82241000,
        "ebitdaratio": 0.0951296392,
        "operatingIncome": 66339000,
        "operatingIncomeRatio": 0.0767355107,
        "totalOtherIncomeExpensesNet": -10237000,
        "incomeBeforeTax": 56102000,
        "incomeBeforeTaxRatio": 0.0648941892,
        "incomeTaxExpense": 7164000,
        "netIncome": 48938000,
        "netIncomeRatio": 0.056607462,
        "eps": 1.26,
        "epsdiluted": 1.24,
        "weightedAverageShsOut": 38714000,
        "weightedAverageShsOutDil": 39364000,
        "link": "https://www.sec.gov/Archives/edgar/data/109563/000010956318000129/0000109563-18-000129-index.htm",
        "finalLink": "https://www.sec.gov/Archives/edgar/data/109563/000010956318000129/ait9301810q.htm"
    },
    {
        "date": "2018-06-30",
        "symbol": "AIT",
        "reportedCurrency": "USD",
        "cik": "0000109563",
        "fillingDate": "2018-08-17",
        "acceptedDate": "2018-08-17 14:13:55",
        "calendarYear": "2018",
        "period": "Q4",
        "revenue": 897721000,
        "costOfRevenue": 634034000,
        "grossProfit": 263687000,
        "grossProfitRatio": 0.2937293435,
        "researchAndDevelopmentExpenses": 0,
        "generalAndAdministrativeExpenses": 0,
        "sellingAndMarketingExpenses": 0,
        "sellingGeneralAndAdministrativeExpenses": 192856000,
        "otherExpenses": 0,
        "operatingExpenses": 192856000,
        "costAndExpenses": 826890000,
        "interestIncome": 0,
        "interestExpense": 0,
        "depreciationAndAmortization": 15816000,
        "ebitda": 89680000,
        "ebitdaratio": 0.0998974069,
        "operatingIncome": 70831000,
        "operatingIncomeRatio": 0.0789009057,
        "totalOtherIncomeExpensesNet": -10610000,
        "incomeBeforeTax": 60221000,
        "incomeBeforeTaxRatio": 0.067082089,
        "incomeTaxExpense": 19859000,
        "netIncome": 40362000,
        "netIncomeRatio": 0.0449605167,
        "eps": 1.04,
        "epsdiluted": 1.03,
        "weightedAverageShsOut": 38682000,
        "weightedAverageShsOutDil": 39312000,
        "link": "https://www.sec.gov/Archives/edgar/data/109563/000010956318000111/0000109563-18-000111-index.htm",
        "finalLink": "https://www.sec.gov/Archives/edgar/data/109563/000010956318000111/ait-2018630x10k.htm"
    },
    {
        "date": "2018-03-31",
        "symbol": "AIT",
        "reportedCurrency": "USD",
        "cik": "0000109563",
        "fillingDate": "2018-04-27",
        "acceptedDate": "2018-04-27 15:17:11",
        "calendarYear": "2018",
        "period": "Q3",
        "revenue": 827665000,
        "costOfRevenue": 588141000,
        "grossProfit": 239524000,
        "grossProfitRatio": 0.2893972803,
        "researchAndDevelopmentExpenses": 0,
        "generalAndAdministrativeExpenses": 0,
        "sellingAndMarketingExpenses": 0,
        "sellingGeneralAndAdministrativeExpenses": 183080000,
        "otherExpenses": 0,
        "operatingExpenses": 183080000,
        "costAndExpenses": 771221000,
        "interestIncome": 0,
        "interestExpense": 8216000,
        "depreciationAndAmortization": 14513000,
        "ebitda": 70957000,
        "ebitdaratio": 0.085731546,
        "operatingIncome": 56444000,
        "operatingIncomeRatio": 0.0681966738,
        "totalOtherIncomeExpensesNet": -6925000,
        "incomeBeforeTax": 49519000,
        "incomeBeforeTaxRatio": 0.059829762,
        "incomeTaxExpense": 12927000,
        "netIncome": 36592000,
        "netIncomeRatio": 0.0442111241,
        "eps": 0.95,
        "epsdiluted": 0.93,
        "weightedAverageShsOut": 38674000,
        "weightedAverageShsOutDil": 39286000,
        "link": "https://www.sec.gov/Archives/edgar/data/109563/000010956318000067/0000109563-18-000067-index.htm",
        "finalLink": "https://www.sec.gov/Archives/edgar/data/109563/000010956318000067/ait3311810q.htm"
    },
    {
        "date": "2017-12-31",
        "symbol": "AIT",
        "reportedCurrency": "USD",
        "cik": "0000109563",
        "fillingDate": "2018-01-26",
        "acceptedDate": "2018-01-26 13:53:51",
        "calendarYear": "2018",
        "period": "Q2",
        "revenue": 667187000,
        "costOfRevenue": 478827000,
        "grossProfit": 188360000,
        "grossProfitRatio": 0.2823196495,
        "researchAndDevelopmentExpenses": 0,
        "generalAndAdministrativeExpenses": 0,
        "sellingAndMarketingExpenses": 0,
        "sellingGeneralAndAdministrativeExpenses": 141645000,
        "otherExpenses": 0,
        "operatingExpenses": 141645000,
        "costAndExpenses": 620472000,
        "interestIncome": 0,
        "interestExpense": 2139000,
        "depreciationAndAmortization": 9776000,
        "ebitda": 56491000,
        "ebitdaratio": 0.0846704147,
        "operatingIncome": 46715000,
        "operatingIncomeRatio": 0.0700178511,
        "totalOtherIncomeExpensesNet": -2119000,
        "incomeBeforeTax": 44596000,
        "incomeBeforeTaxRatio": 0.06684183,
        "incomeTaxExpense": 13646000,
        "netIncome": 30950000,
        "netIncomeRatio": 0.0463887935,
        "eps": 0.8,
        "epsdiluted": 0.79,
        "weightedAverageShsOut": 38717000,
        "weightedAverageShsOutDil": 39206000,
        "link": "https://www.sec.gov/Archives/edgar/data/109563/000010956318000040/0000109563-18-000040-index.htm",
        "finalLink": "https://www.sec.gov/Archives/edgar/data/109563/000010956318000040/ait12311710q.htm"
    },
    {
        "date": "2017-09-30",
        "symbol": "AIT",
        "reportedCurrency": "USD",
        "cik": "0000109563",
        "fillingDate": "2017-10-26",
        "acceptedDate": "2017-10-26 16:37:41",
        "calendarYear": "2018",
        "period": "Q1",
        "revenue": 680701000,
        "costOfRevenue": 488277000,
        "grossProfit": 192424000,
        "grossProfitRatio": 0.2826850556,
        "researchAndDevelopmentExpenses": 0,
        "generalAndAdministrativeExpenses": 0,
        "sellingAndMarketingExpenses": 0,
        "sellingGeneralAndAdministrativeExpenses": 140587000,
        "otherExpenses": 0,
        "operatingExpenses": 140587000,
        "costAndExpenses": 628864000,
        "interestIncome": 0,
        "interestExpense": 2166000,
        "depreciationAndAmortization": 9758000,
        "ebitda": 61595000,
        "ebitdaratio": 0.0904876003,
        "operatingIncome": 51837000,
        "operatingIncomeRatio": 0.0761523782,
        "totalOtherIncomeExpensesNet": -1455000,
        "incomeBeforeTax": 50382000,
        "incomeBeforeTaxRatio": 0.0740148758,
        "incomeTaxExpense": 16661000,
        "netIncome": 33721000,
        "netIncomeRatio": 0.0495386374,
        "eps": 0.87,
        "epsdiluted": 0.86,
        "weightedAverageShsOut": 38932000,
        "weightedAverageShsOutDil": 39336000,
        "link": "https://www.sec.gov/Archives/edgar/data/109563/000010956317000160/0000109563-17-000160-index.htm",
        "finalLink": "https://www.sec.gov/Archives/edgar/data/109563/000010956317000160/ait9301710q.htm"
    },
    {
        "date": "2017-06-30",
        "symbol": "AIT",
        "reportedCurrency": "USD",
        "cik": "0000109563",
        "fillingDate": "2017-08-18",
        "acceptedDate": "2017-08-18 12:57:32",
        "calendarYear": "2017",
        "period": "Q4",
        "revenue": 681471000,
        "costOfRevenue": 485364000,
        "grossProfit": 196107000,
        "grossProfitRatio": 0.2877701326,
        "researchAndDevelopmentExpenses": 0,
        "generalAndAdministrativeExpenses": 0,
        "sellingAndMarketingExpenses": 0,
        "sellingGeneralAndAdministrativeExpenses": 147858000,
        "otherExpenses": 0,
        "operatingExpenses": 147858000,
        "costAndExpenses": 633222000,
        "interestIncome": 0,
        "interestExpense": 0,
        "depreciationAndAmortization": 9926000,
        "ebitda": 59382000,
        "ebitdaratio": 0.0871379707,
        "operatingIncome": 48249000,
        "operatingIncomeRatio": 0.070801252,
        "totalOtherIncomeExpensesNet": -1869000,
        "incomeBeforeTax": 46380000,
        "incomeBeforeTaxRatio": 0.0680586555,
        "incomeTaxExpense": -6580000,
        "netIncome": 52960000,
        "netIncomeRatio": 0.0777142388,
        "eps": 1.36,
        "epsdiluted": 1.34,
        "weightedAverageShsOut": 39024000,
        "weightedAverageShsOutDil": 39474000,
        "link": "https://www.sec.gov/Archives/edgar/data/109563/000010956317000128/0000109563-17-000128-index.htm",
        "finalLink": "https://www.sec.gov/Archives/edgar/data/109563/000010956317000128/ait-2017630x10k.htm"
    },
    {
        "date": "2017-03-31",
        "symbol": "AIT",
        "reportedCurrency": "USD",
        "cik": "0000109563",
        "fillingDate": "2017-04-28",
        "acceptedDate": "2017-04-28 13:45:56",
        "calendarYear": "2017",
        "period": "Q3",
        "revenue": 679304000,
        "costOfRevenue": 488502000,
        "grossProfit": 190802000,
        "grossProfitRatio": 0.280878664,
        "researchAndDevelopmentExpenses": 0,
        "generalAndAdministrativeExpenses": 0,
        "sellingAndMarketingExpenses": 0,
        "sellingGeneralAndAdministrativeExpenses": 145134000,
        "otherExpenses": 0,
        "operatingExpenses": 145134000,
        "costAndExpenses": 633636000,
        "interestIncome": 0,
        "interestExpense": 2165000,
        "depreciationAndAmortization": 9933000,
        "ebitda": 55601000,
        "ebitdaratio": 0.0818499523,
        "operatingIncome": 45467000,
        "operatingIncomeRatio": 0.0669317419,
        "totalOtherIncomeExpensesNet": -2118000,
        "incomeBeforeTax": 43349000,
        "incomeBeforeTaxRatio": 0.0638138448,
        "incomeTaxExpense": 13855000,
        "netIncome": 29494000,
        "netIncomeRatio": 0.043417969,
        "eps": 0.76,
        "epsdiluted": 0.75,
        "weightedAverageShsOut": 38999000,
        "weightedAverageShsOutDil": 39462000,
        "link": "https://www.sec.gov/Archives/edgar/data/109563/000010956317000076/0000109563-17-000076-index.htm",
        "finalLink": "https://www.sec.gov/Archives/edgar/data/109563/000010956317000076/ait3311710q.htm"
    },
    {
        "date": "2016-12-31",
        "symbol": "AIT",
        "reportedCurrency": "USD",
        "cik": "0000109563",
        "fillingDate": "2017-01-27",
        "acceptedDate": "2017-01-27 11:59:09",
        "calendarYear": "2017",
        "period": "Q2",
        "revenue": 608123000,
        "costOfRevenue": 435667000,
        "grossProfit": 172456000,
        "grossProfitRatio": 0.2835873664,
        "researchAndDevelopmentExpenses": 0,
        "generalAndAdministrativeExpenses": 0,
        "sellingAndMarketingExpenses": 0,
        "sellingGeneralAndAdministrativeExpenses": 134600000,
        "otherExpenses": 0,
        "operatingExpenses": 134600000,
        "costAndExpenses": 570267000,
        "interestIncome": 0,
        "interestExpense": 2100000,
        "depreciationAndAmortization": 9931000,
        "ebitda": 47787000,
        "ebitdaratio": 0.0785811423,
        "operatingIncome": 37656000,
        "operatingIncomeRatio": 0.0619216836,
        "totalOtherIncomeExpensesNet": -1889000,
        "incomeBeforeTax": 35767000,
        "incomeBeforeTaxRatio": 0.0588154041,
        "incomeTaxExpense": 11682000,
        "netIncome": 24085000,
        "netIncomeRatio": 0.0396054746,
        "eps": 0.62,
        "epsdiluted": 0.61,
        "weightedAverageShsOut": 38985000,
        "weightedAverageShsOutDil": 39371000,
        "link": "https://www.sec.gov/Archives/edgar/data/109563/000010956317000038/0000109563-17-000038-index.htm",
        "finalLink": "https://www.sec.gov/Archives/edgar/data/109563/000010956317000038/ait12311610q.htm"
    },
    {
        "date": "2016-09-30",
        "symbol": "AIT",
        "reportedCurrency": "USD",
        "cik": "0000109563",
        "fillingDate": "2016-10-27",
        "acceptedDate": "2016-10-27 17:05:49",
        "calendarYear": "2017",
        "period": "Q1",
        "revenue": 624848000,
        "costOfRevenue": 446518000,
        "grossProfit": 178330000,
        "grossProfitRatio": 0.2853974086,
        "researchAndDevelopmentExpenses": 0,
        "generalAndAdministrativeExpenses": 0,
        "sellingAndMarketingExpenses": 0,
        "sellingGeneralAndAdministrativeExpenses": 134911000,
        "otherExpenses": 0,
        "operatingExpenses": 134911000,
        "costAndExpenses": 581429000,
        "interestIncome": 0,
        "interestExpense": 2146000,
        "depreciationAndAmortization": 9887000,
        "ebitda": 53306000,
        "ebitdaratio": 0.0853103475,
        "operatingIncome": 43218000,
        "operatingIncomeRatio": 0.0691656211,
        "totalOtherIncomeExpensesNet": -1748000,
        "incomeBeforeTax": 41470000,
        "incomeBeforeTaxRatio": 0.0663681407,
        "incomeTaxExpense": 14099000,
        "netIncome": 27371000,
        "netIncomeRatio": 0.0438042532,
        "eps": 0.7,
        "epsdiluted": 0.7,
        "weightedAverageShsOut": 39044000,
        "weightedAverageShsOutDil": 39382000,
        "link": "https://www.sec.gov/Archives/edgar/data/109563/000010956316000309/0000109563-16-000309-index.htm",
        "finalLink": "https://www.sec.gov/Archives/edgar/data/109563/000010956316000309/ait9301610q.htm"
    },
    {
        "date": "2016-06-30",
        "symbol": "AIT",
        "reportedCurrency": "USD",
        "cik": "0000109563",
        "fillingDate": "2016-08-24",
        "acceptedDate": "2016-08-24 16:51:52",
        "calendarYear": "2016",
        "period": "Q4",
        "revenue": 634006000,
        "costOfRevenue": 455556000,
        "grossProfit": 178450000,
        "grossProfitRatio": 0.2814642133,
        "researchAndDevelopmentExpenses": 0,
        "generalAndAdministrativeExpenses": 0,
        "sellingAndMarketingExpenses": 0,
        "sellingGeneralAndAdministrativeExpenses": 136005000,
        "otherExpenses": 0,
        "operatingExpenses": 136005000,
        "costAndExpenses": 591561000,
        "interestIncome": 0,
        "interestExpense": 0,
        "depreciationAndAmortization": 10440000,
        "ebitda": -12728000,
        "ebitdaratio": -0.0200755198,
        "operatingIncome": 42445000,
        "operatingIncomeRatio": 0.066947316,
        "totalOtherIncomeExpensesNet": -1995000,
        "incomeBeforeTax": 40450000,
        "incomeBeforeTaxRatio": 0.063800658,
        "incomeTaxExpense": 14383000,
        "netIncome": 26067000,
        "netIncomeRatio": 0.0411147529,
        "eps": 0.67,
        "epsdiluted": 0.66,
        "weightedAverageShsOut": 39030000,
        "weightedAverageShsOutDil": 39286000,
        "link": "https://www.sec.gov/Archives/edgar/data/109563/000010956316000283/0000109563-16-000283-index.htm",
        "finalLink": "https://www.sec.gov/Archives/edgar/data/109563/000010956316000283/ait-2016630x10k.htm"
    },
    {
        "date": "2016-03-31",
        "symbol": "AIT",
        "reportedCurrency": "USD",
        "cik": "0000109563",
        "fillingDate": "2016-05-03",
        "acceptedDate": "2016-05-03 15:30:35",
        "calendarYear": "2016",
        "period": "Q3",
        "revenue": 633172000,
        "costOfRevenue": 458379000,
        "grossProfit": 174793000,
        "grossProfitRatio": 0.2760592698,
        "researchAndDevelopmentExpenses": 0,
        "generalAndAdministrativeExpenses": 0,
        "sellingAndMarketingExpenses": 0,
        "sellingGeneralAndAdministrativeExpenses": 143031000,
        "otherExpenses": 64794000,
        "operatingExpenses": 207825000,
        "costAndExpenses": 666204000,
        "interestIncome": 0,
        "interestExpense": 2359000,
        "depreciationAndAmortization": 10771000,
        "ebitda": 42533000,
        "ebitdaratio": 0.0671744802,
        "operatingIncome": -33032000,
        "operatingIncomeRatio": -0.0521690789,
        "totalOtherIncomeExpensesNet": -2424000,
        "incomeBeforeTax": -35456000,
        "incomeBeforeTaxRatio": -0.0559974225,
        "incomeTaxExpense": 9272000,
        "netIncome": -44728000,
        "netIncomeRatio": -0.0706411528,
        "eps": -1.14,
        "epsdiluted": -1.14,
        "weightedAverageShsOut": 39107000,
        "weightedAverageShsOutDil": 39107000,
        "link": "https://www.sec.gov/Archives/edgar/data/109563/000010956316000239/0000109563-16-000239-index.htm",
        "finalLink": "https://www.sec.gov/Archives/edgar/data/109563/000010956316000239/ait3311610q.htm"
    },
    {
        "date": "2015-12-31",
        "symbol": "AIT",
        "reportedCurrency": "USD",
        "cik": "0000109563",
        "fillingDate": "2016-01-29",
        "acceptedDate": "2016-01-29 15:44:59",
        "calendarYear": "2016",
        "period": "Q2",
        "revenue": 610346000,
        "costOfRevenue": 437179000,
        "grossProfit": 173167000,
        "grossProfitRatio": 0.2837193985,
        "researchAndDevelopmentExpenses": 0,
        "generalAndAdministrativeExpenses": 0,
        "sellingAndMarketingExpenses": 0,
        "sellingGeneralAndAdministrativeExpenses": 134805000,
        "otherExpenses": 0,
        "operatingExpenses": 134805000,
        "costAndExpenses": 571984000,
        "interestIncome": 0,
        "interestExpense": 2158000,
        "depreciationAndAmortization": 10322000,
        "ebitda": 48684000,
        "ebitdaratio": 0.0797645925,
        "operatingIncome": 38362000,
        "operatingIncomeRatio": 0.0628528736,
        "totalOtherIncomeExpensesNet": -2213000,
        "incomeBeforeTax": 36149000,
        "incomeBeforeTaxRatio": 0.0592270614,
        "incomeTaxExpense": 12202000,
        "netIncome": 23947000,
        "netIncomeRatio": 0.0392351224,
        "eps": 0.61,
        "epsdiluted": 0.61,
        "weightedAverageShsOut": 39262000,
        "weightedAverageShsOutDil": 39485000,
        "link": "https://www.sec.gov/Archives/edgar/data/109563/000010956316000216/0000109563-16-000216-index.htm",
        "finalLink": "https://www.sec.gov/Archives/edgar/data/109563/000010956316000216/ait12311510q.htm"
    },
    {
        "date": "2015-09-30",
        "symbol": "AIT",
        "reportedCurrency": "USD",
        "cik": "0000109563",
        "fillingDate": "2015-11-04",
        "acceptedDate": "2015-11-04 15:31:33",
        "calendarYear": "2016",
        "period": "Q1",
        "revenue": 641904000,
        "costOfRevenue": 460892000,
        "grossProfit": 181012000,
        "grossProfitRatio": 0.2819923228,
        "researchAndDevelopmentExpenses": 0,
        "generalAndAdministrativeExpenses": 0,
        "sellingAndMarketingExpenses": 0,
        "sellingGeneralAndAdministrativeExpenses": 139986000,
        "otherExpenses": 0,
        "operatingExpenses": 139986000,
        "costAndExpenses": 600878000,
        "interestIncome": 0,
        "interestExpense": 2187000,
        "depreciationAndAmortization": 10013000,
        "ebitda": 51039000,
        "ebitdaratio": 0.0795118896,
        "operatingIncome": 41026000,
        "operatingIncomeRatio": 0.0639129839,
        "totalOtherIncomeExpensesNet": -3191000,
        "incomeBeforeTax": 37835000,
        "incomeBeforeTaxRatio": 0.0589418355,
        "incomeTaxExpense": 13544000,
        "netIncome": 24291000,
        "netIncomeRatio": 0.0378421072,
        "eps": 0.61,
        "epsdiluted": 0.61,
        "weightedAverageShsOut": 39613000,
        "weightedAverageShsOutDil": 39842000,
        "link": "https://www.sec.gov/Archives/edgar/data/109563/000010956315000163/0000109563-15-000163-index.htm",
        "finalLink": "https://www.sec.gov/Archives/edgar/data/109563/000010956315000163/ait9301510q.htm"
    },
    {
        "date": "2015-06-30",
        "symbol": "AIT",
        "reportedCurrency": "USD",
        "cik": "0000109563",
        "fillingDate": "2015-08-26",
        "acceptedDate": "2015-08-26 17:19:34",
        "calendarYear": "2015",
        "period": "Q4",
        "revenue": 677540000,
        "costOfRevenue": 485734000,
        "grossProfit": 191806000,
        "grossProfitRatio": 0.2830917732,
        "researchAndDevelopmentExpenses": 0,
        "generalAndAdministrativeExpenses": 0,
        "sellingAndMarketingExpenses": 0,
        "sellingGeneralAndAdministrativeExpenses": 143931000,
        "otherExpenses": 0,
        "operatingExpenses": 143931000,
        "costAndExpenses": 629665000,
        "interestIncome": 0,
        "interestExpense": 0,
        "depreciationAndAmortization": 10171000,
        "ebitda": 57419000,
        "ebitdaratio": 0.084746288,
        "operatingIncome": 47875000,
        "operatingIncomeRatio": 0.0706600348,
        "totalOtherIncomeExpensesNet": -3273000,
        "incomeBeforeTax": 44602000,
        "incomeBeforeTaxRatio": 0.0658293237,
        "incomeTaxExpense": 16557000,
        "netIncome": 28045000,
        "netIncomeRatio": 0.0413923901,
        "eps": 0.7,
        "epsdiluted": 0.7,
        "weightedAverageShsOut": 40062000,
        "weightedAverageShsOutDil": 40335000,
        "link": "https://www.sec.gov/Archives/edgar/data/109563/000010956315000129/0000109563-15-000129-index.htm",
        "finalLink": "https://www.sec.gov/Archives/edgar/data/109563/000010956315000129/ait-2015630x10k.htm"
    },
    {
        "date": "2015-03-31",
        "symbol": "AIT",
        "reportedCurrency": "USD",
        "cik": "0000109563",
        "fillingDate": "2015-05-04",
        "acceptedDate": "2015-05-04 11:07:48",
        "calendarYear": "2015",
        "period": "Q3",
        "revenue": 679994000,
        "costOfRevenue": 492631000,
        "grossProfit": 187363000,
        "grossProfitRatio": 0.2755362547,
        "researchAndDevelopmentExpenses": 0,
        "generalAndAdministrativeExpenses": 0,
        "sellingAndMarketingExpenses": 0,
        "sellingGeneralAndAdministrativeExpenses": 143591000,
        "otherExpenses": 0,
        "operatingExpenses": 143591000,
        "costAndExpenses": 636222000,
        "interestIncome": 0,
        "interestExpense": 2121000,
        "depreciationAndAmortization": 10814000,
        "ebitda": 54586000,
        "ebitdaratio": 0.0802742377,
        "operatingIncome": 43772000,
        "operatingIncomeRatio": 0.0643711562,
        "totalOtherIncomeExpensesNet": -1234000,
        "incomeBeforeTax": 42538000,
        "incomeBeforeTaxRatio": 0.0625564343,
        "incomeTaxExpense": 13928000,
        "netIncome": 28610000,
        "netIncomeRatio": 0.0420739007,
        "eps": 0.7,
        "epsdiluted": 0.7,
        "weightedAverageShsOut": 40800000,
        "weightedAverageShsOutDil": 41067000,
        "link": "https://www.sec.gov/Archives/edgar/data/109563/000010956315000078/0000109563-15-000078-index.htm",
        "finalLink": "https://www.sec.gov/Archives/edgar/data/109563/000010956315000078/ait3311510q.htm"
    },
    {
        "date": "2014-12-31",
        "symbol": "AIT",
        "reportedCurrency": "USD",
        "cik": "0000109563",
        "fillingDate": "2015-02-04",
        "acceptedDate": "2015-02-04 16:47:21",
        "calendarYear": "2015",
        "period": "Q2",
        "revenue": 691702000,
        "costOfRevenue": 495989000,
        "grossProfit": 195713000,
        "grossProfitRatio": 0.2829441002,
        "researchAndDevelopmentExpenses": 0,
        "generalAndAdministrativeExpenses": 0,
        "sellingAndMarketingExpenses": 0,
        "sellingGeneralAndAdministrativeExpenses": 148906000,
        "otherExpenses": 0,
        "operatingExpenses": 148906000,
        "costAndExpenses": 644895000,
        "interestIncome": 0,
        "interestExpense": 1955000,
        "depreciationAndAmortization": 10688000,
        "ebitda": 57495000,
        "ebitdaratio": 0.083121055,
        "operatingIncome": 46807000,
        "operatingIncomeRatio": 0.0676693142,
        "totalOtherIncomeExpensesNet": -2335000,
        "incomeBeforeTax": 44472000,
        "incomeBeforeTaxRatio": 0.0642935831,
        "incomeTaxExpense": 14765000,
        "netIncome": 29707000,
        "netIncomeRatio": 0.0429476856,
        "eps": 0.72,
        "epsdiluted": 0.72,
        "weightedAverageShsOut": 41228000,
        "weightedAverageShsOutDil": 41533000,
        "link": "https://www.sec.gov/Archives/edgar/data/109563/000010956315000050/0000109563-15-000050-index.htm",
        "finalLink": "https://www.sec.gov/Archives/edgar/data/109563/000010956315000050/ait12311410q.htm"
    },
    {
        "date": "2014-09-30",
        "symbol": "AIT",
        "reportedCurrency": "USD",
        "cik": "0000109563",
        "fillingDate": "2014-11-04",
        "acceptedDate": "2014-11-04 16:38:41",
        "calendarYear": "2015",
        "period": "Q1",
        "revenue": 702325000,
        "costOfRevenue": 507393000,
        "grossProfit": 194932000,
        "grossProfitRatio": 0.2775524152,
        "researchAndDevelopmentExpenses": 0,
        "generalAndAdministrativeExpenses": 0,
        "sellingAndMarketingExpenses": 0,
        "sellingGeneralAndAdministrativeExpenses": 148767000,
        "otherExpenses": 0,
        "operatingExpenses": 148767000,
        "costAndExpenses": 656160000,
        "interestIncome": 0,
        "interestExpense": 1662000,
        "depreciationAndAmortization": 10702000,
        "ebitda": 56867000,
        "ebitdaratio": 0.0809696366,
        "operatingIncome": 46165000,
        "operatingIncomeRatio": 0.0657316769,
        "totalOtherIncomeExpensesNet": -1906000,
        "incomeBeforeTax": 44259000,
        "incomeBeforeTaxRatio": 0.0630178336,
        "incomeTaxExpense": 15137000,
        "netIncome": 29122000,
        "netIncomeRatio": 0.0414651337,
        "eps": 0.7,
        "epsdiluted": 0.7,
        "weightedAverageShsOut": 41467000,
        "weightedAverageShsOutDil": 41829000,
        "link": "https://www.sec.gov/Archives/edgar/data/109563/000010956314000043/0000109563-14-000043-index.htm",
        "finalLink": "https://www.sec.gov/Archives/edgar/data/109563/000010956314000043/ait9301410q.htm"
    },
    {
        "date": "2014-06-30",
        "symbol": "AIT",
        "reportedCurrency": "USD",
        "cik": "0000109563",
        "fillingDate": "2014-08-22",
        "acceptedDate": "2014-08-22 17:02:10",
        "calendarYear": "2014",
        "period": "Q4",
        "revenue": 654618000,
        "costOfRevenue": 472090000,
        "grossProfit": 182528000,
        "grossProfitRatio": 0.2788313184,
        "researchAndDevelopmentExpenses": 0,
        "generalAndAdministrativeExpenses": 0,
        "sellingAndMarketingExpenses": 0,
        "sellingGeneralAndAdministrativeExpenses": 137719000,
        "otherExpenses": 0,
        "operatingExpenses": 137719000,
        "costAndExpenses": 609809000,
        "interestIncome": 0,
        "interestExpense": 0,
        "depreciationAndAmortization": 8363000,
        "ebitda": 55976000,
        "ebitdaratio": 0.0855094116,
        "operatingIncome": 44809000,
        "operatingIncomeRatio": 0.0684506078,
        "totalOtherIncomeExpensesNet": 53000,
        "incomeBeforeTax": 44862000,
        "incomeBeforeTaxRatio": 0.0685315711,
        "incomeTaxExpense": 15188000,
        "netIncome": 29674000,
        "netIncomeRatio": 0.0453302537,
        "eps": 0.71,
        "epsdiluted": 0.71,
        "weightedAverageShsOut": 41652000,
        "weightedAverageShsOutDil": 42014000,
        "link": "https://www.sec.gov/Archives/edgar/data/109563/000010956314000034/0000109563-14-000034-index.htm",
        "finalLink": "https://www.sec.gov/Archives/edgar/data/109563/000010956314000034/ait-2014630x10k.htm"
    },
    {
        "date": "2014-03-31",
        "symbol": "AIT",
        "reportedCurrency": "USD",
        "cik": "0000109563",
        "fillingDate": "2014-05-05",
        "acceptedDate": "2014-05-05 16:41:23",
        "calendarYear": "2014",
        "period": "Q3",
        "revenue": 618006000,
        "costOfRevenue": 446786000,
        "grossProfit": 171220000,
        "grossProfitRatio": 0.2770523264,
        "researchAndDevelopmentExpenses": 0,
        "generalAndAdministrativeExpenses": 0,
        "sellingAndMarketingExpenses": 0,
        "sellingGeneralAndAdministrativeExpenses": 131047000,
        "otherExpenses": 0,
        "operatingExpenses": 131047000,
        "costAndExpenses": 577833000,
        "interestIncome": 0,
        "interestExpense": 0,
        "depreciationAndAmortization": 6515000,
        "ebitda": 46688000,
        "ebitdaratio": 0.0755461921,
        "operatingIncome": 40173000,
        "operatingIncomeRatio": 0.0650042233,
        "totalOtherIncomeExpensesNet": 399000,
        "incomeBeforeTax": 40572000,
        "incomeBeforeTaxRatio": 0.0656498481,
        "incomeTaxExpense": 10178000,
        "netIncome": 30394000,
        "netIncomeRatio": 0.0491807523,
        "eps": 0.73,
        "epsdiluted": 0.72,
        "weightedAverageShsOut": 41880000,
        "weightedAverageShsOutDil": 42242000,
        "link": "https://www.sec.gov/Archives/edgar/data/109563/000010956314000016/0000109563-14-000016-index.htm",
        "finalLink": "https://www.sec.gov/Archives/edgar/data/109563/000010956314000016/ait3311410q.htm"
    },
    {
        "date": "2013-12-31",
        "symbol": "AIT",
        "reportedCurrency": "USD",
        "cik": "0000109563",
        "fillingDate": "2014-02-03",
        "acceptedDate": "2014-02-03 15:07:21",
        "calendarYear": "2014",
        "period": "Q2",
        "revenue": 581949000,
        "costOfRevenue": 418566000,
        "grossProfit": 163383000,
        "grossProfitRatio": 0.2807514061,
        "researchAndDevelopmentExpenses": 0,
        "generalAndAdministrativeExpenses": 0,
        "sellingAndMarketingExpenses": 0,
        "sellingGeneralAndAdministrativeExpenses": 123546000,
        "otherExpenses": 0,
        "operatingExpenses": 123546000,
        "costAndExpenses": 542112000,
        "interestIncome": 0,
        "interestExpense": 0,
        "depreciationAndAmortization": 6442000,
        "ebitda": 46279000,
        "ebitdaratio": 0.0795241507,
        "operatingIncome": 39837000,
        "operatingIncomeRatio": 0.0684544522,
        "totalOtherIncomeExpensesNet": 422000,
        "incomeBeforeTax": 40259000,
        "incomeBeforeTaxRatio": 0.0691796016,
        "incomeTaxExpense": 14350000,
        "netIncome": 25909000,
        "netIncomeRatio": 0.0445210835,
        "eps": 0.62,
        "epsdiluted": 0.61,
        "weightedAverageShsOut": 42076000,
        "weightedAverageShsOutDil": 42462000,
        "link": "https://www.sec.gov/Archives/edgar/data/109563/000010956314000005/0000109563-14-000005-index.htm",
        "finalLink": "https://www.sec.gov/Archives/edgar/data/109563/000010956314000005/ait12311310q.htm"
    },
    {
        "date": "2013-09-30",
        "symbol": "AIT",
        "reportedCurrency": "USD",
        "cik": "0000109563",
        "fillingDate": "2013-11-08",
        "acceptedDate": "2013-11-08 14:56:28",
        "calendarYear": "2014",
        "period": "Q1",
        "revenue": 605305000,
        "costOfRevenue": 435510000,
        "grossProfit": 169795000,
        "grossProfitRatio": 0.2805114777,
        "researchAndDevelopmentExpenses": 0,
        "generalAndAdministrativeExpenses": 0,
        "sellingAndMarketingExpenses": 0,
        "sellingGeneralAndAdministrativeExpenses": 130256000,
        "otherExpenses": 0,
        "operatingExpenses": 130256000,
        "costAndExpenses": 565766000,
        "interestIncome": 0,
        "interestExpense": 61000,
        "depreciationAndAmortization": 6680000,
        "ebitda": 46219000,
        "ebitdaratio": 0.0763565475,
        "operatingIncome": 39539000,
        "operatingIncomeRatio": 0.0653207887,
        "totalOtherIncomeExpensesNet": 1030000,
        "incomeBeforeTax": 40569000,
        "incomeBeforeTaxRatio": 0.0670224102,
        "incomeTaxExpense": 13725000,
        "netIncome": 26844000,
        "netIncomeRatio": 0.0443478907,
        "eps": 0.64,
        "epsdiluted": 0.63,
        "weightedAverageShsOut": 42157000,
        "weightedAverageShsOutDil": 42637000,
        "link": "https://www.sec.gov/Archives/edgar/data/109563/000010956313000037/0000109563-13-000037-index.htm",
        "finalLink": "https://www.sec.gov/Archives/edgar/data/109563/000010956313000037/ait9301310q.htm"
    },
    {
        "date": "2013-06-30",
        "symbol": "AIT",
        "reportedCurrency": "USD",
        "cik": "0000109563",
        "fillingDate": "2013-08-20",
        "acceptedDate": "2013-08-20 17:23:05",
        "calendarYear": "2013",
        "period": "Q4",
        "revenue": 640481000,
        "costOfRevenue": 459371000,
        "grossProfit": 181110000,
        "grossProfitRatio": 0.2827718543,
        "researchAndDevelopmentExpenses": 0,
        "generalAndAdministrativeExpenses": 0,
        "sellingAndMarketingExpenses": 0,
        "sellingGeneralAndAdministrativeExpenses": 133075000,
        "otherExpenses": 0,
        "operatingExpenses": 133075000,
        "costAndExpenses": 592446000,
        "interestIncome": 0,
        "interestExpense": 0,
        "depreciationAndAmortization": 6784000,
        "ebitda": 56706000,
        "ebitdaratio": 0.0885365842,
        "operatingIncome": 48035000,
        "operatingIncomeRatio": 0.0749983216,
        "totalOtherIncomeExpensesNet": -500000,
        "incomeBeforeTax": 47535000,
        "incomeBeforeTaxRatio": 0.0742176583,
        "incomeTaxExpense": 15263000,
        "netIncome": 32272000,
        "netIncomeRatio": 0.0503871309,
        "eps": 0.77,
        "epsdiluted": 0.76,
        "weightedAverageShsOut": 42125000,
        "weightedAverageShsOutDil": 42608000,
        "link": "https://www.sec.gov/Archives/edgar/data/109563/000010956313000029/0000109563-13-000029-index.htm",
        "finalLink": "https://www.sec.gov/Archives/edgar/data/109563/000010956313000029/ait-2013630x10k.htm"
    },
    {
        "date": "2013-03-31",
        "symbol": "AIT",
        "reportedCurrency": "USD",
        "cik": "0000109563",
        "fillingDate": "2013-05-08",
        "acceptedDate": "2013-05-07 17:33:15",
        "calendarYear": "2013",
        "period": "Q3",
        "revenue": 621654000,
        "costOfRevenue": 447254000,
        "grossProfit": 174400000,
        "grossProfitRatio": 0.2805419092,
        "researchAndDevelopmentExpenses": 0,
        "generalAndAdministrativeExpenses": 0,
        "sellingAndMarketingExpenses": 0,
        "sellingGeneralAndAdministrativeExpenses": 130923000,
        "otherExpenses": 0,
        "operatingExpenses": 130923000,
        "costAndExpenses": 578177000,
        "interestIncome": 0,
        "interestExpense": 107000,
        "depreciationAndAmortization": 6707000,
        "ebitda": 50184000,
        "ebitdaratio": 0.0807265778,
        "operatingIncome": 43477000,
        "operatingIncomeRatio": 0.069937618,
        "totalOtherIncomeExpensesNet": 920000,
        "incomeBeforeTax": 44397000,
        "incomeBeforeTaxRatio": 0.0714175409,
        "incomeTaxExpense": 15095000,
        "netIncome": 29302000,
        "netIncomeRatio": 0.0471355449,
        "eps": 0.7,
        "epsdiluted": 0.69,
        "weightedAverageShsOut": 42098000,
        "weightedAverageShsOutDil": 42570000,
        "link": "https://www.sec.gov/Archives/edgar/data/109563/000010956313000015/0000109563-13-000015-index.htm",
        "finalLink": "https://www.sec.gov/Archives/edgar/data/109563/000010956313000015/ait3311310q.htm"
    },
    {
        "date": "2012-12-31",
        "symbol": "AIT",
        "reportedCurrency": "USD",
        "cik": "0000109563",
        "fillingDate": "2013-02-08",
        "acceptedDate": "2013-02-08 16:15:58",
        "calendarYear": "2013",
        "period": "Q2",
        "revenue": 589517000,
        "costOfRevenue": 426598000,
        "grossProfit": 162919000,
        "grossProfitRatio": 0.2763601389,
        "researchAndDevelopmentExpenses": 0,
        "generalAndAdministrativeExpenses": 0,
        "sellingAndMarketingExpenses": 0,
        "sellingGeneralAndAdministrativeExpenses": 122350000,
        "otherExpenses": 0,
        "operatingExpenses": 122350000,
        "costAndExpenses": 548948000,
        "interestIncome": 0,
        "interestExpense": 15000,
        "depreciationAndAmortization": 6166000,
        "ebitda": 46735000,
        "ebitdaratio": 0.0792767639,
        "operatingIncome": 40569000,
        "operatingIncomeRatio": 0.0688173539,
        "totalOtherIncomeExpensesNet": 412000,
        "incomeBeforeTax": 40981000,
        "incomeBeforeTaxRatio": 0.0695162311,
        "incomeTaxExpense": 13938000,
        "netIncome": 27043000,
        "netIncomeRatio": 0.045873147,
        "eps": 0.64,
        "epsdiluted": 0.64,
        "weightedAverageShsOut": 42052000,
        "weightedAverageShsOutDil": 42494000,
        "link": "https://www.sec.gov/Archives/edgar/data/109563/000010956313000009/0000109563-13-000009-index.htm",
        "finalLink": "https://www.sec.gov/Archives/edgar/data/109563/000010956313000009/ait12311210q.htm"
    },
    {
        "date": "2012-09-30",
        "symbol": "AIT",
        "reportedCurrency": "USD",
        "cik": "0000109563",
        "fillingDate": "2012-11-01",
        "acceptedDate": "2012-11-01 16:50:13",
        "calendarYear": "2013",
        "period": "Q1",
        "revenue": 610519000,
        "costOfRevenue": 445986000,
        "grossProfit": 164533000,
        "grossProfitRatio": 0.2694969362,
        "researchAndDevelopmentExpenses": 0,
        "generalAndAdministrativeExpenses": 0,
        "sellingAndMarketingExpenses": 0,
        "sellingGeneralAndAdministrativeExpenses": 120215000,
        "otherExpenses": 0,
        "operatingExpenses": 120215000,
        "costAndExpenses": 566201000,
        "interestIncome": 0,
        "interestExpense": 25000,
        "depreciationAndAmortization": 6077000,
        "ebitda": 50395000,
        "ebitdaratio": 0.0825445236,
        "operatingIncome": 44318000,
        "operatingIncomeRatio": 0.0725906974,
        "totalOtherIncomeExpensesNet": 434000,
        "incomeBeforeTax": 44752000,
        "incomeBeforeTaxRatio": 0.073301568,
        "incomeTaxExpense": 15220000,
        "netIncome": 29532000,
        "netIncomeRatio": 0.0483719589,
        "eps": 0.7,
        "epsdiluted": 0.7,
        "weightedAverageShsOut": 41966000,
        "weightedAverageShsOutDil": 42477000,
        "link": "https://www.sec.gov/Archives/edgar/data/109563/000010956312000043/0000109563-12-000043-index.htm",
        "finalLink": "https://www.sec.gov/Archives/edgar/data/109563/000010956312000043/ait9301210q.htm"
    },
    {
        "date": "2012-06-30",
        "symbol": "AIT",
        "reportedCurrency": "USD",
        "cik": "0000109563",
        "fillingDate": "2012-08-15",
        "acceptedDate": "2012-08-15 14:22:37",
        "calendarYear": "2012",
        "period": "Q4",
        "revenue": 620013000,
        "costOfRevenue": 447327000,
        "grossProfit": 172686000,
        "grossProfitRatio": 0.2785199665,
        "researchAndDevelopmentExpenses": 0,
        "generalAndAdministrativeExpenses": 0,
        "sellingAndMarketingExpenses": 0,
        "sellingGeneralAndAdministrativeExpenses": 122912000,
        "otherExpenses": 0,
        "operatingExpenses": 122912000,
        "costAndExpenses": 570239000,
        "interestIncome": 0,
        "interestExpense": 0,
        "depreciationAndAmortization": 5858000,
        "ebitda": 54520000,
        "ebitdaratio": 0.0879336401,
        "operatingIncome": 49774000,
        "operatingIncomeRatio": 0.0802789619,
        "totalOtherIncomeExpensesNet": -635000,
        "incomeBeforeTax": 49139000,
        "incomeBeforeTaxRatio": 0.0792547898,
        "incomeTaxExpense": 17095000,
        "netIncome": 32044000,
        "netIncomeRatio": 0.0516827873,
        "eps": 0.76,
        "epsdiluted": 0.75,
        "weightedAverageShsOut": 42084000,
        "weightedAverageShsOutDil": 42699000,
        "link": "https://www.sec.gov/Archives/edgar/data/109563/000010956312000038/0000109563-12-000038-index.htm",
        "finalLink": "https://www.sec.gov/Archives/edgar/data/109563/000010956312000038/ait-2012630x10k.htm"
    },
    {
        "date": "2012-03-31",
        "symbol": "AIT",
        "reportedCurrency": "USD",
        "cik": "0000109563",
        "fillingDate": "2012-05-02",
        "acceptedDate": "2012-05-02 16:40:49",
        "calendarYear": "2012",
        "period": "Q3",
        "revenue": 605461000,
        "costOfRevenue": 437848000,
        "grossProfit": 167613000,
        "grossProfitRatio": 0.276835337,
        "researchAndDevelopmentExpenses": 0,
        "generalAndAdministrativeExpenses": 0,
        "sellingAndMarketingExpenses": 0,
        "sellingGeneralAndAdministrativeExpenses": 125594000,
        "otherExpenses": 0,
        "operatingExpenses": 125594000,
        "costAndExpenses": 563442000,
        "interestIncome": 0,
        "interestExpense": 54000,
        "depreciationAndAmortization": 5701000,
        "ebitda": 47720000,
        "ebitdaratio": 0.0788159766,
        "operatingIncome": 42019000,
        "operatingIncomeRatio": 0.0694000109,
        "totalOtherIncomeExpensesNet": 1833000,
        "incomeBeforeTax": 43852000,
        "incomeBeforeTaxRatio": 0.0724274561,
        "incomeTaxExpense": 14434000,
        "netIncome": 29418000,
        "netIncomeRatio": 0.0485877703,
        "eps": 0.7,
        "epsdiluted": 0.69,
        "weightedAverageShsOut": 42109000,
        "weightedAverageShsOutDil": 42779000,
        "link": "https://www.sec.gov/Archives/edgar/data/109563/000010956312000019/0000109563-12-000019-index.htm",
        "finalLink": "https://www.sec.gov/Archives/edgar/data/109563/000010956312000019/ait33112-10q.htm"
    },
    {
        "date": "2011-12-31",
        "symbol": "AIT",
        "reportedCurrency": "USD",
        "cik": "0000109563",
        "fillingDate": "2012-02-02",
        "acceptedDate": "2012-02-02 14:12:45",
        "calendarYear": "2012",
        "period": "Q2",
        "revenue": 570397000,
        "costOfRevenue": 414928000,
        "grossProfit": 155469000,
        "grossProfitRatio": 0.272562794,
        "researchAndDevelopmentExpenses": 0,
        "generalAndAdministrativeExpenses": 0,
        "sellingAndMarketingExpenses": 0,
        "sellingGeneralAndAdministrativeExpenses": 122134000,
        "otherExpenses": 0,
        "operatingExpenses": 122134000,
        "costAndExpenses": 537062000,
        "interestIncome": 0,
        "interestExpense": 10000,
        "depreciationAndAmortization": 5515000,
        "ebitda": 38850000,
        "ebitdaratio": 0.0681104564,
        "operatingIncome": 33335000,
        "operatingIncomeRatio": 0.058441752,
        "totalOtherIncomeExpensesNet": -788000,
        "incomeBeforeTax": 32547000,
        "incomeBeforeTaxRatio": 0.057060258,
        "incomeTaxExpense": 11612000,
        "netIncome": 20935000,
        "netIncomeRatio": 0.0367025072,
        "eps": 0.5,
        "epsdiluted": 0.49,
        "weightedAverageShsOut": 41965000,
        "weightedAverageShsOutDil": 42634000,
        "link": "https://www.sec.gov/Archives/edgar/data/109563/000010956312000004/0000109563-12-000004-index.htm",
        "finalLink": "https://www.sec.gov/Archives/edgar/data/109563/000010956312000004/ait123111-10q.htm"
    },
    {
        "date": "2011-09-30",
        "symbol": "AIT",
        "reportedCurrency": "USD",
        "cik": "0000109563",
        "fillingDate": "2011-11-02",
        "acceptedDate": "2011-11-02 10:56:15",
        "calendarYear": "2012",
        "period": "Q1",
        "revenue": 579574000,
        "costOfRevenue": 420870000,
        "grossProfit": 158704000,
        "grossProfitRatio": 0.2738287087,
        "researchAndDevelopmentExpenses": 0,
        "generalAndAdministrativeExpenses": 0,
        "sellingAndMarketingExpenses": 0,
        "sellingGeneralAndAdministrativeExpenses": 115437000,
        "otherExpenses": 0,
        "operatingExpenses": 115437000,
        "costAndExpenses": 536307000,
        "interestIncome": 0,
        "interestExpense": 47000,
        "depreciationAndAmortization": 5627000,
        "ebitda": 48894000,
        "ebitdaratio": 0.0843619624,
        "operatingIncome": 43267000,
        "operatingIncomeRatio": 0.0746531073,
        "totalOtherIncomeExpensesNet": -1979000,
        "incomeBeforeTax": 41288000,
        "incomeBeforeTaxRatio": 0.0712385304,
        "incomeTaxExpense": 14906000,
        "netIncome": 26382000,
        "netIncomeRatio": 0.0455196403,
        "eps": 0.62,
        "epsdiluted": 0.61,
        "weightedAverageShsOut": 42397000,
        "weightedAverageShsOutDil": 42961000,
        "link": "https://www.sec.gov/Archives/edgar/data/109563/000119312511292150/0001193125-11-292150-index.htm",
        "finalLink": "https://www.sec.gov/Archives/edgar/data/109563/000119312511292150/d246131d10q.htm"
    },
    {
        "date": "2011-06-30",
        "symbol": "AIT",
        "reportedCurrency": "USD",
        "cik": "0000109563",
        "fillingDate": "2011-08-17",
        "acceptedDate": "2011-08-17 16:27:01",
        "calendarYear": "2011",
        "period": "Q4",
        "revenue": 589861000,
        "costOfRevenue": 420718000,
        "grossProfit": 169143000,
        "grossProfitRatio": 0.2867506073,
        "researchAndDevelopmentExpenses": 0,
        "generalAndAdministrativeExpenses": 0,
        "sellingAndMarketingExpenses": 0,
        "sellingGeneralAndAdministrativeExpenses": 124528000,
        "otherExpenses": 0,
        "operatingExpenses": 124528000,
        "costAndExpenses": 545246000,
        "interestIncome": 413000,
        "interestExpense": 447000,
        "depreciationAndAmortization": 5682000,
        "ebitda": 51094000,
        "ebitdaratio": 0.0866204072,
        "operatingIncome": 44615000,
        "operatingIncomeRatio": 0.0756364635,
        "totalOtherIncomeExpensesNet": 350000,
        "incomeBeforeTax": 44965000,
        "incomeBeforeTaxRatio": 0.0762298236,
        "incomeTaxExpense": 16690000,
        "netIncome": 28275000,
        "netIncomeRatio": 0.047935022,
        "eps": 0.67,
        "epsdiluted": 0.66,
        "weightedAverageShsOut": 42397000,
        "weightedAverageShsOutDil": 42961000,
        "link": "https://www.sec.gov/Archives/edgar/data/109563/000095012311078219/0000950123-11-078219-index.htm",
        "finalLink": "https://www.sec.gov/Archives/edgar/data/109563/000095012311078219/l43009e10vk.htm"
    },
    {
        "date": "2011-03-31",
        "symbol": "AIT",
        "reportedCurrency": "USD",
        "cik": "0000109563",
        "fillingDate": "2011-05-04",
        "acceptedDate": "2011-05-04 16:31:06",
        "calendarYear": "2011",
        "period": "Q3",
        "revenue": 565970000,
        "costOfRevenue": 409404000,
        "grossProfit": 156566000,
        "grossProfitRatio": 0.2766330371,
        "researchAndDevelopmentExpenses": 0,
        "generalAndAdministrativeExpenses": 0,
        "sellingAndMarketingExpenses": 0,
        "sellingGeneralAndAdministrativeExpenses": 118365000,
        "otherExpenses": 0,
        "operatingExpenses": 118365000,
        "costAndExpenses": 527769000,
        "interestIncome": 0,
        "interestExpense": 52000,
        "depreciationAndAmortization": 5760000,
        "ebitda": 43961000,
        "ebitdaratio": 0.0776737283,
        "operatingIncome": 38201000,
        "operatingIncomeRatio": 0.0674965104,
        "totalOtherIncomeExpensesNet": 2593000,
        "incomeBeforeTax": 40794000,
        "incomeBeforeTaxRatio": 0.0720780253,
        "incomeTaxExpense": 14258000,
        "netIncome": 26536000,
        "netIncomeRatio": 0.0468858773,
        "eps": 0.63,
        "epsdiluted": 0.61,
        "weightedAverageShsOut": 42446000,
        "weightedAverageShsOutDil": 43339000,
        "link": "https://www.sec.gov/Archives/edgar/data/109563/000095012311044674/0000950123-11-044674-index.htm",
        "finalLink": "https://www.sec.gov/Archives/edgar/data/109563/000095012311044674/l42318e10vq.htm"
    },
    {
        "date": "2010-12-31",
        "symbol": "AIT",
        "reportedCurrency": "USD",
        "cik": "0000109563",
        "fillingDate": "2011-02-02",
        "acceptedDate": "2011-02-02 15:57:39",
        "calendarYear": "2011",
        "period": "Q2",
        "revenue": 529517000,
        "costOfRevenue": 385236000,
        "grossProfit": 144281000,
        "grossProfitRatio": 0.2724766155,
        "researchAndDevelopmentExpenses": 0,
        "generalAndAdministrativeExpenses": 0,
        "sellingAndMarketingExpenses": 0,
        "sellingGeneralAndAdministrativeExpenses": 111225000,
        "otherExpenses": 0,
        "operatingExpenses": 111225000,
        "costAndExpenses": 496461000,
        "interestIncome": 0,
        "interestExpense": 458000,
        "depreciationAndAmortization": 5674000,
        "ebitda": 39151000,
        "ebitdaratio": 0.0739371918,
        "operatingIncome": 33056000,
        "operatingIncomeRatio": 0.0624267021,
        "totalOtherIncomeExpensesNet": -37000,
        "incomeBeforeTax": 33019000,
        "incomeBeforeTaxRatio": 0.0623568271,
        "incomeTaxExpense": 11826000,
        "netIncome": 21193000,
        "netIncomeRatio": 0.0400232665,
        "eps": 0.5,
        "epsdiluted": 0.49,
        "weightedAverageShsOut": 42411000,
        "weightedAverageShsOutDil": 43298000,
        "link": "https://www.sec.gov/Archives/edgar/data/109563/000095012311008296/0000950123-11-008296-index.htm",
        "finalLink": "https://www.sec.gov/Archives/edgar/data/109563/000095012311008296/l41499e10vq.htm"
    },
    {
        "date": "2010-09-30",
        "symbol": "AIT",
        "reportedCurrency": "USD",
        "cik": "0000109563",
        "fillingDate": "2010-11-05",
        "acceptedDate": "2010-11-05 14:35:21",
        "calendarYear": "2011",
        "period": "Q1",
        "revenue": 527501000,
        "costOfRevenue": 384381000,
        "grossProfit": 143120000,
        "grossProfitRatio": 0.2713170212,
        "researchAndDevelopmentExpenses": 0,
        "generalAndAdministrativeExpenses": 0,
        "sellingAndMarketingExpenses": 0,
        "sellingGeneralAndAdministrativeExpenses": 108229000,
        "otherExpenses": 0,
        "operatingExpenses": 108229000,
        "costAndExpenses": 492610000,
        "interestIncome": 0,
        "interestExpense": 1124000,
        "depreciationAndAmortization": 5500000,
        "ebitda": 40734000,
        "ebitdaratio": 0.0772207067,
        "operatingIncome": 34891000,
        "operatingIncomeRatio": 0.0661439504,
        "totalOtherIncomeExpensesNet": -781000,
        "incomeBeforeTax": 34110000,
        "incomeBeforeTaxRatio": 0.0646633845,
        "incomeTaxExpense": 13355000,
        "netIncome": 20755000,
        "netIncomeRatio": 0.039345897,
        "eps": 0.49,
        "epsdiluted": 0.48,
        "weightedAverageShsOut": 42370000,
        "weightedAverageShsOutDil": 43086000,
        "link": "https://www.sec.gov/Archives/edgar/data/109563/000095012310101592/0000950123-10-101592-index.htm",
        "finalLink": "https://www.sec.gov/Archives/edgar/data/109563/000095012310101592/l40062e10vq.htm"
    },
    {
        "date": "2010-06-30",
        "symbol": "AIT",
        "reportedCurrency": "USD",
        "cik": "0000109563",
        "fillingDate": "2010-08-13",
        "acceptedDate": "2010-08-13 14:14:54",
        "calendarYear": "2010",
        "period": "Q4",
        "revenue": 523071000,
        "costOfRevenue": 370054000,
        "grossProfit": 153017000,
        "grossProfitRatio": 0.2925358125,
        "researchAndDevelopmentExpenses": 0,
        "generalAndAdministrativeExpenses": 0,
        "sellingAndMarketingExpenses": 0,
        "sellingGeneralAndAdministrativeExpenses": 106548000,
        "otherExpenses": 0,
        "operatingExpenses": 106548000,
        "costAndExpenses": 476602000,
        "interestIncome": 280000,
        "interestExpense": 1817000,
        "depreciationAndAmortization": 5448000,
        "ebitda": 51980000,
        "ebitdaratio": 0.0993746547,
        "operatingIncome": 46469000,
        "operatingIncomeRatio": 0.0888388001,
        "totalOtherIncomeExpensesNet": -1754000,
        "incomeBeforeTax": 44715000,
        "incomeBeforeTaxRatio": 0.0854855268,
        "incomeTaxExpense": 17011000,
        "netIncome": 27704000,
        "netIncomeRatio": 0.0529641292,
        "eps": 0.65,
        "epsdiluted": 0.64,
        "weightedAverageShsOut": 42370000,
        "weightedAverageShsOutDil": 43086000,
        "link": "https://www.sec.gov/Archives/edgar/data/109563/000095012310077196/0000950123-10-077196-index.htm",
        "finalLink": "https://www.sec.gov/Archives/edgar/data/109563/000095012310077196/l40505e10vk.htm"
    },
    {
        "date": "2010-03-31",
        "symbol": "AIT",
        "reportedCurrency": "USD",
        "cik": "0000109563",
        "fillingDate": "2010-05-07",
        "acceptedDate": "2010-05-07 15:44:41",
        "calendarYear": "2010",
        "period": "Q3",
        "revenue": 486141000,
        "costOfRevenue": 355785000,
        "grossProfit": 130356000,
        "grossProfitRatio": 0.2681444272,
        "researchAndDevelopmentExpenses": 0,
        "generalAndAdministrativeExpenses": 0,
        "sellingAndMarketingExpenses": 0,
        "sellingGeneralAndAdministrativeExpenses": 103319000,
        "otherExpenses": 0,
        "operatingExpenses": 103319000,
        "costAndExpenses": 459104000,
        "interestIncome": 0,
        "interestExpense": 1374000,
        "depreciationAndAmortization": 5351000,
        "ebitda": 32785000,
        "ebitdaratio": 0.067439282,
        "operatingIncome": 27037000,
        "operatingIncomeRatio": 0.0556155519,
        "totalOtherIncomeExpensesNet": -977000,
        "incomeBeforeTax": 26060000,
        "incomeBeforeTaxRatio": 0.0536058469,
        "incomeTaxExpense": 9535000,
        "netIncome": 16525000,
        "netIncomeRatio": 0.0339921957,
        "eps": 0.39,
        "epsdiluted": 0.39,
        "weightedAverageShsOut": 42321000,
        "weightedAverageShsOutDil": 42902000,
        "link": "https://www.sec.gov/Archives/edgar/data/109563/000095012310046334/0000950123-10-046334-index.htm",
        "finalLink": "https://www.sec.gov/Archives/edgar/data/109563/000095012310046334/c00396e10vq.htm"
    },
    {
        "date": "2009-12-31",
        "symbol": "AIT",
        "reportedCurrency": "USD",
        "cik": "0000109563",
        "fillingDate": "2010-02-09",
        "acceptedDate": "2010-02-09 14:31:36",
        "calendarYear": "2010",
        "period": "Q2",
        "revenue": 446253000,
        "costOfRevenue": 329348000,
        "grossProfit": 116905000,
        "grossProfitRatio": 0.2619702277,
        "researchAndDevelopmentExpenses": 0,
        "generalAndAdministrativeExpenses": 0,
        "sellingAndMarketingExpenses": 0,
        "sellingGeneralAndAdministrativeExpenses": 98002000,
        "otherExpenses": 0,
        "operatingExpenses": 98002000,
        "costAndExpenses": 427350000,
        "interestIncome": 1554000,
        "interestExpense": 1333000,
        "depreciationAndAmortization": 5412000,
        "ebitda": 24315000,
        "ebitdaratio": 0.0544870287,
        "operatingIncome": 18903000,
        "operatingIncomeRatio": 0.0423593791,
        "totalOtherIncomeExpensesNet": -1391000,
        "incomeBeforeTax": 17512000,
        "incomeBeforeTaxRatio": 0.0392423132,
        "incomeTaxExpense": 7025000,
        "netIncome": 10487000,
        "netIncomeRatio": 0.0235001221,
        "eps": 0.25,
        "epsdiluted": 0.24,
        "weightedAverageShsOut": 42298000,
        "weightedAverageShsOutDil": 42830000,
        "link": "https://www.sec.gov/Archives/edgar/data/109563/000095012310010345/0000950123-10-010345-index.htm",
        "finalLink": "https://www.sec.gov/Archives/edgar/data/109563/000095012310010345/c95277e10vq.htm"
    },
    {
        "date": "2009-09-30",
        "symbol": "AIT",
        "reportedCurrency": "USD",
        "cik": "0000109563",
        "fillingDate": "2009-10-30",
        "acceptedDate": "2009-10-30 15:56:50",
        "calendarYear": "2010",
        "period": "Q1",
        "revenue": 437743000,
        "costOfRevenue": 322299000,
        "grossProfit": 115444000,
        "grossProfitRatio": 0.2637255193,
        "researchAndDevelopmentExpenses": 0,
        "generalAndAdministrativeExpenses": 0,
        "sellingAndMarketingExpenses": 0,
        "sellingGeneralAndAdministrativeExpenses": 97803000,
        "otherExpenses": 0,
        "operatingExpenses": 97803000,
        "costAndExpenses": 420102000,
        "interestIncome": 0,
        "interestExpense": 1214000,
        "depreciationAndAmortization": 5405000,
        "ebitda": 23349000,
        "ebitdaratio": 0.0533395166,
        "operatingIncome": 17641000,
        "operatingIncomeRatio": 0.040299902,
        "totalOtherIncomeExpensesNet": -911000,
        "incomeBeforeTax": 16730000,
        "incomeBeforeTaxRatio": 0.0382187722,
        "incomeTaxExpense": 5543000,
        "netIncome": 11187000,
        "netIncomeRatio": 0.0255560911,
        "eps": 0.26,
        "epsdiluted": 0.26,
        "weightedAverageShsOut": 42277000,
        "weightedAverageShsOutDil": 42787000,
        "link": "https://www.sec.gov/Archives/edgar/data/109563/000095012309055554/0000950123-09-055554-index.htm",
        "finalLink": "https://www.sec.gov/Archives/edgar/data/109563/000095012309055554/c91599e10vq.htm"
    },
    {
        "date": "2009-06-30",
        "symbol": "AIT",
        "reportedCurrency": "USD",
        "cik": "0000109563",
        "fillingDate": "2009-08-19",
        "acceptedDate": "2009-08-19 13:29:46",
        "calendarYear": "2009",
        "period": "Q4",
        "revenue": 425183000,
        "costOfRevenue": 308946000,
        "grossProfit": 116237000,
        "grossProfitRatio": 0.2733811088,
        "researchAndDevelopmentExpenses": 0,
        "generalAndAdministrativeExpenses": 0,
        "sellingAndMarketingExpenses": 0,
        "sellingGeneralAndAdministrativeExpenses": 94340000,
        "otherExpenses": 36605000,
        "operatingExpenses": 130945000,
        "costAndExpenses": 439891000,
        "interestIncome": 1099000,
        "interestExpense": 2353000,
        "depreciationAndAmortization": 5817000,
        "ebitda": -6924000,
        "ebitdaratio": -0.0162847527,
        "operatingIncome": -14708000,
        "operatingIncomeRatio": -0.0345921638,
        "totalOtherIncomeExpensesNet": -386000,
        "incomeBeforeTax": -15094000,
        "incomeBeforeTaxRatio": -0.0355000082,
        "incomeTaxExpense": -7064000,
        "netIncome": -8030000,
        "netIncomeRatio": -0.0188859856,
        "eps": -0.19,
        "epsdiluted": -0.19,
        "weightedAverageShsOut": 42277000,
        "weightedAverageShsOutDil": 42787000,
        "link": "https://www.sec.gov/Archives/edgar/data/109563/000095012309036454/0000950123-09-036454-index.htm",
        "finalLink": "https://www.sec.gov/Archives/edgar/data/109563/000095012309036454/l37373e10vk.htm"
    },
    {
        "date": "2009-03-31",
        "symbol": "AIT",
        "reportedCurrency": "USD",
        "cik": "0000109563",
        "fillingDate": "2009-05-08",
        "acceptedDate": "2009-05-08 16:13:00",
        "calendarYear": "2009",
        "period": "Q3",
        "revenue": 451647000,
        "costOfRevenue": 329401000,
        "grossProfit": 122246000,
        "grossProfitRatio": 0.2706671361,
        "researchAndDevelopmentExpenses": 0,
        "generalAndAdministrativeExpenses": 0,
        "sellingAndMarketingExpenses": 0,
        "sellingGeneralAndAdministrativeExpenses": 101227000,
        "otherExpenses": 0,
        "operatingExpenses": 101227000,
        "costAndExpenses": 430628000,
        "interestIncome": 0,
        "interestExpense": 1183000,
        "depreciationAndAmortization": 6166000,
        "ebitda": 27102000,
        "ebitdaratio": 0.0600070409,
        "operatingIncome": 21019000,
        "operatingIncomeRatio": 0.0465385578,
        "totalOtherIncomeExpensesNet": -1266000,
        "incomeBeforeTax": 19753000,
        "incomeBeforeTaxRatio": 0.0437354837,
        "incomeTaxExpense": 8193000,
        "netIncome": 11560000,
        "netIncomeRatio": 0.0255952104,
        "eps": 0.27,
        "epsdiluted": 0.27,
        "weightedAverageShsOut": 42244000,
        "weightedAverageShsOutDil": 42662000,
        "link": "https://www.sec.gov/Archives/edgar/data/109563/000136231009006941/0001362310-09-006941-index.htm",
        "finalLink": "https://www.sec.gov/Archives/edgar/data/109563/000136231009006941/c85024e10vq.htm"
    },
    {
        "date": "2008-12-31",
        "symbol": "AIT",
        "reportedCurrency": "USD",
        "cik": "0000109563",
        "fillingDate": "2009-02-09",
        "acceptedDate": "2009-02-09 08:33:36",
        "calendarYear": "2009",
        "period": "Q2",
        "revenue": 502412000,
        "costOfRevenue": 366943000,
        "grossProfit": 135469000,
        "grossProfitRatio": 0.2696372698,
        "researchAndDevelopmentExpenses": 0,
        "generalAndAdministrativeExpenses": 0,
        "sellingAndMarketingExpenses": 0,
        "sellingGeneralAndAdministrativeExpenses": 106662000,
        "otherExpenses": 0,
        "operatingExpenses": 106662000,
        "costAndExpenses": 473605000,
        "interestIncome": 0,
        "interestExpense": 1302000,
        "depreciationAndAmortization": 5991000,
        "ebitda": 32573000,
        "ebitdaratio": 0.0648332444,
        "operatingIncome": 28807000,
        "operatingIncomeRatio": 0.0573374044,
        "totalOtherIncomeExpensesNet": -3527000,
        "incomeBeforeTax": 25280000,
        "incomeBeforeTaxRatio": 0.0503172695,
        "incomeTaxExpense": 9086000,
        "netIncome": 16194000,
        "netIncomeRatio": 0.0322325104,
        "eps": 0.38,
        "epsdiluted": 0.38,
        "weightedAverageShsOut": 42316000,
        "weightedAverageShsOutDil": 42798000,
        "link": "https://www.sec.gov/Archives/edgar/data/109563/000136231009001404/0001362310-09-001404-index.htm",
        "finalLink": "https://www.sec.gov/Archives/edgar/data/109563/000136231009001404/c80172e10vq.htm"
    },
    {
        "date": "2008-09-30",
        "symbol": "AIT",
        "reportedCurrency": "USD",
        "cik": "0000109563",
        "fillingDate": "2008-11-07",
        "acceptedDate": "2008-11-07 10:46:52",
        "calendarYear": "2009",
        "period": "Q1",
        "revenue": 543906000,
        "costOfRevenue": 397848000,
        "grossProfit": 146058000,
        "grossProfitRatio": 0.2685353719,
        "researchAndDevelopmentExpenses": 0,
        "generalAndAdministrativeExpenses": 0,
        "sellingAndMarketingExpenses": 0,
        "sellingGeneralAndAdministrativeExpenses": 108683000,
        "otherExpenses": 0,
        "operatingExpenses": 108683000,
        "costAndExpenses": 506531000,
        "interestIncome": 0,
        "interestExpense": 0,
        "depreciationAndAmortization": 4417000,
        "ebitda": 41792000,
        "ebitdaratio": 0.0768368064,
        "operatingIncome": 37375000,
        "operatingIncomeRatio": 0.0687159178,
        "totalOtherIncomeExpensesNet": -1500000,
        "incomeBeforeTax": 35875000,
        "incomeBeforeTaxRatio": 0.0659580883,
        "incomeTaxExpense": 13339000,
        "netIncome": 22536000,
        "netIncomeRatio": 0.0414336301,
        "eps": 0.53,
        "epsdiluted": 0.52,
        "weightedAverageShsOut": 42316000,
        "weightedAverageShsOutDil": 42982000,
        "link": "https://www.sec.gov/Archives/edgar/data/109563/000136231008006840/0001362310-08-006840-index.htm",
        "finalLink": "https://www.sec.gov/Archives/edgar/data/109563/000136231008006840/c76824e10vq.htm"
    },
    {
        "date": "2008-06-30",
        "symbol": "AIT",
        "reportedCurrency": "USD",
        "cik": "0000109563",
        "fillingDate": "2008-08-20",
        "acceptedDate": "2008-08-20 17:01:58",
        "calendarYear": "2008",
        "period": "Q4",
        "revenue": 529745000,
        "costOfRevenue": 386509000,
        "grossProfit": 143236000,
        "grossProfitRatio": 0.2703866955,
        "researchAndDevelopmentExpenses": 0,
        "generalAndAdministrativeExpenses": 0,
        "sellingAndMarketingExpenses": 0,
        "sellingGeneralAndAdministrativeExpenses": 104581000,
        "otherExpenses": 0,
        "operatingExpenses": 104581000,
        "costAndExpenses": 491090000,
        "interestIncome": 0,
        "interestExpense": 0,
        "depreciationAndAmortization": 4963000,
        "ebitda": 43618000,
        "ebitdaratio": 0.0823377285,
        "operatingIncome": 38655000,
        "operatingIncomeRatio": 0.07296907,
        "totalOtherIncomeExpensesNet": -40000,
        "incomeBeforeTax": 38615000,
        "incomeBeforeTaxRatio": 0.072893562,
        "incomeTaxExpense": 14178000,
        "netIncome": 24437000,
        "netIncomeRatio": 0.0461297417,
        "eps": 0.58,
        "epsdiluted": 0.57,
        "weightedAverageShsOut": 42316000,
        "weightedAverageShsOutDil": 42982000,
        "link": "https://www.sec.gov/Archives/edgar/data/109563/000136231008004784/0001362310-08-004784-index.htm",
        "finalLink": "https://www.sec.gov/Archives/edgar/data/109563/000136231008004784/c74801e10vk.htm"
    },
    {
        "date": "2008-03-31",
        "symbol": "AIT",
        "reportedCurrency": "USD",
        "cik": "0000109563",
        "fillingDate": "2008-05-01",
        "acceptedDate": "2008-05-01 17:12:29",
        "calendarYear": "2008",
        "period": "Q3",
        "revenue": 530156000,
        "costOfRevenue": 385656000,
        "grossProfit": 144500000,
        "grossProfitRatio": 0.2725612838,
        "researchAndDevelopmentExpenses": 0,
        "generalAndAdministrativeExpenses": 0,
        "sellingAndMarketingExpenses": 0,
        "sellingGeneralAndAdministrativeExpenses": 106815000,
        "otherExpenses": 0,
        "operatingExpenses": 106815000,
        "costAndExpenses": 492471000,
        "interestIncome": 0,
        "interestExpense": 241000,
        "depreciationAndAmortization": 3002000,
        "ebitda": 40687000,
        "ebitdaratio": 0.0767453353,
        "operatingIncome": 37685000,
        "operatingIncomeRatio": 0.0710828511,
        "totalOtherIncomeExpensesNet": -403000,
        "incomeBeforeTax": 37282000,
        "incomeBeforeTaxRatio": 0.0703226975,
        "incomeTaxExpense": 13687000,
        "netIncome": 23595000,
        "netIncomeRatio": 0.0445057681,
        "eps": 0.55,
        "epsdiluted": 0.55,
        "weightedAverageShsOut": 42558000,
        "weightedAverageShsOutDil": 43259000,
        "link": "https://www.sec.gov/Archives/edgar/data/109563/000095015208003327/0000950152-08-003327-index.htm",
        "finalLink": "https://www.sec.gov/Archives/edgar/data/109563/000095015208003327/l31334ae10vq.htm"
    },
    {
        "date": "2007-12-31",
        "symbol": "AIT",
        "reportedCurrency": "USD",
        "cik": "0000109563",
        "fillingDate": "2008-02-01",
        "acceptedDate": "2008-02-01 09:14:40",
        "calendarYear": "2008",
        "period": "Q2",
        "revenue": 511008000,
        "costOfRevenue": 371517000,
        "grossProfit": 139491000,
        "grossProfitRatio": 0.2729722431,
        "researchAndDevelopmentExpenses": 0,
        "generalAndAdministrativeExpenses": 0,
        "sellingAndMarketingExpenses": 0,
        "sellingGeneralAndAdministrativeExpenses": 102223000,
        "otherExpenses": 0,
        "operatingExpenses": 102223000,
        "costAndExpenses": 473740000,
        "interestIncome": 0,
        "interestExpense": 1000,
        "depreciationAndAmortization": 3021000,
        "ebitda": 40289000,
        "ebitdaratio": 0.0788422099,
        "operatingIncome": 37268000,
        "operatingIncomeRatio": 0.0729303651,
        "totalOtherIncomeExpensesNet": -162000,
        "incomeBeforeTax": 37106000,
        "incomeBeforeTaxRatio": 0.0726133446,
        "incomeTaxExpense": 14139000,
        "netIncome": 22967000,
        "netIncomeRatio": 0.0449445018,
        "eps": 0.53,
        "epsdiluted": 0.52,
        "weightedAverageShsOut": 43143000,
        "weightedAverageShsOutDil": 43949000,
        "link": "https://www.sec.gov/Archives/edgar/data/109563/000095015208000715/0000950152-08-000715-index.htm",
        "finalLink": "https://www.sec.gov/Archives/edgar/data/109563/000095015208000715/l29800ae10vq.htm"
    },
    {
        "date": "2007-09-30",
        "symbol": "AIT",
        "reportedCurrency": "USD",
        "cik": "0000109563",
        "fillingDate": "2007-10-29",
        "acceptedDate": "2007-10-29 15:28:14",
        "calendarYear": "2008",
        "period": "Q1",
        "revenue": 518547000,
        "costOfRevenue": 376491000,
        "grossProfit": 142056000,
        "grossProfitRatio": 0.2739500952,
        "researchAndDevelopmentExpenses": 0,
        "generalAndAdministrativeExpenses": 0,
        "sellingAndMarketingExpenses": 0,
        "sellingGeneralAndAdministrativeExpenses": 102840000,
        "otherExpenses": 0,
        "operatingExpenses": 102840000,
        "costAndExpenses": 479331000,
        "interestIncome": 0,
        "interestExpense": 274000,
        "depreciationAndAmortization": 3058000,
        "ebitda": 42274000,
        "ebitdaratio": 0.0815239506,
        "operatingIncome": 39216000,
        "operatingIncomeRatio": 0.0756267031,
        "totalOtherIncomeExpensesNet": -504000,
        "incomeBeforeTax": 38712000,
        "incomeBeforeTaxRatio": 0.0746547565,
        "incomeTaxExpense": 14255000,
        "netIncome": 24457000,
        "netIncomeRatio": 0.0471644808,
        "eps": 0.57,
        "epsdiluted": 0.56,
        "weightedAverageShsOut": 43182000,
        "weightedAverageShsOutDil": 43673214,
        "link": "https://www.sec.gov/Archives/edgar/data/109563/000095015207008312/0000950152-07-008312-index.htm",
        "finalLink": "https://www.sec.gov/Archives/edgar/data/109563/000095015207008312/l28492ae10vq.htm"
    },
    {
        "date": "2007-06-30",
        "symbol": "AIT",
        "reportedCurrency": "USD",
        "cik": "0000109563",
        "fillingDate": "2007-08-27",
        "acceptedDate": "2007-08-27 17:04:23",
        "calendarYear": "2007",
        "period": "Q4",
        "revenue": 528025000,
        "costOfRevenue": 385830000,
        "grossProfit": 142195000,
        "grossProfitRatio": 0.2692959614,
        "researchAndDevelopmentExpenses": 0,
        "generalAndAdministrativeExpenses": 0,
        "sellingAndMarketingExpenses": 0,
        "sellingGeneralAndAdministrativeExpenses": 103595000,
        "otherExpenses": 0,
        "operatingExpenses": 103595000,
        "costAndExpenses": 489425000,
        "interestIncome": 0,
        "interestExpense": 0,
        "depreciationAndAmortization": 3535000,
        "ebitda": 42135000,
        "ebitdaratio": 0.0797973581,
        "operatingIncome": 38600000,
        "operatingIncomeRatio": 0.0731025993,
        "totalOtherIncomeExpensesNet": -272000,
        "incomeBeforeTax": 38328000,
        "incomeBeforeTaxRatio": 0.0725874722,
        "incomeTaxExpense": 13688000,
        "netIncome": 24640000,
        "netIncomeRatio": 0.0466644572,
        "eps": 0.57,
        "epsdiluted": 0.56,
        "weightedAverageShsOut": 43182000,
        "weightedAverageShsOutDil": 43673214,
        "link": "https://www.sec.gov/Archives/edgar/data/109563/000095015207007127/0000950152-07-007127-index.htm",
        "finalLink": "https://www.sec.gov/Archives/edgar/data/109563/000095015207007127/l27761ae10vk.htm"
    },
    {
        "date": "2007-03-31",
        "symbol": "AIT",
        "reportedCurrency": "USD",
        "cik": "0000109563",
        "fillingDate": "2007-05-04",
        "acceptedDate": "2007-05-04 11:51:54",
        "calendarYear": "2007",
        "period": "Q3",
        "revenue": 521129000,
        "costOfRevenue": 380557000,
        "grossProfit": 140572000,
        "grossProfitRatio": 0.2697451111,
        "researchAndDevelopmentExpenses": 0,
        "generalAndAdministrativeExpenses": 0,
        "sellingAndMarketingExpenses": 0,
        "sellingGeneralAndAdministrativeExpenses": 106467000,
        "otherExpenses": 0,
        "operatingExpenses": 106467000,
        "costAndExpenses": 487024000,
        "interestIncome": 0,
        "interestExpense": 749000,
        "depreciationAndAmortization": 3601000,
        "ebitda": 37706000,
        "ebitdaratio": 0.0723544458,
        "operatingIncome": 34105000,
        "operatingIncomeRatio": 0.0654444485,
        "totalOtherIncomeExpensesNet": -441000,
        "incomeBeforeTax": 33664000,
        "incomeBeforeTaxRatio": 0.0645982089,
        "incomeTaxExpense": 11967000,
        "netIncome": 21697000,
        "netIncomeRatio": 0.0416346049,
        "eps": 0.5,
        "epsdiluted": 0.49,
        "weightedAverageShsOut": 43616000,
        "weightedAverageShsOutDil": 44414000,
        "link": "https://www.sec.gov/Archives/edgar/data/109563/000095015207003914/0000950152-07-003914-index.htm",
        "finalLink": "https://www.sec.gov/Archives/edgar/data/109563/000095015207003914/l25965ae10vq.htm"
    },
    {
        "date": "2006-12-31",
        "symbol": "AIT",
        "reportedCurrency": "USD",
        "cik": "0000109563",
        "fillingDate": "2007-01-26",
        "acceptedDate": "2007-01-26 15:23:21",
        "calendarYear": "2007",
        "period": "Q2",
        "revenue": 472365000,
        "costOfRevenue": 342214000,
        "grossProfit": 130151000,
        "grossProfitRatio": 0.2755305749,
        "researchAndDevelopmentExpenses": 0,
        "generalAndAdministrativeExpenses": 0,
        "sellingAndMarketingExpenses": 0,
        "sellingGeneralAndAdministrativeExpenses": 101222000,
        "otherExpenses": 0,
        "operatingExpenses": 101222000,
        "costAndExpenses": 443436000,
        "interestIncome": 0,
        "interestExpense": 610000,
        "depreciationAndAmortization": 3257000,
        "ebitda": 32186000,
        "ebitdaratio": 0.0681379865,
        "operatingIncome": 28929000,
        "operatingIncomeRatio": 0.0612428948,
        "totalOtherIncomeExpensesNet": 3190000,
        "incomeBeforeTax": 29039000,
        "incomeBeforeTaxRatio": 0.0614757656,
        "incomeTaxExpense": 10471000,
        "netIncome": 18568000,
        "netIncomeRatio": 0.0393085855,
        "eps": 0.43,
        "epsdiluted": 0.42,
        "weightedAverageShsOut": 43684000,
        "weightedAverageShsOutDil": 44630000,
        "link": "https://www.sec.gov/Archives/edgar/data/109563/000095015207000528/0000950152-07-000528-index.htm",
        "finalLink": "https://www.sec.gov/Archives/edgar/data/109563/000095015207000528/l24197ae10vq.htm"
    },
    {
        "date": "2006-09-30",
        "symbol": "AIT",
        "reportedCurrency": "USD",
        "cik": "0000109563",
        "fillingDate": "2006-10-30",
        "acceptedDate": "2006-10-30 17:15:16",
        "calendarYear": "2007",
        "period": "Q1",
        "revenue": 492590000,
        "costOfRevenue": 357456000,
        "grossProfit": 135134000,
        "grossProfitRatio": 0.2743336243,
        "researchAndDevelopmentExpenses": 0,
        "generalAndAdministrativeExpenses": 0,
        "sellingAndMarketingExpenses": 0,
        "sellingGeneralAndAdministrativeExpenses": 101757000,
        "otherExpenses": 0,
        "operatingExpenses": 101757000,
        "costAndExpenses": 459213000,
        "interestIncome": 0,
        "interestExpense": 647000,
        "depreciationAndAmortization": 3350000,
        "ebitda": 36727000,
        "ebitdaratio": 0.0745589638,
        "operatingIncome": 33377000,
        "operatingIncomeRatio": 0.0677581762,
        "totalOtherIncomeExpensesNet": -578000,
        "incomeBeforeTax": 32799000,
        "incomeBeforeTaxRatio": 0.0665847865,
        "incomeTaxExpense": 11682000,
        "netIncome": 21117000,
        "netIncomeRatio": 0.0428693234,
        "eps": 0.48,
        "epsdiluted": 0.47,
        "weightedAverageShsOut": 43937000,
        "weightedAverageShsOutDil": 44845000,
        "link": "https://www.sec.gov/Archives/edgar/data/109563/000095015206008576/0000950152-06-008576-index.htm",
        "finalLink": "https://www.sec.gov/Archives/edgar/data/109563/000095015206008576/l22640ae10vq.htm"
    },
    {
        "date": "2006-06-30",
        "symbol": "AIT",
        "reportedCurrency": "USD",
        "cik": "0000109563",
        "fillingDate": "2006-08-28",
        "acceptedDate": "2006-08-28 16:22:19",
        "calendarYear": "2006",
        "period": "Q4",
        "revenue": 504197000,
        "costOfRevenue": 370828000,
        "grossProfit": 133369000,
        "grossProfitRatio": 0.2645176389,
        "researchAndDevelopmentExpenses": 0,
        "generalAndAdministrativeExpenses": 0,
        "sellingAndMarketingExpenses": 0,
        "sellingGeneralAndAdministrativeExpenses": 102878000,
        "otherExpenses": 0,
        "operatingExpenses": 102878000,
        "costAndExpenses": 473706000,
        "interestIncome": 0,
        "interestExpense": 0,
        "depreciationAndAmortization": 2337000,
        "ebitda": 32828000,
        "ebitdaratio": 0.0651094711,
        "operatingIncome": 30491000,
        "operatingIncomeRatio": 0.0604743781,
        "totalOtherIncomeExpensesNet": -326000,
        "incomeBeforeTax": 30165000,
        "incomeBeforeTaxRatio": 0.0598278054,
        "incomeTaxExpense": 10000000,
        "netIncome": 20165000,
        "netIncomeRatio": 0.0399942879,
        "eps": 0.46,
        "epsdiluted": 0.45,
        "weightedAverageShsOut": 43937000,
        "weightedAverageShsOutDil": 44845000,
        "link": "https://www.sec.gov/Archives/edgar/data/109563/000095015206007266/0000950152-06-007266-index.htm",
        "finalLink": "https://www.sec.gov/Archives/edgar/data/109563/000095015206007266/l22078ae10vk.txt"
    },
    {
        "date": "2006-03-31",
        "symbol": "AIT",
        "reportedCurrency": "USD",
        "cik": "0000109563",
        "fillingDate": "2006-04-28",
        "acceptedDate": "2006-04-28 14:08:15",
        "calendarYear": "2006",
        "period": "Q3",
        "revenue": 497198000,
        "costOfRevenue": 360383000,
        "grossProfit": 136815000,
        "grossProfitRatio": 0.2751720642,
        "researchAndDevelopmentExpenses": 0,
        "generalAndAdministrativeExpenses": 0,
        "sellingAndMarketingExpenses": 0,
        "sellingGeneralAndAdministrativeExpenses": 104730000,
        "otherExpenses": 0,
        "operatingExpenses": 104730000,
        "costAndExpenses": 465113000,
        "interestIncome": 0,
        "interestExpense": 0,
        "depreciationAndAmortization": 3376000,
        "ebitda": 35461000,
        "ebitdaratio": 0.0713216867,
        "operatingIncome": 32085000,
        "operatingIncomeRatio": 0.0645316353,
        "totalOtherIncomeExpensesNet": -595000,
        "incomeBeforeTax": 31490000,
        "incomeBeforeTaxRatio": 0.0633349289,
        "incomeTaxExpense": 11500000,
        "netIncome": 19990000,
        "netIncomeRatio": 0.0402053106,
        "eps": 0.3,
        "epsdiluted": 0.44,
        "weightedAverageShsOut": 44449750,
        "weightedAverageShsOutDil": 45723500,
        "link": "https://www.sec.gov/Archives/edgar/data/109563/000095015206003655/0000950152-06-003655-index.htm",
        "finalLink": "https://www.sec.gov/Archives/edgar/data/109563/000095015206003655/l19915ae10vq.txt"
    },
    {
        "date": "2005-12-31",
        "symbol": "AIT",
        "reportedCurrency": "USD",
        "cik": "0000109563",
        "fillingDate": "2006-01-27",
        "acceptedDate": "2006-01-27 14:12:01",
        "calendarYear": "2006",
        "period": "Q2",
        "revenue": 456180000,
        "costOfRevenue": 334783000,
        "grossProfit": 121397000,
        "grossProfitRatio": 0.2661164453,
        "researchAndDevelopmentExpenses": 0,
        "generalAndAdministrativeExpenses": 0,
        "sellingAndMarketingExpenses": 0,
        "sellingGeneralAndAdministrativeExpenses": 96183000,
        "otherExpenses": 0,
        "operatingExpenses": 96183000,
        "costAndExpenses": 430966000,
        "interestIncome": 0,
        "interestExpense": 0,
        "depreciationAndAmortization": 3426000,
        "ebitda": 28640000,
        "ebitdaratio": 0.0627822351,
        "operatingIncome": 25214000,
        "operatingIncomeRatio": 0.0552720417,
        "totalOtherIncomeExpensesNet": -650000,
        "incomeBeforeTax": 24564000,
        "incomeBeforeTaxRatio": 0.0538471656,
        "incomeTaxExpense": 9270000,
        "netIncome": 15294000,
        "netIncomeRatio": 0.0335262396,
        "eps": 0.34,
        "epsdiluted": 0.33,
        "weightedAverageShsOut": 44449750,
        "weightedAverageShsOutDil": 45723500,
        "link": "https://www.sec.gov/Archives/edgar/data/109563/000095015206000541/0000950152-06-000541-index.htm",
        "finalLink": "https://www.sec.gov/Archives/edgar/data/109563/000095015206000541/l18146ae10vq.txt"
    },
    {
        "date": "2005-09-30",
        "symbol": "AIT",
        "reportedCurrency": "USD",
        "cik": "0000109563",
        "fillingDate": "2005-10-28",
        "acceptedDate": "2005-10-28 10:13:11",
        "calendarYear": "2006",
        "period": "Q1",
        "revenue": 443205000,
        "costOfRevenue": 320901000,
        "grossProfit": 122304000,
        "grossProfitRatio": 0.2759535655,
        "researchAndDevelopmentExpenses": 0,
        "generalAndAdministrativeExpenses": 0,
        "sellingAndMarketingExpenses": 0,
        "sellingGeneralAndAdministrativeExpenses": 94502000,
        "otherExpenses": 0,
        "operatingExpenses": 94502000,
        "costAndExpenses": 415403000,
        "interestIncome": 0,
        "interestExpense": 0,
        "depreciationAndAmortization": 3198000,
        "ebitda": 31000000,
        "ebitdaratio": 0.0699450593,
        "operatingIncome": 27802000,
        "operatingIncomeRatio": 0.0627294367,
        "totalOtherIncomeExpensesNet": -922000,
        "incomeBeforeTax": 26880000,
        "incomeBeforeTaxRatio": 0.0606491353,
        "incomeTaxExpense": 10030000,
        "netIncome": 16850000,
        "netIncomeRatio": 0.0380185242,
        "eps": 0.38,
        "epsdiluted": 0.37,
        "weightedAverageShsOut": 44449750,
        "weightedAverageShsOutDil": 45723500,
        "link": "https://www.sec.gov/Archives/edgar/data/109563/000095015205008510/0000950152-05-008510-index.htm",
        "finalLink": "https://www.sec.gov/Archives/edgar/data/109563/000095015205008510/l16605ae10vq.txt"
    },
    {
        "date": "2005-06-30",
        "symbol": "AIT",
        "reportedCurrency": "USD",
        "cik": "0000109563",
        "fillingDate": "2005-09-02",
        "acceptedDate": "2005-09-02 09:06:16",
        "calendarYear": "2005",
        "period": "Q4",
        "revenue": 453320000,
        "costOfRevenue": 331234000,
        "grossProfit": 122086000,
        "grossProfitRatio": 0.269315274,
        "researchAndDevelopmentExpenses": 0,
        "generalAndAdministrativeExpenses": 0,
        "sellingAndMarketingExpenses": 0,
        "sellingGeneralAndAdministrativeExpenses": 96924000,
        "otherExpenses": 0,
        "operatingExpenses": 96924000,
        "costAndExpenses": 428158000,
        "interestIncome": 0,
        "interestExpense": 0,
        "depreciationAndAmortization": 3370000,
        "ebitda": 28532000,
        "ebitdaratio": 0.0629400865,
        "operatingIncome": 25162000,
        "operatingIncomeRatio": 0.0555060443,
        "totalOtherIncomeExpensesNet": -579000,
        "incomeBeforeTax": 24583000,
        "incomeBeforeTaxRatio": 0.0542288008,
        "incomeTaxExpense": 8600000,
        "netIncome": 15983000,
        "netIncomeRatio": 0.0352576546,
        "eps": 0.36,
        "epsdiluted": 0.34,
        "weightedAverageShsOut": 44962500,
        "weightedAverageShsOutDil": 46602000,
        "link": "https://www.sec.gov/Archives/edgar/data/109563/000095015205007434/0000950152-05-007434-index.htm",
        "finalLink": "https://www.sec.gov/Archives/edgar/data/109563/000095015205007434/l15848ae10vk.txt"
    },
    {
        "date": "2005-03-31",
        "symbol": "AIT",
        "reportedCurrency": "USD",
        "cik": "0000109563",
        "fillingDate": "2005-05-03",
        "acceptedDate": "2005-05-03 16:17:34",
        "calendarYear": "2005",
        "period": "Q3",
        "revenue": 446470000,
        "costOfRevenue": 327177000,
        "grossProfit": 119293000,
        "grossProfitRatio": 0.2671915246,
        "researchAndDevelopmentExpenses": 0,
        "generalAndAdministrativeExpenses": 0,
        "sellingAndMarketingExpenses": 0,
        "sellingGeneralAndAdministrativeExpenses": 95213000,
        "otherExpenses": 0,
        "operatingExpenses": 95213000,
        "costAndExpenses": 422390000,
        "interestIncome": 0,
        "interestExpense": 0,
        "depreciationAndAmortization": 2354000,
        "ebitda": 26434000,
        "ebitdaratio": 0.0592066656,
        "operatingIncome": 24080000,
        "operatingIncomeRatio": 0.0539341949,
        "totalOtherIncomeExpensesNet": 1426000,
        "incomeBeforeTax": 25506000,
        "incomeBeforeTaxRatio": 0.0571281385,
        "incomeTaxExpense": 9170000,
        "netIncome": 16336000,
        "netIncomeRatio": 0.0365892445,
        "eps": 0.37,
        "epsdiluted": 0.35,
        "weightedAverageShsOut": 44785500,
        "weightedAverageShsOutDil": 46311000,
        "link": "https://www.sec.gov/Archives/edgar/data/109563/000095015205003875/0000950152-05-003875-index.htm",
        "finalLink": "https://www.sec.gov/Archives/edgar/data/109563/000095015205003875/l13272ae10vq.txt"
    },
    {
        "date": "2004-12-31",
        "symbol": "AIT",
        "reportedCurrency": "USD",
        "cik": "0000109563",
        "fillingDate": "2005-02-09",
        "acceptedDate": "2005-02-09 11:18:44",
        "calendarYear": "2005",
        "period": "Q2",
        "revenue": 404139000,
        "costOfRevenue": 300191000,
        "grossProfit": 103948000,
        "grossProfitRatio": 0.2572085347,
        "researchAndDevelopmentExpenses": 0,
        "generalAndAdministrativeExpenses": 0,
        "sellingAndMarketingExpenses": 0,
        "sellingGeneralAndAdministrativeExpenses": 86725000,
        "otherExpenses": 0,
        "operatingExpenses": 86725000,
        "costAndExpenses": 386916000,
        "interestIncome": 0,
        "interestExpense": 0,
        "depreciationAndAmortization": 4545000,
        "ebitda": 21768000,
        "ebitdaratio": 0.0538626562,
        "operatingIncome": 17223000,
        "operatingIncomeRatio": 0.0426165255,
        "totalOtherIncomeExpensesNet": -1443000,
        "incomeBeforeTax": 15780000,
        "incomeBeforeTaxRatio": 0.0390459718,
        "incomeTaxExpense": 5800000,
        "netIncome": 9980000,
        "netIncomeRatio": 0.0246944739,
        "eps": 0.23,
        "epsdiluted": 0.22,
        "weightedAverageShsOut": 44370000,
        "weightedAverageShsOutDil": 46006500,
        "link": "https://www.sec.gov/Archives/edgar/data/109563/000095015205000888/0000950152-05-000888-index.htm",
        "finalLink": "https://www.sec.gov/Archives/edgar/data/109563/000095015205000888/l11748ae10vq.txt"
    },
    {
        "date": "2004-09-30",
        "symbol": "AIT",
        "reportedCurrency": "USD",
        "cik": "0000109563",
        "fillingDate": "2004-11-05",
        "acceptedDate": "2004-11-05 11:25:09",
        "calendarYear": "2005",
        "period": "Q1",
        "revenue": 413126000,
        "costOfRevenue": 303604000,
        "grossProfit": 109522000,
        "grossProfitRatio": 0.265105561,
        "researchAndDevelopmentExpenses": 0,
        "generalAndAdministrativeExpenses": 0,
        "sellingAndMarketingExpenses": 0,
        "sellingGeneralAndAdministrativeExpenses": 88019000,
        "otherExpenses": 0,
        "operatingExpenses": 88019000,
        "costAndExpenses": 391623000,
        "interestIncome": 0,
        "interestExpense": 0,
        "depreciationAndAmortization": 3499000,
        "ebitda": 25002000,
        "ebitdaratio": 0.0605190668,
        "operatingIncome": 21503000,
        "operatingIncomeRatio": 0.0520494958,
        "totalOtherIncomeExpensesNet": -1033000,
        "incomeBeforeTax": 20470000,
        "incomeBeforeTaxRatio": 0.049549048,
        "incomeTaxExpense": 7430000,
        "netIncome": 13040000,
        "netIncomeRatio": 0.0315642201,
        "eps": 0.2,
        "epsdiluted": 0.29,
        "weightedAverageShsOut": 44113500,
        "weightedAverageShsOutDil": 45629250,
        "link": "https://www.sec.gov/Archives/edgar/data/109563/000095015204007947/0000950152-04-007947-index.htm",
        "finalLink": "https://www.sec.gov/Archives/edgar/data/109563/000095015204007947/l09908ae10vq.txt"
    },
    {
        "date": "2004-06-30",
        "symbol": "AIT",
        "reportedCurrency": "USD",
        "cik": "0000109563",
        "fillingDate": "2004-09-09",
        "acceptedDate": "2004-09-09 09:44:10",
        "calendarYear": "2004",
        "period": "Q4",
        "revenue": 405094000,
        "costOfRevenue": 296017000,
        "grossProfit": 109077000,
        "grossProfitRatio": 0.2692634302,
        "researchAndDevelopmentExpenses": 0,
        "generalAndAdministrativeExpenses": 0,
        "sellingAndMarketingExpenses": 0,
        "sellingGeneralAndAdministrativeExpenses": 90755000,
        "otherExpenses": 0,
        "operatingExpenses": 90755000,
        "costAndExpenses": 386772000,
        "interestIncome": 0,
        "interestExpense": 0,
        "depreciationAndAmortization": 3370000,
        "ebitda": 21692000,
        "ebitdaratio": 0.0535480654,
        "operatingIncome": 18322000,
        "operatingIncomeRatio": 0.0452290086,
        "totalOtherIncomeExpensesNet": -1257000,
        "incomeBeforeTax": 17065000,
        "incomeBeforeTaxRatio": 0.0421260251,
        "incomeTaxExpense": 6170000,
        "netIncome": 10895000,
        "netIncomeRatio": 0.0268949923,
        "eps": 0.25,
        "epsdiluted": 0.24,
        "weightedAverageShsOut": 43857000,
        "weightedAverageShsOutDil": 45252000,
        "link": "https://www.sec.gov/Archives/edgar/data/109563/000095015204006757/0000950152-04-006757-index.htm",
        "finalLink": "https://www.sec.gov/Archives/edgar/data/109563/000095015204006757/l09472ae10vk.txt"
    },
    {
        "date": "2004-03-31",
        "symbol": "AIT",
        "reportedCurrency": "USD",
        "cik": "0000109563",
        "fillingDate": "2004-05-13",
        "acceptedDate": "2004-05-13 14:08:12",
        "calendarYear": "2004",
        "period": "Q3",
        "revenue": 391053000,
        "costOfRevenue": 286630000,
        "grossProfit": 104423000,
        "grossProfitRatio": 0.2670303002,
        "researchAndDevelopmentExpenses": 0,
        "generalAndAdministrativeExpenses": 0,
        "sellingAndMarketingExpenses": 0,
        "sellingGeneralAndAdministrativeExpenses": 89543000,
        "otherExpenses": 0,
        "operatingExpenses": 89543000,
        "costAndExpenses": 376173000,
        "interestIncome": 0,
        "interestExpense": 0,
        "depreciationAndAmortization": 4472000,
        "ebitda": 19352000,
        "ebitdaratio": 0.0494868982,
        "operatingIncome": 14880000,
        "operatingIncomeRatio": 0.0380511082,
        "totalOtherIncomeExpensesNet": -939000,
        "incomeBeforeTax": 13941000,
        "incomeBeforeTaxRatio": 0.0356498991,
        "incomeTaxExpense": 3330000,
        "netIncome": 10611000,
        "netIncomeRatio": 0.0271344293,
        "eps": 0.24,
        "epsdiluted": 0.24,
        "weightedAverageShsOut": 43416000,
        "weightedAverageShsOutDil": 44226000,
        "link": "https://www.sec.gov/Archives/edgar/data/109563/000095015204003947/0000950152-04-003947-index.htm",
        "finalLink": "https://www.sec.gov/Archives/edgar/data/109563/000095015204003947/l06842ae10vq.txt"
    },
    {
        "date": "2003-12-31",
        "symbol": "AIT",
        "reportedCurrency": "USD",
        "cik": "0000109563",
        "fillingDate": "2004-02-09",
        "acceptedDate": "2004-02-09 14:15:49",
        "calendarYear": "2004",
        "period": "Q2",
        "revenue": 359711000,
        "costOfRevenue": 264545000,
        "grossProfit": 95166000,
        "grossProfitRatio": 0.2645623848,
        "researchAndDevelopmentExpenses": 0,
        "generalAndAdministrativeExpenses": 0,
        "sellingAndMarketingExpenses": 0,
        "sellingGeneralAndAdministrativeExpenses": 85916000,
        "otherExpenses": 0,
        "operatingExpenses": 85916000,
        "costAndExpenses": 350461000,
        "interestIncome": 0,
        "interestExpense": 0,
        "depreciationAndAmortization": 4325000,
        "ebitda": 13575000,
        "ebitdaratio": 0.0377386291,
        "operatingIncome": 9250000,
        "operatingIncomeRatio": 0.0257150879,
        "totalOtherIncomeExpensesNet": -1297000,
        "incomeBeforeTax": 7953000,
        "incomeBeforeTaxRatio": 0.0221094156,
        "incomeTaxExpense": 2820000,
        "netIncome": 5133000,
        "netIncomeRatio": 0.0142697888,
        "eps": 0.12,
        "epsdiluted": 0.12,
        "weightedAverageShsOut": 43092000,
        "weightedAverageShsOutDil": 43952625,
        "link": "https://www.sec.gov/Archives/edgar/data/109563/000095015204000828/0000950152-04-000828-index.htm",
        "finalLink": "https://www.sec.gov/Archives/edgar/data/109563/000095015204000828/l05488ae10vq.txt"
    },
    {
        "date": "2003-09-30",
        "symbol": "AIT",
        "reportedCurrency": "USD",
        "cik": "0000109563",
        "fillingDate": "2003-11-13",
        "acceptedDate": "2003-11-13 14:08:03",
        "calendarYear": "2004",
        "period": "Q1",
        "revenue": 361146000,
        "costOfRevenue": 267669000,
        "grossProfit": 93477000,
        "grossProfitRatio": 0.2588343772,
        "researchAndDevelopmentExpenses": 0,
        "generalAndAdministrativeExpenses": 0,
        "sellingAndMarketingExpenses": 0,
        "sellingGeneralAndAdministrativeExpenses": 84481000,
        "otherExpenses": 0,
        "operatingExpenses": 84481000,
        "costAndExpenses": 352150000,
        "interestIncome": 0,
        "interestExpense": 0,
        "depreciationAndAmortization": 4085000,
        "ebitda": 13081000,
        "ebitdaratio": 0.0362208082,
        "operatingIncome": 8996000,
        "operatingIncomeRatio": 0.0249095934,
        "totalOtherIncomeExpensesNet": -1484000,
        "incomeBeforeTax": 7512000,
        "incomeBeforeTaxRatio": 0.0208004519,
        "incomeTaxExpense": 2680000,
        "netIncome": 4832000,
        "netIncomeRatio": 0.0133796304,
        "eps": 0.11,
        "epsdiluted": 0.11,
        "weightedAverageShsOut": 42768000,
        "weightedAverageShsOutDil": 43679250,
        "link": "https://www.sec.gov/Archives/edgar/data/109563/000095015203009666/0000950152-03-009666-index.htm",
        "finalLink": "https://www.sec.gov/Archives/edgar/data/109563/000095015203009666/l03578ae10vq.txt"
    },
    {
        "date": "2003-06-30",
        "symbol": "AIT",
        "reportedCurrency": "USD",
        "cik": "0000109563",
        "fillingDate": "2003-09-17",
        "acceptedDate": "2003-09-17 09:51:58",
        "calendarYear": "2003",
        "period": "Q4",
        "revenue": 372438000,
        "costOfRevenue": 271968000,
        "grossProfit": 100470000,
        "grossProfitRatio": 0.269763021,
        "researchAndDevelopmentExpenses": 0,
        "generalAndAdministrativeExpenses": 0,
        "sellingAndMarketingExpenses": 0,
        "sellingGeneralAndAdministrativeExpenses": 89534000,
        "otherExpenses": 0,
        "operatingExpenses": 89534000,
        "costAndExpenses": 361502000,
        "interestIncome": 0,
        "interestExpense": 0,
        "depreciationAndAmortization": 3834000,
        "ebitda": 14770000,
        "ebitdaratio": 0.0396576074,
        "operatingIncome": 10936000,
        "operatingIncomeRatio": 0.0293632766,
        "totalOtherIncomeExpensesNet": 868000,
        "incomeBeforeTax": 11804000,
        "incomeBeforeTaxRatio": 0.0316938658,
        "incomeTaxExpense": 4120000,
        "netIncome": 7684000,
        "netIncomeRatio": 0.0206316219,
        "eps": 0.18,
        "epsdiluted": 0.18,
        "weightedAverageShsOut": 42768000,
        "weightedAverageShsOutDil": 43679250,
        "link": "https://www.sec.gov/Archives/edgar/data/109563/000095015203008299/0000950152-03-008299-index.htm",
        "finalLink": "https://www.sec.gov/Archives/edgar/data/109563/000095015203008299/l03051ae10vk.txt"
    },
    {
        "date": "2003-03-31",
        "symbol": "AIT",
        "reportedCurrency": "USD",
        "cik": "0000109563",
        "fillingDate": "2003-05-15",
        "acceptedDate": "2003-05-15 09:23:55",
        "calendarYear": "2003",
        "period": "Q3",
        "revenue": 368203000,
        "costOfRevenue": 270471000,
        "grossProfit": 97732000,
        "grossProfitRatio": 0.2654296679,
        "researchAndDevelopmentExpenses": 0,
        "generalAndAdministrativeExpenses": 0,
        "sellingAndMarketingExpenses": 0,
        "sellingGeneralAndAdministrativeExpenses": 87578000,
        "otherExpenses": 0,
        "operatingExpenses": 87578000,
        "costAndExpenses": 358049000,
        "interestIncome": 0,
        "interestExpense": 0,
        "depreciationAndAmortization": 3748000,
        "ebitda": 13902000,
        "ebitdaratio": 0.0377563464,
        "operatingIncome": 10154000,
        "operatingIncomeRatio": 0.0275771789,
        "totalOtherIncomeExpensesNet": -3261000,
        "incomeBeforeTax": 6893000,
        "incomeBeforeTaxRatio": 0.0187206514,
        "incomeTaxExpense": 2510000,
        "netIncome": 4383000,
        "netIncomeRatio": 0.0119037596,
        "eps": 0.1,
        "epsdiluted": 0.1,
        "weightedAverageShsOut": 42374250,
        "weightedAverageShsOutDil": 42952500,
        "link": "https://www.sec.gov/Archives/edgar/data/109563/000095015203005535/0000950152-03-005535-index.htm",
        "finalLink": "https://www.sec.gov/Archives/edgar/data/109563/000095015203005535/l01006ae10vq.txt"
    },
    {
        "date": "2002-12-31",
        "symbol": "AIT",
        "reportedCurrency": "USD",
        "cik": "0000109563",
        "fillingDate": "2003-02-12",
        "acceptedDate": "2003-02-12 14:24:55",
        "calendarYear": "2003",
        "period": "Q2",
        "revenue": 355707000,
        "costOfRevenue": 264516000,
        "grossProfit": 91191000,
        "grossProfitRatio": 0.2563654918,
        "researchAndDevelopmentExpenses": 0,
        "generalAndAdministrativeExpenses": 0,
        "sellingAndMarketingExpenses": 0,
        "sellingGeneralAndAdministrativeExpenses": 83871000,
        "otherExpenses": 0,
        "operatingExpenses": 83871000,
        "costAndExpenses": 348387000,
        "interestIncome": 0,
        "interestExpense": 0,
        "depreciationAndAmortization": 3623000,
        "ebitda": 10943000,
        "ebitdaratio": 0.0307640839,
        "operatingIncome": 7320000,
        "operatingIncomeRatio": 0.0205787347,
        "totalOtherIncomeExpensesNet": -1380000,
        "incomeBeforeTax": 5940000,
        "incomeBeforeTaxRatio": 0.0166991372,
        "incomeTaxExpense": 2080000,
        "netIncome": 3860000,
        "netIncomeRatio": 0.0108516279,
        "eps": 0.0889,
        "epsdiluted": 0.0889,
        "weightedAverageShsOut": 42646500,
        "weightedAverageShsOutDil": 43274250,
        "link": "https://www.sec.gov/Archives/edgar/data/109563/000095015203001600/0000950152-03-001600-index.htm",
        "finalLink": "https://www.sec.gov/Archives/edgar/data/109563/000095015203001600/l98887ae10vq.txt"
    },
    {
        "date": "2002-09-30",
        "symbol": "AIT",
        "reportedCurrency": "USD",
        "cik": "0000109563",
        "fillingDate": "2002-11-12",
        "acceptedDate": "2002-11-12 15:03:56",
        "calendarYear": "2003",
        "period": "Q1",
        "revenue": 368019000,
        "costOfRevenue": 278117000,
        "grossProfit": 89902000,
        "grossProfitRatio": 0.2442863004,
        "researchAndDevelopmentExpenses": 0,
        "generalAndAdministrativeExpenses": 0,
        "sellingAndMarketingExpenses": 0,
        "sellingGeneralAndAdministrativeExpenses": 82058000,
        "otherExpenses": 0,
        "operatingExpenses": 82058000,
        "costAndExpenses": 360175000,
        "interestIncome": 0,
        "interestExpense": 0,
        "depreciationAndAmortization": 4000000,
        "ebitda": 11844000,
        "ebitdaratio": 0.032183121,
        "operatingIncome": 7844000,
        "operatingIncomeRatio": 0.0213141169,
        "totalOtherIncomeExpensesNet": -1549000,
        "incomeBeforeTax": 6295000,
        "incomeBeforeTaxRatio": 0.0171050951,
        "incomeTaxExpense": 2390000,
        "netIncome": 3905000,
        "netIncomeRatio": 0.0106108652,
        "eps": 0.0933,
        "epsdiluted": 0.0889,
        "weightedAverageShsOut": 42786000,
        "weightedAverageShsOutDil": 43400250,
        "link": "https://www.sec.gov/Archives/edgar/data/109563/000095015202008306/0000950152-02-008306-index.htm",
        "finalLink": "https://www.sec.gov/Archives/edgar/data/109563/000095015202008306/l96724ae10vq.txt"
    },
    {
        "date": "2002-06-30",
        "symbol": "AIT",
        "reportedCurrency": "USD",
        "cik": "0000109563",
        "fillingDate": "2002-09-23",
        "acceptedDate": "2002-09-23 16:27:23",
        "calendarYear": "2002",
        "period": "Q4",
        "revenue": 369487000,
        "costOfRevenue": 275111000,
        "grossProfit": 94376000,
        "grossProfitRatio": 0.2554244128,
        "researchAndDevelopmentExpenses": 0,
        "generalAndAdministrativeExpenses": 0,
        "sellingAndMarketingExpenses": 0,
        "sellingGeneralAndAdministrativeExpenses": 85519000,
        "otherExpenses": 0,
        "operatingExpenses": 85519000,
        "costAndExpenses": 360630000,
        "interestIncome": 0,
        "interestExpense": 0,
        "depreciationAndAmortization": 4096000,
        "ebitda": 12953000,
        "ebitdaratio": 0.0350567138,
        "operatingIncome": 8857000,
        "operatingIncomeRatio": 0.0239710734,
        "totalOtherIncomeExpensesNet": -2196000,
        "incomeBeforeTax": 6661000,
        "incomeBeforeTaxRatio": 0.0180276979,
        "incomeTaxExpense": 2420000,
        "netIncome": 4241000,
        "netIncomeRatio": 0.0114780764,
        "eps": 0.099,
        "epsdiluted": 0.098,
        "weightedAverageShsOut": 42786000,
        "weightedAverageShsOutDil": 43400250,
        "link": "https://www.sec.gov/Archives/edgar/data/109563/000095015202007147/0000950152-02-007147-index.htm",
        "finalLink": "https://www.sec.gov/Archives/edgar/data/109563/000095015202007147/l96320ae10vk.txt"
    },
    {
        "date": "2002-03-31",
        "symbol": "AIT",
        "reportedCurrency": "USD",
        "cik": "0000109563",
        "fillingDate": "2002-05-08",
        "acceptedDate": "2002-05-08 16:57:42",
        "calendarYear": "2002",
        "period": "Q3",
        "revenue": 361542000,
        "costOfRevenue": 269672000,
        "grossProfit": 91870000,
        "grossProfitRatio": 0.2541060236,
        "researchAndDevelopmentExpenses": 0,
        "generalAndAdministrativeExpenses": 0,
        "sellingAndMarketingExpenses": 0,
        "sellingGeneralAndAdministrativeExpenses": 86037000,
        "otherExpenses": 0,
        "operatingExpenses": 86037000,
        "costAndExpenses": 355709000,
        "interestIncome": 0,
        "interestExpense": 0,
        "depreciationAndAmortization": 3944000,
        "ebitda": 9777000,
        "ebitdaratio": 0.0270425013,
        "operatingIncome": 5833000,
        "operatingIncomeRatio": 0.0161336719,
        "totalOtherIncomeExpensesNet": -1436000,
        "incomeBeforeTax": 4397000,
        "incomeBeforeTaxRatio": 0.0121617959,
        "incomeTaxExpense": 1690000,
        "netIncome": 2707000,
        "netIncomeRatio": 0.0074873735,
        "eps": 0.0622,
        "epsdiluted": 0.0622,
        "weightedAverageShsOut": 42660000,
        "weightedAverageShsOutDil": 43341750,
        "link": "https://www.sec.gov/Archives/edgar/data/109563/000095015202003897/0000950152-02-003897-index.htm",
        "finalLink": "https://www.sec.gov/Archives/edgar/data/109563/000095015202003897/l94373ae10-q.txt"
    },
    {
        "date": "2001-12-31",
        "symbol": "AIT",
        "reportedCurrency": "USD",
        "cik": "0000109563",
        "fillingDate": "2002-02-12",
        "acceptedDate": "2002-02-12 00:00:00",
        "calendarYear": "2002",
        "period": "Q2",
        "revenue": 347550000,
        "costOfRevenue": 260537000,
        "grossProfit": 87013000,
        "grossProfitRatio": 0.2503610991,
        "researchAndDevelopmentExpenses": 0,
        "generalAndAdministrativeExpenses": 0,
        "sellingAndMarketingExpenses": 0,
        "sellingGeneralAndAdministrativeExpenses": 80981000,
        "otherExpenses": 0,
        "operatingExpenses": 80981000,
        "costAndExpenses": 341518000,
        "interestIncome": 0,
        "interestExpense": 0,
        "depreciationAndAmortization": 4787000,
        "ebitda": 10819000,
        "ebitdaratio": 0.0311293339,
        "operatingIncome": 6032000,
        "operatingIncomeRatio": 0.0173557761,
        "totalOtherIncomeExpensesNet": -1304000,
        "incomeBeforeTax": 4728000,
        "incomeBeforeTaxRatio": 0.013603798,
        "incomeTaxExpense": 1810000,
        "netIncome": 2918000,
        "netIncomeRatio": 0.0083959143,
        "eps": 0.0667,
        "epsdiluted": 0.0667,
        "weightedAverageShsOut": 42687000,
        "weightedAverageShsOutDil": 43391250,
        "link": "https://www.sec.gov/Archives/edgar/data/109563/000095015202000979/0000950152-02-000979-index.htm",
        "finalLink": "https://www.sec.gov/Archives/edgar/data/109563/000095015202000979/l92685ae10-q.txt"
    },
    {
        "date": "2001-09-30",
        "symbol": "AIT",
        "reportedCurrency": "USD",
        "cik": "0000109563",
        "fillingDate": "2001-11-09",
        "acceptedDate": "2001-11-09 00:00:00",
        "calendarYear": "2002",
        "period": "Q1",
        "revenue": 367990000,
        "costOfRevenue": 275559000,
        "grossProfit": 92431000,
        "grossProfitRatio": 0.2511780211,
        "researchAndDevelopmentExpenses": 0,
        "generalAndAdministrativeExpenses": 0,
        "sellingAndMarketingExpenses": 0,
        "sellingGeneralAndAdministrativeExpenses": 82319000,
        "otherExpenses": 0,
        "operatingExpenses": 82319000,
        "costAndExpenses": 357878000,
        "interestIncome": 0,
        "interestExpense": 0,
        "depreciationAndAmortization": 4721000,
        "ebitda": 14833000,
        "ebitdaratio": 0.0403081605,
        "operatingIncome": 10112000,
        "operatingIncomeRatio": 0.0274790076,
        "totalOtherIncomeExpensesNet": -2143000,
        "incomeBeforeTax": 7969000,
        "incomeBeforeTaxRatio": 0.0216554798,
        "incomeTaxExpense": 3080000,
        "netIncome": 4889000,
        "netIncomeRatio": 0.0132856871,
        "eps": 0.11,
        "epsdiluted": 0.11,
        "weightedAverageShsOut": 43409235,
        "weightedAverageShsOutDil": 44074349,
        "link": "https://www.sec.gov/Archives/edgar/data/109563/000095015201505550/0000950152-01-505550-index.htm",
        "finalLink": "https://www.sec.gov/Archives/edgar/data/109563/000095015201505550/l90914ae10-q.txt"
    },
    {
        "date": "2001-06-30",
        "symbol": "AIT",
        "reportedCurrency": "USD",
        "cik": "0000109563",
        "fillingDate": "2001-09-19",
        "acceptedDate": "2001-09-19 00:00:00",
        "calendarYear": "2001",
        "period": "Q4",
        "revenue": 390602000,
        "costOfRevenue": 308619000,
        "grossProfit": 81983000,
        "grossProfitRatio": 0.2098888383,
        "researchAndDevelopmentExpenses": 0,
        "generalAndAdministrativeExpenses": 0,
        "sellingAndMarketingExpenses": 0,
        "sellingGeneralAndAdministrativeExpenses": 86063000,
        "otherExpenses": -16923000,
        "operatingExpenses": 69140000,
        "costAndExpenses": 377759000,
        "interestIncome": 0,
        "interestExpense": 0,
        "depreciationAndAmortization": 5586000,
        "ebitda": 1506000,
        "ebitdaratio": 0.003855587,
        "operatingIncome": 12843000,
        "operatingIncomeRatio": 0.032880016,
        "totalOtherIncomeExpensesNet": -2944000,
        "incomeBeforeTax": 9899000,
        "incomeBeforeTaxRatio": 0.0253429322,
        "incomeTaxExpense": 3400000,
        "netIncome": 6499000,
        "netIncomeRatio": 0.0166384197,
        "eps": 0.15,
        "epsdiluted": 0.15,
        "weightedAverageShsOut": 43548750,
        "weightedAverageShsOutDil": 44271000,
        "link": "https://www.sec.gov/Archives/edgar/data/109563/000095015201504565/0000950152-01-504565-index.htm",
        "finalLink": "https://www.sec.gov/Archives/edgar/data/109563/000095015201504565/l90392ae10-k.txt"
    },
    {
        "date": "2001-03-31",
        "symbol": "AIT",
        "reportedCurrency": "USD",
        "cik": "0000109563",
        "fillingDate": "2001-05-11",
        "acceptedDate": "2001-05-11 00:00:00",
        "calendarYear": "2001",
        "period": "Q3",
        "revenue": 408839000,
        "costOfRevenue": 301451000,
        "grossProfit": 107388000,
        "grossProfitRatio": 0.2626657437,
        "researchAndDevelopmentExpenses": 0,
        "generalAndAdministrativeExpenses": 0,
        "sellingAndMarketingExpenses": 0,
        "sellingGeneralAndAdministrativeExpenses": 88797000,
        "otherExpenses": 5351000,
        "operatingExpenses": 94148000,
        "costAndExpenses": 395599000,
        "interestIncome": 0,
        "interestExpense": 0,
        "depreciationAndAmortization": 5351000,
        "ebitda": 23942000,
        "ebitdaratio": 0.0585609494,
        "operatingIncome": 13240000,
        "operatingIncomeRatio": 0.032384386,
        "totalOtherIncomeExpensesNet": -1984000,
        "incomeBeforeTax": 11256000,
        "incomeBeforeTaxRatio": 0.02753162,
        "incomeTaxExpense": 4300000,
        "netIncome": 6956000,
        "netIncomeRatio": 0.0170140324,
        "eps": 0.16,
        "epsdiluted": 0.16,
        "weightedAverageShsOut": 44028000,
        "weightedAverageShsOutDil": 44730000,
        "link": "https://www.sec.gov/Archives/edgar/data/109563/000095015201501691/0000950152-01-501691-index.htm",
        "finalLink": "https://www.sec.gov/Archives/edgar/data/109563/000095015201501691/l87887ae10-q.txt"
    },
    {
        "date": "2000-12-31",
        "symbol": "AIT",
        "reportedCurrency": "USD",
        "cik": "0000109563",
        "fillingDate": "2001-02-13",
        "acceptedDate": "2001-02-13 00:00:00",
        "calendarYear": "2001",
        "period": "Q2",
        "revenue": 405438000,
        "costOfRevenue": 295561000,
        "grossProfit": 109877000,
        "grossProfitRatio": 0.2710081443,
        "researchAndDevelopmentExpenses": 0,
        "generalAndAdministrativeExpenses": 0,
        "sellingAndMarketingExpenses": 0,
        "sellingGeneralAndAdministrativeExpenses": 89217000,
        "otherExpenses": 5975000,
        "operatingExpenses": 95192000,
        "costAndExpenses": 390753000,
        "interestIncome": 0,
        "interestExpense": 0,
        "depreciationAndAmortization": 5975000,
        "ebitda": 20660000,
        "ebitdaratio": 0.0509572364,
        "operatingIncome": 14685000,
        "operatingIncomeRatio": 0.0362200879,
        "totalOtherIncomeExpensesNet": -2523000,
        "incomeBeforeTax": 12162000,
        "incomeBeforeTaxRatio": 0.0299971882,
        "incomeTaxExpense": 4800000,
        "netIncome": 7362000,
        "netIncomeRatio": 0.0181581401,
        "eps": 0.16,
        "epsdiluted": 0.16,
        "weightedAverageShsOut": 44232750,
        "weightedAverageShsOutDil": 44957250,
        "link": "https://www.sec.gov/Archives/edgar/data/109563/000095015201000954/0000950152-01-000954-index.htm",
        "finalLink": "https://www.sec.gov/Archives/edgar/data/109563/000095015201000954/l86467ae10-q.txt"
    },
    {
        "date": "2000-09-30",
        "symbol": "AIT",
        "reportedCurrency": "USD",
        "cik": "0000109563",
        "fillingDate": "2000-11-13",
        "acceptedDate": "2000-11-13 00:00:00",
        "calendarYear": "2001",
        "period": "Q1",
        "revenue": 420876000,
        "costOfRevenue": 310825000,
        "grossProfit": 110051000,
        "grossProfitRatio": 0.2614808162,
        "researchAndDevelopmentExpenses": 0,
        "generalAndAdministrativeExpenses": 0,
        "sellingAndMarketingExpenses": 0,
        "sellingGeneralAndAdministrativeExpenses": 90221000,
        "otherExpenses": 5597000,
        "operatingExpenses": 95818000,
        "costAndExpenses": 406643000,
        "interestIncome": 0,
        "interestExpense": 0,
        "depreciationAndAmortization": 5597000,
        "ebitda": 19830000,
        "ebitdaratio": 0.0471160152,
        "operatingIncome": 14233000,
        "operatingIncomeRatio": 0.0338175615,
        "totalOtherIncomeExpensesNet": -2202000,
        "incomeBeforeTax": 12031000,
        "incomeBeforeTaxRatio": 0.0285856167,
        "incomeTaxExpense": 4800000,
        "netIncome": 7231000,
        "netIncomeRatio": 0.0171808324,
        "eps": 0.16,
        "epsdiluted": 0.16,
        "weightedAverageShsOut": 43972297,
        "weightedAverageShsOutDil": 45193750,
        "link": "https://www.sec.gov/Archives/edgar/data/109563/000095015200007805/0000950152-00-007805-index.htm",
        "finalLink": "https://www.sec.gov/Archives/edgar/data/109563/000095015200007805/l84557ae10-q.txt"
    },
    {
        "date": "2000-06-30",
        "symbol": "AIT",
        "reportedCurrency": "USD",
        "cik": "0000109563",
        "fillingDate": "2000-09-20",
        "acceptedDate": "2000-09-20 00:00:00",
        "calendarYear": "2000",
        "period": "Q4",
        "revenue": 405214000,
        "costOfRevenue": 297543000,
        "grossProfit": 107671000,
        "grossProfitRatio": 0.2657139191,
        "researchAndDevelopmentExpenses": 0,
        "generalAndAdministrativeExpenses": 0,
        "sellingAndMarketingExpenses": 0,
        "sellingGeneralAndAdministrativeExpenses": 84127000,
        "otherExpenses": 5555000,
        "operatingExpenses": 89682000,
        "costAndExpenses": 387225000,
        "interestIncome": 0,
        "interestExpense": 0,
        "depreciationAndAmortization": 5555000,
        "ebitda": 23544000,
        "ebitdaratio": 0.0581026322,
        "operatingIncome": 17989000,
        "operatingIncomeRatio": 0.0443938265,
        "totalOtherIncomeExpensesNet": -1722000,
        "incomeBeforeTax": 16267000,
        "incomeBeforeTaxRatio": 0.0401442201,
        "incomeTaxExpense": 5618000,
        "netIncome": 10649000,
        "netIncomeRatio": 0.026279941,
        "eps": 0.24,
        "epsdiluted": 0.24,
        "weightedAverageShsOut": 43972297,
        "weightedAverageShsOutDil": 45193750,
        "link": "https://www.sec.gov/Archives/edgar/data/109563/000095015200006813/0000950152-00-006813-index.htm",
        "finalLink": "https://www.sec.gov/Archives/edgar/data/109563/000095015200006813/l83927ae10-k405.txt"
    },
    {
        "date": "2000-03-31",
        "symbol": "AIT",
        "reportedCurrency": "USD",
        "cik": "0000109563",
        "fillingDate": "2000-05-12",
        "acceptedDate": "2000-05-12 00:00:00",
        "calendarYear": "2000",
        "period": "Q3",
        "revenue": 420897000,
        "costOfRevenue": 312142000,
        "grossProfit": 108755000,
        "grossProfitRatio": 0.2583886319,
        "researchAndDevelopmentExpenses": 0,
        "generalAndAdministrativeExpenses": 0,
        "sellingAndMarketingExpenses": 0,
        "sellingGeneralAndAdministrativeExpenses": 87424000,
        "otherExpenses": 5733000,
        "operatingExpenses": 93157000,
        "costAndExpenses": 405299000,
        "interestIncome": 0,
        "interestExpense": 0,
        "depreciationAndAmortization": 5733000,
        "ebitda": 27064000,
        "ebitdaratio": 0.0643007672,
        "operatingIncome": 15598000,
        "operatingIncomeRatio": 0.0370589479,
        "totalOtherIncomeExpensesNet": -1646000,
        "incomeBeforeTax": 13952000,
        "incomeBeforeTaxRatio": 0.0331482524,
        "incomeTaxExpense": 5648000,
        "netIncome": 8304000,
        "netIncomeRatio": 0.0197292924,
        "eps": 0.18,
        "epsdiluted": 0.18,
        "weightedAverageShsOut": 46376231,
        "weightedAverageShsOutDil": 46682625,
        "link": "https://www.sec.gov/Archives/edgar/data/109563/000095015200004007/0000950152-00-004007-index.html",
        "finalLink": "https://www.sec.gov/Archives/edgar/data/109563/000095015200004007/"
    },
    {
        "date": "1999-12-31",
        "symbol": "AIT",
        "reportedCurrency": "USD",
        "cik": "0000109563",
        "fillingDate": "2000-02-10",
        "acceptedDate": "2000-02-10 00:00:00",
        "calendarYear": "2000",
        "period": "Q2",
        "revenue": 379700000,
        "costOfRevenue": 281100000,
        "grossProfit": 98600000,
        "grossProfitRatio": 0.2596786937,
        "researchAndDevelopmentExpenses": 0,
        "generalAndAdministrativeExpenses": 0,
        "sellingAndMarketingExpenses": 0,
        "sellingGeneralAndAdministrativeExpenses": 80600000,
        "otherExpenses": 5900000,
        "operatingExpenses": 86500000,
        "costAndExpenses": 367600000,
        "interestIncome": 0,
        "interestExpense": 0,
        "depreciationAndAmortization": 5800000,
        "ebitda": 18000000,
        "ebitdaratio": 0.0474058467,
        "operatingIncome": 12100000,
        "operatingIncomeRatio": 0.0318672636,
        "totalOtherIncomeExpensesNet": -1700000,
        "incomeBeforeTax": 10400000,
        "incomeBeforeTaxRatio": 0.0273900448,
        "incomeTaxExpense": 4200000,
        "netIncome": 6200000,
        "netIncomeRatio": 0.0163286805,
        "eps": 0.0593,
        "epsdiluted": 0.0593,
        "weightedAverageShsOut": 46793250,
        "weightedAverageShsOutDil": 46793250,
        "link": "https://www.sec.gov/Archives/edgar/data/109563/000095015200000834/0000950152-00-000834-index.html",
        "finalLink": "https://www.sec.gov/Archives/edgar/data/109563/000095015200000834/"
    },
    {
        "date": "1999-09-30",
        "symbol": "AIT",
        "reportedCurrency": "USD",
        "cik": "0000109563",
        "fillingDate": "1999-11-15",
        "acceptedDate": "1999-11-15 00:00:00",
        "calendarYear": "2000",
        "period": "Q1",
        "revenue": 380800000,
        "costOfRevenue": 281000000,
        "grossProfit": 99800000,
        "grossProfitRatio": 0.2620798319,
        "researchAndDevelopmentExpenses": 0,
        "generalAndAdministrativeExpenses": 0,
        "sellingAndMarketingExpenses": 0,
        "sellingGeneralAndAdministrativeExpenses": 81700000,
        "otherExpenses": 5900000,
        "operatingExpenses": 87600000,
        "costAndExpenses": 368600000,
        "interestIncome": 0,
        "interestExpense": 0,
        "depreciationAndAmortization": 5900000,
        "ebitda": 18100000,
        "ebitdaratio": 0.0475315126,
        "operatingIncome": 12100000,
        "operatingIncomeRatio": 0.0317752101,
        "totalOtherIncomeExpensesNet": -2300000,
        "incomeBeforeTax": 9900000,
        "incomeBeforeTaxRatio": 0.0259978992,
        "incomeTaxExpense": 4000000,
        "netIncome": 5900000,
        "netIncomeRatio": 0.0154936975,
        "eps": 0.0554,
        "epsdiluted": 0.0554,
        "weightedAverageShsOut": 47209500,
        "weightedAverageShsOutDil": 47209500,
        "link": "https://www.sec.gov/Archives/edgar/data/109563/000095015299009115/0000950152-99-009115-index.html",
        "finalLink": "https://www.sec.gov/Archives/edgar/data/109563/000095015299009115/"
    },
    {
        "date": "1999-06-30",
        "symbol": "AIT",
        "reportedCurrency": "USD",
        "cik": "0000109563",
        "fillingDate": "1999-09-17",
        "acceptedDate": "1999-09-17 00:00:00",
        "calendarYear": "1999",
        "period": "Q4",
        "revenue": 390700000,
        "costOfRevenue": 286200000,
        "grossProfit": 104500000,
        "grossProfitRatio": 0.267468646,
        "researchAndDevelopmentExpenses": 0,
        "generalAndAdministrativeExpenses": 0,
        "sellingAndMarketingExpenses": 0,
        "sellingGeneralAndAdministrativeExpenses": 84200000,
        "otherExpenses": 6000000,
        "operatingExpenses": 90200000,
        "costAndExpenses": 376400000,
        "interestIncome": 0,
        "interestExpense": 0,
        "depreciationAndAmortization": 6000000,
        "ebitda": 20300000,
        "ebitdaratio": 0.0519580241,
        "operatingIncome": 14300000,
        "operatingIncomeRatio": 0.0366009726,
        "totalOtherIncomeExpensesNet": -2300000,
        "incomeBeforeTax": 12000000,
        "incomeBeforeTaxRatio": 0.0307141029,
        "incomeTaxExpense": 4200000,
        "netIncome": 7800000,
        "netIncomeRatio": 0.0199641669,
        "eps": 0.17,
        "epsdiluted": 0.17,
        "weightedAverageShsOut": 47209500,
        "weightedAverageShsOutDil": 47209500,
        "link": "https://www.sec.gov/Archives/edgar/data/109563/000095015299007647/0000950152-99-007647-index.html",
        "finalLink": "https://www.sec.gov/Archives/edgar/data/109563/000095015299007647/"
    },
    {
        "date": "1999-03-31",
        "symbol": "AIT",
        "reportedCurrency": "USD",
        "cik": "0000109563",
        "fillingDate": "1999-05-17",
        "acceptedDate": "1999-05-17 00:00:00",
        "calendarYear": "1999",
        "period": "Q3",
        "revenue": 386616000,
        "costOfRevenue": 283400000,
        "grossProfit": 103216000,
        "grossProfitRatio": 0.2669729137,
        "researchAndDevelopmentExpenses": 0,
        "generalAndAdministrativeExpenses": 0,
        "sellingAndMarketingExpenses": 0,
        "sellingGeneralAndAdministrativeExpenses": 84600000,
        "otherExpenses": 5800000,
        "operatingExpenses": 90400000,
        "costAndExpenses": 373800000,
        "interestIncome": 0,
        "interestExpense": 0,
        "depreciationAndAmortization": 5800000,
        "ebitda": 18616000,
        "ebitdaratio": 0.048151137,
        "operatingIncome": 12800000,
        "operatingIncomeRatio": 0.0331077865,
        "totalOtherIncomeExpensesNet": -2016000,
        "incomeBeforeTax": 10800000,
        "incomeBeforeTaxRatio": 0.0279346949,
        "incomeTaxExpense": 4400000,
        "netIncome": 6400000,
        "netIncomeRatio": 0.0165538933,
        "eps": 0.0593,
        "epsdiluted": 0.0593,
        "weightedAverageShsOut": 47711250,
        "weightedAverageShsOutDil": 47711250,
        "link": "https://www.sec.gov/Archives/edgar/data/109563/000095015299004565/0000950152-99-004565-index.html",
        "finalLink": "https://www.sec.gov/Archives/edgar/data/109563/"
    },
    {
        "date": "1998-12-31",
        "symbol": "AIT",
        "reportedCurrency": "USD",
        "cik": "0000109563",
        "fillingDate": "1999-02-12",
        "acceptedDate": "1999-02-12 00:00:00",
        "calendarYear": "1999",
        "period": "Q2",
        "revenue": 371400000,
        "costOfRevenue": 276900000,
        "grossProfit": 94500000,
        "grossProfitRatio": 0.2544426494,
        "researchAndDevelopmentExpenses": 0,
        "generalAndAdministrativeExpenses": 0,
        "sellingAndMarketingExpenses": 0,
        "sellingGeneralAndAdministrativeExpenses": 78300000,
        "otherExpenses": 5800000,
        "operatingExpenses": 84100000,
        "costAndExpenses": 361000000,
        "interestIncome": 0,
        "interestExpense": 0,
        "depreciationAndAmortization": 5800000,
        "ebitda": 16200000,
        "ebitdaratio": 0.0436187399,
        "operatingIncome": 10400000,
        "operatingIncomeRatio": 0.028002154,
        "totalOtherIncomeExpensesNet": -2900000,
        "incomeBeforeTax": 7500000,
        "incomeBeforeTaxRatio": 0.0201938611,
        "incomeTaxExpense": 3100000,
        "netIncome": 4400000,
        "netIncomeRatio": 0.0118470652,
        "eps": 0.0395,
        "epsdiluted": 0.0395,
        "weightedAverageShsOut": 48640500,
        "weightedAverageShsOutDil": 48640500,
        "link": "https://www.sec.gov/Archives/edgar/data/109563/000095015299000891/0000950152-99-000891-index.html",
        "finalLink": "https://www.sec.gov/Archives/edgar/data/109563/"
    },
    {
        "date": "1998-09-30",
        "symbol": "AIT",
        "reportedCurrency": "USD",
        "cik": "0000109563",
        "fillingDate": "1998-11-16",
        "acceptedDate": "1998-11-16 00:00:00",
        "calendarYear": "1999",
        "period": "Q1",
        "revenue": 379200000,
        "costOfRevenue": 279500000,
        "grossProfit": 99700000,
        "grossProfitRatio": 0.2629219409,
        "researchAndDevelopmentExpenses": 0,
        "generalAndAdministrativeExpenses": 0,
        "sellingAndMarketingExpenses": 0,
        "sellingGeneralAndAdministrativeExpenses": 89700000,
        "otherExpenses": 5100000,
        "operatingExpenses": 94800000,
        "costAndExpenses": 374300000,
        "interestIncome": 0,
        "interestExpense": 0,
        "depreciationAndAmortization": 5100000,
        "ebitda": 10000000,
        "ebitdaratio": 0.026371308,
        "operatingIncome": 4900000,
        "operatingIncomeRatio": 0.0129219409,
        "totalOtherIncomeExpensesNet": -2600000,
        "incomeBeforeTax": 2300000,
        "incomeBeforeTaxRatio": 0.0060654008,
        "incomeTaxExpense": 900000,
        "netIncome": 1400000,
        "netIncomeRatio": 0.0036919831,
        "eps": 0.0119,
        "epsdiluted": 0.0119,
        "weightedAverageShsOut": 48852000,
        "weightedAverageShsOutDil": 48852000,
        "link": "https://www.sec.gov/Archives/edgar/data/109563/000095015298008984/0000950152-98-008984-index.html",
        "finalLink": "https://www.sec.gov/Archives/edgar/data/109563/"
    },
    {
        "date": "1998-06-30",
        "symbol": "AIT",
        "reportedCurrency": "USD",
        "cik": "0000109563",
        "fillingDate": "1998-09-23",
        "acceptedDate": "1998-09-23 00:00:00",
        "calendarYear": "1998",
        "period": "Q4",
        "revenue": 384200000,
        "costOfRevenue": 272200000,
        "grossProfit": 112000000,
        "grossProfitRatio": 0.291514836,
        "researchAndDevelopmentExpenses": 0,
        "generalAndAdministrativeExpenses": 0,
        "sellingAndMarketingExpenses": 0,
        "sellingGeneralAndAdministrativeExpenses": 89000000,
        "otherExpenses": 5900000,
        "operatingExpenses": 94900000,
        "costAndExpenses": 367100000,
        "interestIncome": 0,
        "interestExpense": 0,
        "depreciationAndAmortization": 5900000,
        "ebitda": 23000000,
        "ebitdaratio": 0.0598646538,
        "operatingIncome": 17100000,
        "operatingIncomeRatio": 0.0445080687,
        "totalOtherIncomeExpensesNet": -2200000,
        "incomeBeforeTax": 14900000,
        "incomeBeforeTaxRatio": 0.0387818844,
        "incomeTaxExpense": 6100000,
        "netIncome": 8800000,
        "netIncomeRatio": 0.0229047371,
        "eps": 0.18,
        "epsdiluted": 0.18,
        "weightedAverageShsOut": 48852000,
        "weightedAverageShsOutDil": 48852000,
        "link": "https://www.sec.gov/Archives/edgar/data/109563/000095015298007760/0000950152-98-007760-index.html",
        "finalLink": "https://www.sec.gov/Archives/edgar/data/109563/"
    },
    {
        "date": "1998-03-31",
        "symbol": "AIT",
        "reportedCurrency": "USD",
        "cik": "0000109563",
        "fillingDate": "1998-05-15",
        "acceptedDate": "1998-05-15 00:00:00",
        "calendarYear": "1998",
        "period": "Q3",
        "revenue": 393900000,
        "costOfRevenue": 286300000,
        "grossProfit": 107600000,
        "grossProfitRatio": 0.2731657781,
        "researchAndDevelopmentExpenses": 0,
        "generalAndAdministrativeExpenses": 0,
        "sellingAndMarketingExpenses": 0,
        "sellingGeneralAndAdministrativeExpenses": 85100000,
        "otherExpenses": 5100000,
        "operatingExpenses": 90200000,
        "costAndExpenses": 376500000,
        "interestIncome": 0,
        "interestExpense": 0,
        "depreciationAndAmortization": 5100000,
        "ebitda": 22500000,
        "ebitdaratio": 0.0571210967,
        "operatingIncome": 17400000,
        "operatingIncomeRatio": 0.0441736481,
        "totalOtherIncomeExpensesNet": -2200000,
        "incomeBeforeTax": 15200000,
        "incomeBeforeTaxRatio": 0.0385884742,
        "incomeTaxExpense": 6100000,
        "netIncome": 9100000,
        "netIncomeRatio": 0.0231023102,
        "eps": 0.083,
        "epsdiluted": 0.0811,
        "weightedAverageShsOut": 49599000,
        "weightedAverageShsOutDil": 49599000,
        "link": "https://www.sec.gov/Archives/edgar/data/109563/000095015298004691/0000950152-98-004691-index.html",
        "finalLink": "https://www.sec.gov/Archives/edgar/data/109563/"
    },
    {
        "date": "1997-12-31",
        "symbol": "AIT",
        "reportedCurrency": "USD",
        "cik": "0000109563",
        "fillingDate": "1998-02-17",
        "acceptedDate": "1998-02-17 00:00:00",
        "calendarYear": "1998",
        "period": "Q2",
        "revenue": 368600000,
        "costOfRevenue": 268900000,
        "grossProfit": 99700000,
        "grossProfitRatio": 0.2704829083,
        "researchAndDevelopmentExpenses": 0,
        "generalAndAdministrativeExpenses": 0,
        "sellingAndMarketingExpenses": 0,
        "sellingGeneralAndAdministrativeExpenses": 80800000,
        "otherExpenses": 4700000,
        "operatingExpenses": 85500000,
        "costAndExpenses": 354400000,
        "interestIncome": 0,
        "interestExpense": 0,
        "depreciationAndAmortization": 4700000,
        "ebitda": 18900000,
        "ebitdaratio": 0.051275095,
        "operatingIncome": 14200000,
        "operatingIncomeRatio": 0.0385241454,
        "totalOtherIncomeExpensesNet": -2100000,
        "incomeBeforeTax": 12100000,
        "incomeBeforeTaxRatio": 0.0328269126,
        "incomeTaxExpense": 4400000,
        "netIncome": 7700000,
        "netIncomeRatio": 0.0208898535,
        "eps": 0.0712,
        "epsdiluted": 0.0692,
        "weightedAverageShsOut": 49302000,
        "weightedAverageShsOutDil": 49302000,
        "link": "https://www.sec.gov/Archives/edgar/data/109563/000095015298001193/0000950152-98-001193-index.html",
        "finalLink": "https://www.sec.gov/Archives/edgar/data/109563/"
    },
    {
        "date": "1997-09-30",
        "symbol": "AIT",
        "reportedCurrency": "USD",
        "cik": "0000109563",
        "fillingDate": "1997-11-13",
        "acceptedDate": "1997-11-13 00:00:00",
        "calendarYear": "1998",
        "period": "Q1",
        "revenue": 344700000,
        "costOfRevenue": 251100000,
        "grossProfit": 93600000,
        "grossProfitRatio": 0.27154047,
        "researchAndDevelopmentExpenses": 0,
        "generalAndAdministrativeExpenses": 0,
        "sellingAndMarketingExpenses": 0,
        "sellingGeneralAndAdministrativeExpenses": 78500000,
        "otherExpenses": 5300000,
        "operatingExpenses": 83800000,
        "costAndExpenses": 334900000,
        "interestIncome": 0,
        "interestExpense": 0,
        "depreciationAndAmortization": 5300000,
        "ebitda": 15100000,
        "ebitdaratio": 0.0438062083,
        "operatingIncome": 9800000,
        "operatingIncomeRatio": 0.0284305193,
        "totalOtherIncomeExpensesNet": -2200000,
        "incomeBeforeTax": 7600000,
        "incomeBeforeTaxRatio": 0.0220481578,
        "incomeTaxExpense": 3100000,
        "netIncome": 4500000,
        "netIncomeRatio": 0.0130548303,
        "eps": 0.0435,
        "epsdiluted": 0.0435,
        "weightedAverageShsOut": 49137750,
        "weightedAverageShsOutDil": 49137750,
        "link": "https://www.sec.gov/Archives/edgar/data/109563/000095015297007953/0000950152-97-007953-index.html",
        "finalLink": "https://www.sec.gov/Archives/edgar/data/109563/"
    },
    {
        "date": "1997-06-30",
        "symbol": "AIT",
        "reportedCurrency": "USD",
        "cik": "0000109563",
        "fillingDate": "1997-09-25",
        "acceptedDate": "1997-09-25 00:00:00",
        "calendarYear": "1997",
        "period": "Q4",
        "revenue": 305900000,
        "costOfRevenue": 220600000,
        "grossProfit": 85300000,
        "grossProfitRatio": 0.2788492972,
        "researchAndDevelopmentExpenses": 0,
        "generalAndAdministrativeExpenses": 0,
        "sellingAndMarketingExpenses": 0,
        "sellingGeneralAndAdministrativeExpenses": 66600000,
        "otherExpenses": 2800000,
        "operatingExpenses": 69400000,
        "costAndExpenses": 290000000,
        "interestIncome": 0,
        "interestExpense": 0,
        "depreciationAndAmortization": 2800000,
        "ebitda": 18700000,
        "ebitdaratio": 0.0611310886,
        "operatingIncome": 15900000,
        "operatingIncomeRatio": 0.0519777705,
        "totalOtherIncomeExpensesNet": -1600000,
        "incomeBeforeTax": 14300000,
        "incomeBeforeTaxRatio": 0.046747303,
        "incomeTaxExpense": 5400000,
        "netIncome": 8900000,
        "netIncomeRatio": 0.0290944753,
        "eps": 0.18,
        "epsdiluted": 0.18,
        "weightedAverageShsOut": 49137750,
        "weightedAverageShsOutDil": 49137750,
        "link": "https://www.sec.gov/Archives/edgar/data/109563/000095015297006816/0000950152-97-006816-index.html",
        "finalLink": "https://www.sec.gov/Archives/edgar/data/109563/"
    },
    {
        "date": "1997-03-31",
        "symbol": "AIT",
        "reportedCurrency": "USD",
        "cik": "0000109563",
        "fillingDate": "1997-05-15",
        "acceptedDate": "1997-05-15 00:00:00",
        "calendarYear": "1997",
        "period": "Q3",
        "revenue": 297200000,
        "costOfRevenue": 218400000,
        "grossProfit": 78800000,
        "grossProfitRatio": 0.265141319,
        "researchAndDevelopmentExpenses": 0,
        "generalAndAdministrativeExpenses": 0,
        "sellingAndMarketingExpenses": 0,
        "sellingGeneralAndAdministrativeExpenses": 62800000,
        "otherExpenses": 3600000,
        "operatingExpenses": 66400000,
        "costAndExpenses": 284800000,
        "interestIncome": 0,
        "interestExpense": 0,
        "depreciationAndAmortization": 3600000,
        "ebitda": 16000000,
        "ebitdaratio": 0.0538358008,
        "operatingIncome": 12400000,
        "operatingIncomeRatio": 0.0417227456,
        "totalOtherIncomeExpensesNet": -1500000,
        "incomeBeforeTax": 10900000,
        "incomeBeforeTaxRatio": 0.0366756393,
        "incomeTaxExpense": 4100000,
        "netIncome": 6800000,
        "netIncomeRatio": 0.0228802153,
        "eps": 0.0488,
        "epsdiluted": 0.0488,
        "weightedAverageShsOut": 41765122,
        "weightedAverageShsOutDil": 41765122,
        "link": "https://www.sec.gov/Archives/edgar/data/109563/000095015297003944/0000950152-97-003944-index.html",
        "finalLink": "https://www.sec.gov/Archives/edgar/data/109563/"
    },
    {
        "date": "1996-12-31",
        "symbol": "AIT",
        "reportedCurrency": "USD",
        "cik": "0000109563",
        "fillingDate": "1997-02-14",
        "acceptedDate": "1997-02-14 00:00:00",
        "calendarYear": "1997",
        "period": "Q2",
        "revenue": 275000000,
        "costOfRevenue": 196200000,
        "grossProfit": 78800000,
        "grossProfitRatio": 0.2865454545,
        "researchAndDevelopmentExpenses": 0,
        "generalAndAdministrativeExpenses": 0,
        "sellingAndMarketingExpenses": 0,
        "sellingGeneralAndAdministrativeExpenses": 63300000,
        "otherExpenses": 3800000,
        "operatingExpenses": 67100000,
        "costAndExpenses": 263300000,
        "interestIncome": 0,
        "interestExpense": 0,
        "depreciationAndAmortization": 3800000,
        "ebitda": 15500000,
        "ebitdaratio": 0.0563636364,
        "operatingIncome": 11700000,
        "operatingIncomeRatio": 0.0425454545,
        "totalOtherIncomeExpensesNet": -1300000,
        "incomeBeforeTax": 10400000,
        "incomeBeforeTaxRatio": 0.0378181818,
        "incomeTaxExpense": 4400000,
        "netIncome": 6000000,
        "netIncomeRatio": 0.0218181818,
        "eps": 0.0422,
        "epsdiluted": 0.0422,
        "weightedAverageShsOut": 41657068,
        "weightedAverageShsOutDil": 41657068,
        "link": "https://www.sec.gov/Archives/edgar/data/109563/000095015297001040/0000950152-97-001040-index.html",
        "finalLink": "https://www.sec.gov/Archives/edgar/data/109563/"
    },
    {
        "date": "1996-09-30",
        "symbol": "AIT",
        "reportedCurrency": "USD",
        "cik": "0000109563",
        "fillingDate": "1996-11-14",
        "acceptedDate": "1996-11-14 00:00:00",
        "calendarYear": "1997",
        "period": "Q1",
        "revenue": 282200000,
        "costOfRevenue": 205400000,
        "grossProfit": 76800000,
        "grossProfitRatio": 0.2721474132,
        "researchAndDevelopmentExpenses": 0,
        "generalAndAdministrativeExpenses": 0,
        "sellingAndMarketingExpenses": 0,
        "sellingGeneralAndAdministrativeExpenses": 62700000,
        "otherExpenses": 3400000,
        "operatingExpenses": 66100000,
        "costAndExpenses": 271500000,
        "interestIncome": 0,
        "interestExpense": 0,
        "depreciationAndAmortization": 3400000,
        "ebitda": 14100000,
        "ebitdaratio": 0.0499645641,
        "operatingIncome": 10700000,
        "operatingIncomeRatio": 0.0379163714,
        "totalOtherIncomeExpensesNet": -1200000,
        "incomeBeforeTax": 9500000,
        "incomeBeforeTaxRatio": 0.033664068,
        "incomeTaxExpense": 4100000,
        "netIncome": 5400000,
        "netIncomeRatio": 0.019135365,
        "eps": 0.0382,
        "epsdiluted": 0.0382,
        "weightedAverageShsOut": 42080279,
        "weightedAverageShsOutDil": 42080279,
        "link": "https://www.sec.gov/Archives/edgar/data/109563/000095015296006109/0000950152-96-006109-index.html",
        "finalLink": "https://www.sec.gov/Archives/edgar/data/109563/"
    },
    {
        "date": "1996-06-30",
        "symbol": "AIT",
        "reportedCurrency": "USD",
        "cik": "0000109563",
        "fillingDate": "1996-09-26",
        "acceptedDate": "1996-09-26 00:00:00",
        "calendarYear": "1996",
        "period": "Q4",
        "revenue": 295400000,
        "costOfRevenue": 213700000,
        "grossProfit": 81700000,
        "grossProfitRatio": 0.2765741368,
        "researchAndDevelopmentExpenses": 0,
        "generalAndAdministrativeExpenses": 0,
        "sellingAndMarketingExpenses": 0,
        "sellingGeneralAndAdministrativeExpenses": 62300000,
        "otherExpenses": 4500000,
        "operatingExpenses": 66800000,
        "costAndExpenses": 280500000,
        "interestIncome": 0,
        "interestExpense": 0,
        "depreciationAndAmortization": 4500000,
        "ebitda": 19400000,
        "ebitdaratio": 0.0656736628,
        "operatingIncome": 14900000,
        "operatingIncomeRatio": 0.0504400812,
        "totalOtherIncomeExpensesNet": -1800000,
        "incomeBeforeTax": 13100000,
        "incomeBeforeTaxRatio": 0.0443466486,
        "incomeTaxExpense": 5600000,
        "netIncome": 7500000,
        "netIncomeRatio": 0.0253893026,
        "eps": 0.18,
        "epsdiluted": 0.18,
        "weightedAverageShsOut": 41771875,
        "weightedAverageShsOutDil": 42080279,
        "link": "https://www.sec.gov/Archives/edgar/data/109563/000091205796021189/0000912057-96-021189-index.html",
        "finalLink": "https://www.sec.gov/Archives/edgar/data/109563/"
    },
    {
        "date": "1996-03-31",
        "symbol": "AIT",
        "reportedCurrency": "USD",
        "cik": "0000109563",
        "fillingDate": "1996-05-15",
        "acceptedDate": "1996-05-15 00:00:00",
        "calendarYear": "1996",
        "period": "Q3",
        "revenue": 296100000,
        "costOfRevenue": 216900000,
        "grossProfit": 79200000,
        "grossProfitRatio": 0.2674772036,
        "researchAndDevelopmentExpenses": 0,
        "generalAndAdministrativeExpenses": 0,
        "sellingAndMarketingExpenses": 0,
        "sellingGeneralAndAdministrativeExpenses": 62700000,
        "otherExpenses": 3600000,
        "operatingExpenses": 66300000,
        "costAndExpenses": 283200000,
        "interestIncome": 0,
        "interestExpense": 0,
        "depreciationAndAmortization": 3600000,
        "ebitda": 16500000,
        "ebitdaratio": 0.0557244174,
        "operatingIncome": 12900000,
        "operatingIncomeRatio": 0.0435663627,
        "totalOtherIncomeExpensesNet": -2200000,
        "incomeBeforeTax": 10700000,
        "incomeBeforeTaxRatio": 0.0361364404,
        "incomeTaxExpense": 4600000,
        "netIncome": 6100000,
        "netIncomeRatio": 0.0206011483,
        "eps": 0.0435,
        "epsdiluted": 0.0435,
        "weightedAverageShsOut": 41724601,
        "weightedAverageShsOutDil": 41724601,
        "link": "https://www.sec.gov/Archives/edgar/data/109563/000095015296002526/0000950152-96-002526-index.html",
        "finalLink": "https://www.sec.gov/Archives/edgar/data/109563/"
    },
    {
        "date": "1995-12-31",
        "symbol": "AIT",
        "reportedCurrency": "USD",
        "cik": "0000109563",
        "fillingDate": "1996-02-13",
        "acceptedDate": "1996-02-13 00:00:00",
        "calendarYear": "1996",
        "period": "Q2",
        "revenue": 271900000,
        "costOfRevenue": 197500000,
        "grossProfit": 74400000,
        "grossProfitRatio": 0.273630011,
        "researchAndDevelopmentExpenses": 0,
        "generalAndAdministrativeExpenses": 0,
        "sellingAndMarketingExpenses": 0,
        "sellingGeneralAndAdministrativeExpenses": 59700000,
        "otherExpenses": 3600000,
        "operatingExpenses": 63300000,
        "costAndExpenses": 260800000,
        "interestIncome": 0,
        "interestExpense": 0,
        "depreciationAndAmortization": 3600000,
        "ebitda": 14700000,
        "ebitdaratio": 0.0540639941,
        "operatingIncome": 11100000,
        "operatingIncomeRatio": 0.0408238323,
        "totalOtherIncomeExpensesNet": -2300000,
        "incomeBeforeTax": 8800000,
        "incomeBeforeTaxRatio": 0.03236484,
        "incomeTaxExpense": 3800000,
        "netIncome": 5000000,
        "netIncomeRatio": 0.0183891136,
        "eps": 0.0369,
        "epsdiluted": 0.0369,
        "weightedAverageShsOut": 39986733,
        "weightedAverageShsOutDil": 39986733,
        "link": "https://www.sec.gov/Archives/edgar/data/109563/000095015296000438/0000950152-96-000438-index.html",
        "finalLink": "https://www.sec.gov/Archives/edgar/data/109563/"
    },
    {
        "date": "1995-09-30",
        "symbol": "AIT",
        "reportedCurrency": "USD",
        "cik": "0000109563",
        "fillingDate": "1995-11-15",
        "acceptedDate": "1995-11-15 00:00:00",
        "calendarYear": "1996",
        "period": "Q1",
        "revenue": 273500000,
        "costOfRevenue": 200500000,
        "grossProfit": 73000000,
        "grossProfitRatio": 0.2669104205,
        "researchAndDevelopmentExpenses": 0,
        "generalAndAdministrativeExpenses": 0,
        "sellingAndMarketingExpenses": 0,
        "sellingGeneralAndAdministrativeExpenses": 59600000,
        "otherExpenses": 3700000,
        "operatingExpenses": 63300000,
        "costAndExpenses": 263800000,
        "interestIncome": 0,
        "interestExpense": 0,
        "depreciationAndAmortization": 3700000,
        "ebitda": 13400000,
        "ebitdaratio": 0.0489945155,
        "operatingIncome": 9700000,
        "operatingIncomeRatio": 0.0354661792,
        "totalOtherIncomeExpensesNet": -2000000,
        "incomeBeforeTax": 7700000,
        "incomeBeforeTaxRatio": 0.0281535649,
        "incomeTaxExpense": 3300000,
        "netIncome": 4400000,
        "netIncomeRatio": 0.0160877514,
        "eps": 0.022,
        "epsdiluted": 0.022,
        "weightedAverageShsOut": 39817534,
        "weightedAverageShsOutDil": 39817534,
        "link": "https://www.sec.gov/Archives/edgar/data/109563/000095015295002681/0000950152-95-002681-index.html",
        "finalLink": "https://www.sec.gov/Archives/edgar/data/109563/"
    },
    {
        "date": "1995-06-30",
        "symbol": "AIT",
        "reportedCurrency": "USD",
        "cik": "0000109563",
        "fillingDate": "1995-09-22",
        "acceptedDate": "1995-09-22 00:00:00",
        "calendarYear": "1995",
        "period": "Q4",
        "revenue": 280300000,
        "costOfRevenue": 202100000,
        "grossProfit": 78200000,
        "grossProfitRatio": 0.2789867999,
        "researchAndDevelopmentExpenses": 0,
        "generalAndAdministrativeExpenses": 0,
        "sellingAndMarketingExpenses": 0,
        "sellingGeneralAndAdministrativeExpenses": 61700000,
        "otherExpenses": 3500000,
        "operatingExpenses": 65200000,
        "costAndExpenses": 267300000,
        "interestIncome": 0,
        "interestExpense": 0,
        "depreciationAndAmortization": 3500000,
        "ebitda": 16500000,
        "ebitdaratio": 0.0588655012,
        "operatingIncome": 13000000,
        "operatingIncomeRatio": 0.0463788798,
        "totalOtherIncomeExpensesNet": -1800000,
        "incomeBeforeTax": 11200000,
        "incomeBeforeTaxRatio": 0.0399571887,
        "incomeTaxExpense": 5000000,
        "netIncome": 6200000,
        "netIncomeRatio": 0.022119158,
        "eps": 0.16,
        "epsdiluted": 0.16,
        "weightedAverageShsOut": 39445916,
        "weightedAverageShsOutDil": 39817534,
        "link": "https://www.sec.gov/Archives/edgar/data/109563/000095015295002196/0000950152-95-002196-index.html",
        "finalLink": "https://www.sec.gov/Archives/edgar/data/109563/"
    },
    {
        "date": "1995-03-31",
        "symbol": "AIT",
        "reportedCurrency": "USD",
        "cik": "0000109563",
        "fillingDate": "1995-05-15",
        "acceptedDate": "1995-05-15 00:00:00",
        "calendarYear": "1995",
        "period": "Q3",
        "revenue": 277000000,
        "costOfRevenue": 203200000,
        "grossProfit": 73800000,
        "grossProfitRatio": 0.2664259928,
        "researchAndDevelopmentExpenses": 0,
        "generalAndAdministrativeExpenses": 0,
        "sellingAndMarketingExpenses": 0,
        "sellingGeneralAndAdministrativeExpenses": 60700000,
        "otherExpenses": 3600000,
        "operatingExpenses": 64300000,
        "costAndExpenses": 267500000,
        "interestIncome": 0,
        "interestExpense": 0,
        "depreciationAndAmortization": 3600000,
        "ebitda": 13100000,
        "ebitdaratio": 0.0472924188,
        "operatingIncome": 9500000,
        "operatingIncomeRatio": 0.0342960289,
        "totalOtherIncomeExpensesNet": -2100000,
        "incomeBeforeTax": 7400000,
        "incomeBeforeTaxRatio": 0.0267148014,
        "incomeTaxExpense": 3100000,
        "netIncome": 4300000,
        "netIncomeRatio": 0.0155234657,
        "eps": 0.022,
        "epsdiluted": 0.022,
        "weightedAverageShsOut": 39322042,
        "weightedAverageShsOutDil": 39322042,
        "link": "https://www.sec.gov/Archives/edgar/data/109563/000095015295001009/0000950152-95-001009-index.html",
        "finalLink": "https://www.sec.gov/Archives/edgar/data/109563/"
    },
    {
        "date": "1994-12-31",
        "symbol": "AIT",
        "reportedCurrency": "USD",
        "cik": "0000109563",
        "fillingDate": "1995-02-13",
        "acceptedDate": "1995-02-13 00:00:00",
        "calendarYear": "1995",
        "period": "Q2",
        "revenue": 249900000,
        "costOfRevenue": 183200000,
        "grossProfit": 66700000,
        "grossProfitRatio": 0.2669067627,
        "researchAndDevelopmentExpenses": 0,
        "generalAndAdministrativeExpenses": 0,
        "sellingAndMarketingExpenses": 0,
        "sellingGeneralAndAdministrativeExpenses": 55600000,
        "otherExpenses": 3500000,
        "operatingExpenses": 59100000,
        "costAndExpenses": 242300000,
        "interestIncome": 0,
        "interestExpense": 0,
        "depreciationAndAmortization": 3500000,
        "ebitda": 11100000,
        "ebitdaratio": 0.0444177671,
        "operatingIncome": 7600000,
        "operatingIncomeRatio": 0.0304121649,
        "totalOtherIncomeExpensesNet": -1800000,
        "incomeBeforeTax": 5800000,
        "incomeBeforeTaxRatio": 0.0232092837,
        "incomeTaxExpense": 2400000,
        "netIncome": 3400000,
        "netIncomeRatio": 0.0136054422,
        "eps": 0.0167,
        "epsdiluted": 0.0167,
        "weightedAverageShsOut": 39162133,
        "weightedAverageShsOutDil": 39162133,
        "link": "https://www.sec.gov/Archives/edgar/data/109563/000095015295000155/0000950152-95-000155-index.html",
        "finalLink": "https://www.sec.gov/Archives/edgar/data/109563/"
    },
    {
        "date": "1994-09-30",
        "symbol": "AIT",
        "reportedCurrency": "USD",
        "cik": "0000109563",
        "fillingDate": "1994-11-14",
        "acceptedDate": "1994-11-14 00:00:00",
        "calendarYear": "1995",
        "period": "Q1",
        "revenue": 247600000,
        "costOfRevenue": 180600000,
        "grossProfit": 67000000,
        "grossProfitRatio": 0.2705977383,
        "researchAndDevelopmentExpenses": 0,
        "generalAndAdministrativeExpenses": 0,
        "sellingAndMarketingExpenses": 0,
        "sellingGeneralAndAdministrativeExpenses": 56900000,
        "otherExpenses": 3400000,
        "operatingExpenses": 60300000,
        "costAndExpenses": 240900000,
        "interestIncome": 0,
        "interestExpense": 0,
        "depreciationAndAmortization": 3400000,
        "ebitda": 10100000,
        "ebitdaratio": 0.0407915994,
        "operatingIncome": 6700000,
        "operatingIncomeRatio": 0.0270597738,
        "totalOtherIncomeExpensesNet": -1500000,
        "incomeBeforeTax": 5200000,
        "incomeBeforeTaxRatio": 0.0210016155,
        "incomeTaxExpense": 2200000,
        "netIncome": 3000000,
        "netIncomeRatio": 0.0121163166,
        "eps": 0.0158,
        "epsdiluted": 0.0158,
        "weightedAverageShsOut": 39162133,
        "weightedAverageShsOutDil": 39162133,
        "link": "https://www.sec.gov/Archives/edgar/data/109563/000095015294001136/0000950152-94-001136-index.html",
        "finalLink": "https://www.sec.gov/Archives/edgar/data/109563/"
    },
    {
        "date": "1994-06-30",
        "symbol": "AIT",
        "reportedCurrency": "USD",
        "cik": "0000109563",
        "fillingDate": "1994-09-26",
        "acceptedDate": "1994-09-26 00:00:00",
        "calendarYear": "1994",
        "period": "Q4",
        "revenue": 247600000,
        "costOfRevenue": 175600000,
        "grossProfit": 72000000,
        "grossProfitRatio": 0.2907915994,
        "researchAndDevelopmentExpenses": 0,
        "generalAndAdministrativeExpenses": 0,
        "sellingAndMarketingExpenses": 0,
        "sellingGeneralAndAdministrativeExpenses": 57900000,
        "otherExpenses": 3600000,
        "operatingExpenses": 61500000,
        "costAndExpenses": 237100000,
        "interestIncome": 0,
        "interestExpense": 0,
        "depreciationAndAmortization": 3600000,
        "ebitda": 14100000,
        "ebitdaratio": 0.0569466882,
        "operatingIncome": 10500000,
        "operatingIncomeRatio": 0.0424071082,
        "totalOtherIncomeExpensesNet": -1700000,
        "incomeBeforeTax": 8800000,
        "incomeBeforeTaxRatio": 0.0355411955,
        "incomeTaxExpense": 3700000,
        "netIncome": 5100000,
        "netIncomeRatio": 0.0205977383,
        "eps": 0.13,
        "epsdiluted": 0.13,
        "weightedAverageShsOut": 38115010,
        "weightedAverageShsOutDil": 39162133,
        "link": "https://www.sec.gov/Archives/edgar/data/109563/000095015294000978/0000950152-94-000978-index.html",
        "finalLink": "https://www.sec.gov/Archives/edgar/data/109563/"
    },
    {
        "date": "1994-03-31",
        "symbol": "AIT",
        "reportedCurrency": "USD",
        "cik": "0000109563",
        "fillingDate": "1994-05-13",
        "acceptedDate": "1994-05-13 00:00:00",
        "calendarYear": "1994",
        "period": "Q3",
        "revenue": 239700000,
        "costOfRevenue": 170900000,
        "grossProfit": 68800000,
        "grossProfitRatio": 0.2870254485,
        "researchAndDevelopmentExpenses": 0,
        "generalAndAdministrativeExpenses": 0,
        "sellingAndMarketingExpenses": 0,
        "sellingGeneralAndAdministrativeExpenses": 59000000,
        "otherExpenses": 3300000,
        "operatingExpenses": 62300000,
        "costAndExpenses": 233200000,
        "interestIncome": 0,
        "interestExpense": 0,
        "depreciationAndAmortization": 3300000,
        "ebitda": 9800000,
        "ebitdaratio": 0.0408844389,
        "operatingIncome": 6500000,
        "operatingIncomeRatio": 0.0271172299,
        "totalOtherIncomeExpensesNet": -1400000,
        "incomeBeforeTax": 5100000,
        "incomeBeforeTaxRatio": 0.0212765957,
        "incomeTaxExpense": 2200000,
        "netIncome": 2900000,
        "netIncomeRatio": 0.0120984564,
        "eps": 0.0149,
        "epsdiluted": 0.0149,
        "weightedAverageShsOut": 38115010,
        "weightedAverageShsOutDil": 38115010,
        "link": "https://www.sec.gov/Archives/edgar/data/109563/000095015294000521/0000950152-94-000521-index.html",
        "finalLink": "https://www.sec.gov/Archives/edgar/data/109563/"
    },
    {
        "date": "1993-12-31",
        "symbol": "AIT",
        "reportedCurrency": "USD",
        "cik": "0000109563",
        "fillingDate": "1994-02-11",
        "acceptedDate": "1994-02-11 00:00:00",
        "calendarYear": "1994",
        "period": "Q2",
        "revenue": 218400000,
        "costOfRevenue": 155700000,
        "grossProfit": 62700000,
        "grossProfitRatio": 0.2870879121,
        "researchAndDevelopmentExpenses": 0,
        "generalAndAdministrativeExpenses": 0,
        "sellingAndMarketingExpenses": 0,
        "sellingGeneralAndAdministrativeExpenses": 54300000,
        "otherExpenses": 3200000,
        "operatingExpenses": 57500000,
        "costAndExpenses": 213200000,
        "interestIncome": 0,
        "interestExpense": 0,
        "depreciationAndAmortization": 3200000,
        "ebitda": 8400000,
        "ebitdaratio": 0.0384615385,
        "operatingIncome": 5200000,
        "operatingIncomeRatio": 0.0238095238,
        "totalOtherIncomeExpensesNet": -1400000,
        "incomeBeforeTax": 3800000,
        "incomeBeforeTaxRatio": 0.0173992674,
        "incomeTaxExpense": 1400000,
        "netIncome": 2400000,
        "netIncomeRatio": 0.010989011,
        "eps": 0.0123,
        "epsdiluted": 0.0123,
        "weightedAverageShsOut": 37150840,
        "weightedAverageShsOutDil": 37150840,
        "link": "https://www.sec.gov/Archives/edgar/data/109563/000095015294000102/0000950152-94-000102-index.html",
        "finalLink": "https://www.sec.gov/Archives/edgar/data/109563/"
    },
    {
        "date": "1993-09-30",
        "symbol": "AIT",
        "reportedCurrency": "USD",
        "cik": "0000109563",
        "fillingDate": "1993-09-30",
        "acceptedDate": "1993-09-29 20:00:00",
        "calendarYear": "1994",
        "period": "Q1",
        "revenue": 214800000,
        "costOfRevenue": 156700000,
        "grossProfit": 58100000,
        "grossProfitRatio": 0.2704841713,
        "researchAndDevelopmentExpenses": 0,
        "generalAndAdministrativeExpenses": 0,
        "sellingAndMarketingExpenses": 0,
        "sellingGeneralAndAdministrativeExpenses": 49300000,
        "otherExpenses": 3500000,
        "operatingExpenses": 52800000,
        "costAndExpenses": 209500000,
        "interestIncome": 0,
        "interestExpense": 0,
        "depreciationAndAmortization": 3500000,
        "ebitda": 8800000,
        "ebitdaratio": 0.0409683426,
        "operatingIncome": 5300000,
        "operatingIncomeRatio": 0.0246741155,
        "totalOtherIncomeExpensesNet": -1400000,
        "incomeBeforeTax": 3900000,
        "incomeBeforeTaxRatio": 0.0181564246,
        "incomeTaxExpense": 1600000,
        "netIncome": 2300000,
        "netIncomeRatio": 0.010707635,
        "eps": 0.0123,
        "epsdiluted": 0.0123,
        "weightedAverageShsOut": 37112628,
        "weightedAverageShsOutDil": 37112628,
        "link": "",
        "finalLink": ""
    },
    {
        "date": "1993-06-30",
        "symbol": "AIT",
        "reportedCurrency": "USD",
        "cik": "0000109563",
        "fillingDate": "1993-06-30",
        "acceptedDate": "1993-06-29 20:00:00",
        "calendarYear": "1993",
        "period": "Q4",
        "revenue": 217900000,
        "costOfRevenue": 153500000,
        "grossProfit": 64400000,
        "grossProfitRatio": 0.2955484167,
        "researchAndDevelopmentExpenses": 0,
        "generalAndAdministrativeExpenses": 0,
        "sellingAndMarketingExpenses": 0,
        "sellingGeneralAndAdministrativeExpenses": 54000000,
        "otherExpenses": 3100000,
        "operatingExpenses": 57100000,
        "costAndExpenses": 210600000,
        "interestIncome": 0,
        "interestExpense": 0,
        "depreciationAndAmortization": 3100000,
        "ebitda": 10400000,
        "ebitdaratio": 0.0477283157,
        "operatingIncome": 7300000,
        "operatingIncomeRatio": 0.0335016062,
        "totalOtherIncomeExpensesNet": -1400000,
        "incomeBeforeTax": 5900000,
        "incomeBeforeTaxRatio": 0.0270766407,
        "incomeTaxExpense": 2600000,
        "netIncome": 3300000,
        "netIncomeRatio": 0.0151445617,
        "eps": 0.089,
        "epsdiluted": 0.089,
        "weightedAverageShsOut": 36977763,
        "weightedAverageShsOutDil": 37112628,
        "link": "",
        "finalLink": ""
    },
    {
        "date": "1993-03-31",
        "symbol": "AIT",
        "reportedCurrency": "USD",
        "cik": "0000109563",
        "fillingDate": "1993-03-31",
        "acceptedDate": "1993-03-30 19:00:00",
        "calendarYear": "1993",
        "period": "Q3",
        "revenue": 210800000,
        "costOfRevenue": 152900000,
        "grossProfit": 57900000,
        "grossProfitRatio": 0.2746679317,
        "researchAndDevelopmentExpenses": 0,
        "generalAndAdministrativeExpenses": 0,
        "sellingAndMarketingExpenses": 0,
        "sellingGeneralAndAdministrativeExpenses": 49200000,
        "otherExpenses": 3200000,
        "operatingExpenses": 52400000,
        "costAndExpenses": 205300000,
        "interestIncome": 0,
        "interestExpense": 0,
        "depreciationAndAmortization": 3400000,
        "ebitda": 8900000,
        "ebitdaratio": 0.0422201139,
        "operatingIncome": 5500000,
        "operatingIncomeRatio": 0.0260910816,
        "totalOtherIncomeExpensesNet": -1500000,
        "incomeBeforeTax": 4000000,
        "incomeBeforeTaxRatio": 0.0189753321,
        "incomeTaxExpense": 1600000,
        "netIncome": 2400000,
        "netIncomeRatio": 0.0113851992,
        "eps": 0.0132,
        "epsdiluted": 0.0132,
        "weightedAverageShsOut": 36863127,
        "weightedAverageShsOutDil": 36863127,
        "link": "",
        "finalLink": ""
    },
    {
        "date": "1992-12-31",
        "symbol": "AIT",
        "reportedCurrency": "USD",
        "cik": "0000109563",
        "fillingDate": "1992-12-31",
        "acceptedDate": "1992-12-30 19:00:00",
        "calendarYear": "1993",
        "period": "Q2",
        "revenue": 198500000,
        "costOfRevenue": 143800000,
        "grossProfit": 54700000,
        "grossProfitRatio": 0.2755667506,
        "researchAndDevelopmentExpenses": 0,
        "generalAndAdministrativeExpenses": 0,
        "sellingAndMarketingExpenses": 0,
        "sellingGeneralAndAdministrativeExpenses": 47500000,
        "otherExpenses": 3200000,
        "operatingExpenses": 50700000,
        "costAndExpenses": 194500000,
        "interestIncome": 0,
        "interestExpense": 0,
        "depreciationAndAmortization": 3100000,
        "ebitda": 7200000,
        "ebitdaratio": 0.0362720403,
        "operatingIncome": 4000000,
        "operatingIncomeRatio": 0.0201511335,
        "totalOtherIncomeExpensesNet": -1000000,
        "incomeBeforeTax": 3000000,
        "incomeBeforeTaxRatio": 0.0151133501,
        "incomeTaxExpense": 1200000,
        "netIncome": 1800000,
        "netIncomeRatio": 0.0090680101,
        "eps": 0.0097,
        "epsdiluted": 0.0097,
        "weightedAverageShsOut": 36766474,
        "weightedAverageShsOutDil": 36766474,
        "link": "",
        "finalLink": ""
    },
    {
        "date": "1992-09-30",
        "symbol": "AIT",
        "reportedCurrency": "USD",
        "cik": "0000109563",
        "fillingDate": "1992-09-30",
        "acceptedDate": "1992-09-29 20:00:00",
        "calendarYear": "1993",
        "period": "Q1",
        "revenue": 204200000,
        "costOfRevenue": 150400000,
        "grossProfit": 53800000,
        "grossProfitRatio": 0.263467189,
        "researchAndDevelopmentExpenses": 0,
        "generalAndAdministrativeExpenses": 0,
        "sellingAndMarketingExpenses": 0,
        "sellingGeneralAndAdministrativeExpenses": 47000000,
        "otherExpenses": 3200000,
        "operatingExpenses": 50200000,
        "costAndExpenses": 200600000,
        "interestIncome": 0,
        "interestExpense": 0,
        "depreciationAndAmortization": 3200000,
        "ebitda": 6800000,
        "ebitdaratio": 0.0333006856,
        "operatingIncome": 3600000,
        "operatingIncomeRatio": 0.0176297747,
        "totalOtherIncomeExpensesNet": -1100000,
        "incomeBeforeTax": 2500000,
        "incomeBeforeTaxRatio": 0.0122428991,
        "incomeTaxExpense": 1000000,
        "netIncome": 1500000,
        "netIncomeRatio": 0.0073457395,
        "eps": 0.0079,
        "epsdiluted": 0.0079,
        "weightedAverageShsOut": 35937054,
        "weightedAverageShsOutDil": 35937054,
        "link": "",
        "finalLink": ""
    },
    {
        "date": "1992-06-30",
        "symbol": "AIT",
        "reportedCurrency": "USD",
        "cik": "0000109563",
        "fillingDate": "1992-06-30",
        "acceptedDate": "1992-06-29 20:00:00",
        "calendarYear": "1992",
        "period": "Q4",
        "revenue": 209000000,
        "costOfRevenue": 151700000,
        "grossProfit": 57300000,
        "grossProfitRatio": 0.2741626794,
        "researchAndDevelopmentExpenses": 0,
        "generalAndAdministrativeExpenses": 0,
        "sellingAndMarketingExpenses": 0,
        "sellingGeneralAndAdministrativeExpenses": 58000000,
        "otherExpenses": 2800000,
        "operatingExpenses": 60800000,
        "costAndExpenses": 212500000,
        "interestIncome": 0,
        "interestExpense": 0,
        "depreciationAndAmortization": 2800000,
        "ebitda": -700000,
        "ebitdaratio": -0.0033492823,
        "operatingIncome": -3500000,
        "operatingIncomeRatio": -0.0167464115,
        "totalOtherIncomeExpensesNet": -1500000,
        "incomeBeforeTax": -5000000,
        "incomeBeforeTaxRatio": -0.023923445,
        "incomeTaxExpense": -1500000,
        "netIncome": -3500000,
        "netIncomeRatio": -0.0167464115,
        "eps": -0.0975,
        "epsdiluted": -0.0974,
        "weightedAverageShsOut": 35894346,
        "weightedAverageShsOutDil": 35937054,
        "link": "",
        "finalLink": ""
    },
    {
        "date": "1992-03-31",
        "symbol": "AIT",
        "reportedCurrency": "USD",
        "cik": "0000109563",
        "fillingDate": "1992-03-31",
        "acceptedDate": "1992-03-30 19:00:00",
        "calendarYear": "1992",
        "period": "Q3",
        "revenue": 208100000,
        "costOfRevenue": 152900000,
        "grossProfit": 55200000,
        "grossProfitRatio": 0.2652570879,
        "researchAndDevelopmentExpenses": 0,
        "generalAndAdministrativeExpenses": 0,
        "sellingAndMarketingExpenses": 0,
        "sellingGeneralAndAdministrativeExpenses": 50000000,
        "otherExpenses": 3100000,
        "operatingExpenses": 53100000,
        "costAndExpenses": 206000000,
        "interestIncome": 0,
        "interestExpense": 0,
        "depreciationAndAmortization": 3200000,
        "ebitda": 5300000,
        "ebitdaratio": 0.0254685247,
        "operatingIncome": 2100000,
        "operatingIncomeRatio": 0.0100913023,
        "totalOtherIncomeExpensesNet": -1500000,
        "incomeBeforeTax": 600000,
        "incomeBeforeTaxRatio": 0.0028832292,
        "incomeTaxExpense": 200000,
        "netIncome": 400000,
        "netIncomeRatio": 0.0019221528,
        "eps": 0.0026,
        "epsdiluted": 0.0026,
        "weightedAverageShsOut": 35806684,
        "weightedAverageShsOutDil": 35806684,
        "link": "",
        "finalLink": ""
    },
    {
        "date": "1991-12-31",
        "symbol": "AIT",
        "reportedCurrency": "USD",
        "cik": "0000109563",
        "fillingDate": "1991-12-31",
        "acceptedDate": "1991-12-30 19:00:00",
        "calendarYear": "1992",
        "period": "Q2",
        "revenue": 198600000,
        "costOfRevenue": 143200000,
        "grossProfit": 55400000,
        "grossProfitRatio": 0.2789526687,
        "researchAndDevelopmentExpenses": 0,
        "generalAndAdministrativeExpenses": 0,
        "sellingAndMarketingExpenses": 0,
        "sellingGeneralAndAdministrativeExpenses": 49600000,
        "otherExpenses": 3300000,
        "operatingExpenses": 52900000,
        "costAndExpenses": 196100000,
        "interestIncome": 0,
        "interestExpense": 0,
        "depreciationAndAmortization": 3300000,
        "ebitda": 5800000,
        "ebitdaratio": 0.029204431,
        "operatingIncome": 2500000,
        "operatingIncomeRatio": 0.0125881168,
        "totalOtherIncomeExpensesNet": -1700000,
        "incomeBeforeTax": 800000,
        "incomeBeforeTaxRatio": 0.0040281974,
        "incomeTaxExpense": 400000,
        "netIncome": 400000,
        "netIncomeRatio": 0.0020140987,
        "eps": 0.0018,
        "epsdiluted": 0.0018,
        "weightedAverageShsOut": 35745996,
        "weightedAverageShsOutDil": 35745996,
        "link": "",
        "finalLink": ""
    },
    {
        "date": "1991-09-30",
        "symbol": "AIT",
        "reportedCurrency": "USD",
        "cik": "0000109563",
        "fillingDate": "1991-09-30",
        "acceptedDate": "1991-09-29 20:00:00",
        "calendarYear": "1992",
        "period": "Q1",
        "revenue": 202000000,
        "costOfRevenue": 150400000,
        "grossProfit": 51600000,
        "grossProfitRatio": 0.2554455446,
        "researchAndDevelopmentExpenses": 0,
        "generalAndAdministrativeExpenses": 0,
        "sellingAndMarketingExpenses": 0,
        "sellingGeneralAndAdministrativeExpenses": 48100000,
        "otherExpenses": 0,
        "operatingExpenses": 48100000,
        "costAndExpenses": 198500000,
        "interestIncome": 0,
        "interestExpense": 0,
        "depreciationAndAmortization": 0,
        "ebitda": 3500000,
        "ebitdaratio": 0.0173267327,
        "operatingIncome": 3500000,
        "operatingIncomeRatio": 0.0173267327,
        "totalOtherIncomeExpensesNet": -1800000,
        "incomeBeforeTax": 1700000,
        "incomeBeforeTaxRatio": 0.0084158416,
        "incomeTaxExpense": 700000,
        "netIncome": 1000000,
        "netIncomeRatio": 0.004950495,
        "eps": 0.0062,
        "epsdiluted": 0.0062,
        "weightedAverageShsOut": 35692049,
        "weightedAverageShsOutDil": 35692049,
        "link": "",
        "finalLink": ""
    },
    {
        "date": "1991-06-30",
        "symbol": "AIT",
        "reportedCurrency": "USD",
        "cik": "0000109563",
        "fillingDate": "1991-06-30",
        "acceptedDate": "1991-06-29 20:00:00",
        "calendarYear": "1991",
        "period": "Q4",
        "revenue": 203600000,
        "costOfRevenue": 143800000,
        "grossProfit": 59800000,
        "grossProfitRatio": 0.2937131631,
        "researchAndDevelopmentExpenses": 0,
        "generalAndAdministrativeExpenses": 0,
        "sellingAndMarketingExpenses": 0,
        "sellingGeneralAndAdministrativeExpenses": 51100000,
        "otherExpenses": 2700000,
        "operatingExpenses": 53800000,
        "costAndExpenses": 197600000,
        "interestIncome": 0,
        "interestExpense": 0,
        "depreciationAndAmortization": 2700000,
        "ebitda": 8700000,
        "ebitdaratio": 0.0427308448,
        "operatingIncome": 6000000,
        "operatingIncomeRatio": 0.0294695481,
        "totalOtherIncomeExpensesNet": -2100000,
        "incomeBeforeTax": 3900000,
        "incomeBeforeTaxRatio": 0.0191552063,
        "incomeTaxExpense": 1800000,
        "netIncome": 2100000,
        "netIncomeRatio": 0.0103143418,
        "eps": 0.059,
        "epsdiluted": 0.059,
        "weightedAverageShsOut": 35653837,
        "weightedAverageShsOutDil": 35692049,
        "link": "",
        "finalLink": ""
    },
    {
        "date": "1991-03-31",
        "symbol": "AIT",
        "reportedCurrency": "USD",
        "cik": "0000109563",
        "fillingDate": "1991-03-31",
        "acceptedDate": "1991-03-30 19:00:00",
        "calendarYear": "1991",
        "period": "Q3",
        "revenue": 201200000,
        "costOfRevenue": 144000000,
        "grossProfit": 57200000,
        "grossProfitRatio": 0.2842942346,
        "researchAndDevelopmentExpenses": 0,
        "generalAndAdministrativeExpenses": 0,
        "sellingAndMarketingExpenses": 0,
        "sellingGeneralAndAdministrativeExpenses": 51400000,
        "otherExpenses": 2800000,
        "operatingExpenses": 54200000,
        "costAndExpenses": 198200000,
        "interestIncome": 0,
        "interestExpense": 0,
        "depreciationAndAmortization": 2800000,
        "ebitda": 5800000,
        "ebitdaratio": 0.0288270378,
        "operatingIncome": 3000000,
        "operatingIncomeRatio": 0.0149105368,
        "totalOtherIncomeExpensesNet": -2300000,
        "incomeBeforeTax": 700000,
        "incomeBeforeTaxRatio": 0.0034791252,
        "incomeTaxExpense": 300000,
        "netIncome": 400000,
        "netIncomeRatio": 0.0019880716,
        "eps": 0.0026,
        "epsdiluted": 0.0026,
        "weightedAverageShsOut": 35620121,
        "weightedAverageShsOutDil": 35620121,
        "link": "",
        "finalLink": ""
    },
    {
        "date": "1990-12-31",
        "symbol": "AIT",
        "reportedCurrency": "USD",
        "cik": "0000109563",
        "fillingDate": "1990-12-31",
        "acceptedDate": "1990-12-30 19:00:00",
        "calendarYear": "1991",
        "period": "Q2",
        "revenue": 203200000,
        "costOfRevenue": 151700000,
        "grossProfit": 51500000,
        "grossProfitRatio": 0.2534448819,
        "researchAndDevelopmentExpenses": 0,
        "generalAndAdministrativeExpenses": 0,
        "sellingAndMarketingExpenses": 0,
        "sellingGeneralAndAdministrativeExpenses": 47600000,
        "otherExpenses": 0,
        "operatingExpenses": 47600000,
        "costAndExpenses": 199300000,
        "interestIncome": 0,
        "interestExpense": 0,
        "depreciationAndAmortization": 0,
        "ebitda": 3900000,
        "ebitdaratio": 0.0191929134,
        "operatingIncome": 3900000,
        "operatingIncomeRatio": 0.0191929134,
        "totalOtherIncomeExpensesNet": -2700000,
        "incomeBeforeTax": 1200000,
        "incomeBeforeTaxRatio": 0.0059055118,
        "incomeTaxExpense": 500000,
        "netIncome": 700000,
        "netIncomeRatio": 0.0034448819,
        "eps": 0.0044,
        "epsdiluted": 0.0044,
        "weightedAverageShsOut": 35732508,
        "weightedAverageShsOutDil": 35732508,
        "link": "",
        "finalLink": ""
    },
    {
        "date": "1990-09-30",
        "symbol": "AIT",
        "reportedCurrency": "USD",
        "cik": "0000109563",
        "fillingDate": "1990-09-30",
        "acceptedDate": "1990-09-29 20:00:00",
        "calendarYear": "1991",
        "period": "Q1",
        "revenue": 206000000,
        "costOfRevenue": 155300000,
        "grossProfit": 50700000,
        "grossProfitRatio": 0.2461165049,
        "researchAndDevelopmentExpenses": 0,
        "generalAndAdministrativeExpenses": 0,
        "sellingAndMarketingExpenses": 0,
        "sellingGeneralAndAdministrativeExpenses": 46500000,
        "otherExpenses": 0,
        "operatingExpenses": 46500000,
        "costAndExpenses": 201800000,
        "interestIncome": 0,
        "interestExpense": 0,
        "depreciationAndAmortization": 0,
        "ebitda": 4200000,
        "ebitdaratio": 0.0203883495,
        "operatingIncome": 4200000,
        "operatingIncomeRatio": 0.0203883495,
        "totalOtherIncomeExpensesNet": -2400000,
        "incomeBeforeTax": 1800000,
        "incomeBeforeTaxRatio": 0.0087378641,
        "incomeTaxExpense": 700000,
        "netIncome": 1100000,
        "netIncomeRatio": 0.0053398058,
        "eps": 0.0062,
        "epsdiluted": 0.0062,
        "weightedAverageShsOut": 35986505,
        "weightedAverageShsOutDil": 35986505,
        "link": "",
        "finalLink": ""
    },
    {
        "date": "1990-06-30",
        "symbol": "AIT",
        "reportedCurrency": "USD",
        "cik": "0000109563",
        "fillingDate": "1990-06-30",
        "acceptedDate": "1990-06-29 20:00:00",
        "calendarYear": "1990",
        "period": "Q4",
        "revenue": 164900000,
        "costOfRevenue": 115300000,
        "grossProfit": 49600000,
        "grossProfitRatio": 0.3007883566,
        "researchAndDevelopmentExpenses": 0,
        "generalAndAdministrativeExpenses": 0,
        "sellingAndMarketingExpenses": 0,
        "sellingGeneralAndAdministrativeExpenses": 34200000,
        "otherExpenses": 8200000,
        "operatingExpenses": 42400000,
        "costAndExpenses": 157700000,
        "interestIncome": 0,
        "interestExpense": 0,
        "depreciationAndAmortization": 0,
        "ebitda": 7200000,
        "ebitdaratio": 0.043662826,
        "operatingIncome": 7200000,
        "operatingIncomeRatio": 0.043662826,
        "totalOtherIncomeExpensesNet": -5500000,
        "incomeBeforeTax": 1700000,
        "incomeBeforeTaxRatio": 0.0103092784,
        "incomeTaxExpense": 900000,
        "netIncome": 800000,
        "netIncomeRatio": 0.0048514251,
        "eps": 0.022,
        "epsdiluted": 0.022,
        "weightedAverageShsOut": 35966274,
        "weightedAverageShsOutDil": 35986505,
        "link": "",
        "finalLink": ""
    },
    {
        "date": "1990-03-31",
        "symbol": "AIT",
        "reportedCurrency": "USD",
        "cik": "0000109563",
        "fillingDate": "1990-03-31",
        "acceptedDate": "1990-03-30 19:00:00",
        "calendarYear": "1990",
        "period": "Q3",
        "revenue": 171100000,
        "costOfRevenue": 129900000,
        "grossProfit": 41200000,
        "grossProfitRatio": 0.2407948568,
        "researchAndDevelopmentExpenses": 0,
        "generalAndAdministrativeExpenses": 0,
        "sellingAndMarketingExpenses": 0,
        "sellingGeneralAndAdministrativeExpenses": 35000000,
        "otherExpenses": 0,
        "operatingExpenses": 35000000,
        "costAndExpenses": 164900000,
        "interestIncome": 0,
        "interestExpense": 0,
        "depreciationAndAmortization": 0,
        "ebitda": 6200000,
        "ebitdaratio": 0.0362361192,
        "operatingIncome": 6200000,
        "operatingIncomeRatio": 0.0362361192,
        "totalOtherIncomeExpensesNet": -1000000,
        "incomeBeforeTax": 5200000,
        "incomeBeforeTaxRatio": 0.0303915839,
        "incomeTaxExpense": 2100000,
        "netIncome": 3100000,
        "netIncomeRatio": 0.0181180596,
        "eps": 0.0167,
        "epsdiluted": 0.0167,
        "weightedAverageShsOut": 35948292,
        "weightedAverageShsOutDil": 35948292,
        "link": "",
        "finalLink": ""
    },
    {
        "date": "1989-12-31",
        "symbol": "AIT",
        "reportedCurrency": "USD",
        "cik": "0000109563",
        "fillingDate": "1989-12-31",
        "acceptedDate": "1989-12-30 19:00:00",
        "calendarYear": "1990",
        "period": "Q2",
        "revenue": 158700000,
        "costOfRevenue": 119200000,
        "grossProfit": 39500000,
        "grossProfitRatio": 0.2488972905,
        "researchAndDevelopmentExpenses": 0,
        "generalAndAdministrativeExpenses": 0,
        "sellingAndMarketingExpenses": 0,
        "sellingGeneralAndAdministrativeExpenses": 31700000,
        "otherExpenses": 0,
        "operatingExpenses": 31700000,
        "costAndExpenses": 150900000,
        "interestIncome": 0,
        "interestExpense": 0,
        "depreciationAndAmortization": 0,
        "ebitda": 7800000,
        "ebitdaratio": 0.0491493384,
        "operatingIncome": 7800000,
        "operatingIncomeRatio": 0.0491493384,
        "totalOtherIncomeExpensesNet": -1200000,
        "incomeBeforeTax": 6600000,
        "incomeBeforeTaxRatio": 0.0415879017,
        "incomeTaxExpense": 2500000,
        "netIncome": 4100000,
        "netIncomeRatio": 0.0258349086,
        "eps": 0.0228,
        "epsdiluted": 0.0228,
        "weightedAverageShsOut": 36026964,
        "weightedAverageShsOutDil": 36026964,
        "link": "",
        "finalLink": ""
    },
    {
        "date": "1989-09-30",
        "symbol": "AIT",
        "reportedCurrency": "USD",
        "cik": "0000109563",
        "fillingDate": "1989-09-30",
        "acceptedDate": "1989-09-29 20:00:00",
        "calendarYear": "1990",
        "period": "Q1",
        "revenue": 156600000,
        "costOfRevenue": 0,
        "grossProfit": 0,
        "grossProfitRatio": 0,
        "researchAndDevelopmentExpenses": 0,
        "generalAndAdministrativeExpenses": 0,
        "sellingAndMarketingExpenses": 0,
        "sellingGeneralAndAdministrativeExpenses": 0,
        "otherExpenses": 156600000,
        "operatingExpenses": 156600000,
        "costAndExpenses": 156600000,
        "interestIncome": 0,
        "interestExpense": 0,
        "depreciationAndAmortization": 0,
        "ebitda": 156600000,
        "ebitdaratio": 1,
        "operatingIncome": 156600000,
        "operatingIncomeRatio": 1,
        "totalOtherIncomeExpensesNet": -156600000,
        "incomeBeforeTax": 0,
        "incomeBeforeTaxRatio": 0,
        "incomeTaxExpense": 0,
        "netIncome": 4200000,
        "netIncomeRatio": 0.0268199234,
        "eps": 0.022,
        "epsdiluted": 0.022,
        "weightedAverageShsOut": 36631609,
        "weightedAverageShsOutDil": 36631609,
        "link": "",
        "finalLink": ""
    },
    {
        "date": "1989-06-30",
        "symbol": "AIT",
        "reportedCurrency": "USD",
        "cik": "0000109563",
        "fillingDate": "1989-06-30",
        "acceptedDate": "1989-06-29 20:00:00",
        "calendarYear": "1989",
        "period": "Q4",
        "revenue": 168200000,
        "costOfRevenue": 0,
        "grossProfit": 0,
        "grossProfitRatio": 0,
        "researchAndDevelopmentExpenses": 0,
        "generalAndAdministrativeExpenses": 0,
        "sellingAndMarketingExpenses": 0,
        "sellingGeneralAndAdministrativeExpenses": 0,
        "otherExpenses": 168200000,
        "operatingExpenses": 168200000,
        "costAndExpenses": 168200000,
        "interestIncome": 0,
        "interestExpense": 0,
        "depreciationAndAmortization": 0,
        "ebitda": -428700000,
        "ebitdaratio": -2.5487514863,
        "operatingIncome": -428700000,
        "operatingIncomeRatio": -2.5487514863,
        "totalOtherIncomeExpensesNet": 428700000,
        "incomeBeforeTax": 0,
        "incomeBeforeTaxRatio": 0,
        "incomeTaxExpense": 0,
        "netIncome": 5800000,
        "netIncomeRatio": 0.0344827586,
        "eps": 0.1583332034,
        "epsdiluted": 0.1583332034,
        "weightedAverageShsOut": 36631609,
        "weightedAverageShsOutDil": 36631609,
        "link": "",
        "finalLink": ""
    },
    {
        "date": "1989-03-31",
        "symbol": "AIT",
        "reportedCurrency": "USD",
        "cik": "0000109563",
        "fillingDate": "1989-03-31",
        "acceptedDate": "1989-03-30 19:00:00",
        "calendarYear": "1989",
        "period": "Q3",
        "revenue": 165400000,
        "costOfRevenue": 0,
        "grossProfit": 0,
        "grossProfitRatio": 0,
        "researchAndDevelopmentExpenses": 0,
        "generalAndAdministrativeExpenses": 0,
        "sellingAndMarketingExpenses": 0,
        "sellingGeneralAndAdministrativeExpenses": 0,
        "otherExpenses": 165400000,
        "operatingExpenses": 165400000,
        "costAndExpenses": 165400000,
        "interestIncome": 0,
        "interestExpense": 0,
        "depreciationAndAmortization": 0,
        "ebitda": 165400000,
        "ebitdaratio": 1,
        "operatingIncome": 165400000,
        "operatingIncomeRatio": 1,
        "totalOtherIncomeExpensesNet": -165400000,
        "incomeBeforeTax": 0,
        "incomeBeforeTaxRatio": 0,
        "incomeTaxExpense": 0,
        "netIncome": 4400000,
        "netIncomeRatio": 0.0266021765,
        "eps": 0.0158,
        "epsdiluted": 0.0158,
        "weightedAverageShsOut": 37928562,
        "weightedAverageShsOutDil": 37928562,
        "link": "",
        "finalLink": ""
    },
    {
        "date": "1988-12-31",
        "symbol": "AIT",
        "reportedCurrency": "USD",
        "cik": "0000109563",
        "fillingDate": "1988-12-31",
        "acceptedDate": "1988-12-30 19:00:00",
        "calendarYear": "1989",
        "period": "Q2",
        "revenue": 153300000,
        "costOfRevenue": 0,
        "grossProfit": 0,
        "grossProfitRatio": 0,
        "researchAndDevelopmentExpenses": 0,
        "generalAndAdministrativeExpenses": 0,
        "sellingAndMarketingExpenses": 0,
        "sellingGeneralAndAdministrativeExpenses": 0,
        "otherExpenses": 153300000,
        "operatingExpenses": 153300000,
        "costAndExpenses": 153300000,
        "interestIncome": 0,
        "interestExpense": 0,
        "depreciationAndAmortization": 0,
        "ebitda": 153300000,
        "ebitdaratio": 1,
        "operatingIncome": 153300000,
        "operatingIncomeRatio": 1,
        "totalOtherIncomeExpensesNet": -153300000,
        "incomeBeforeTax": 0,
        "incomeBeforeTaxRatio": 0,
        "incomeTaxExpense": 0,
        "netIncome": 4300000,
        "netIncomeRatio": 0.028049576,
        "eps": 0.0152,
        "epsdiluted": 0.0152,
        "weightedAverageShsOut": 38294946,
        "weightedAverageShsOutDil": 38294946,
        "link": "",
        "finalLink": ""
    },
    {
        "date": "1988-09-30",
        "symbol": "AIT",
        "reportedCurrency": "USD",
        "cik": "0000109563",
        "fillingDate": "1988-09-30",
        "acceptedDate": "1988-09-29 20:00:00",
        "calendarYear": "1989",
        "period": "Q1",
        "revenue": 143500000,
        "costOfRevenue": 0,
        "grossProfit": 0,
        "grossProfitRatio": 0,
        "researchAndDevelopmentExpenses": 0,
        "generalAndAdministrativeExpenses": 0,
        "sellingAndMarketingExpenses": 0,
        "sellingGeneralAndAdministrativeExpenses": 0,
        "otherExpenses": 143500000,
        "operatingExpenses": 143500000,
        "costAndExpenses": 143500000,
        "interestIncome": 0,
        "interestExpense": 0,
        "depreciationAndAmortization": 0,
        "ebitda": 143500000,
        "ebitdaratio": 1,
        "operatingIncome": 143500000,
        "operatingIncomeRatio": 1,
        "totalOtherIncomeExpensesNet": -143500000,
        "incomeBeforeTax": 0,
        "incomeBeforeTaxRatio": 0,
        "incomeTaxExpense": 0,
        "netIncome": 3700000,
        "netIncomeRatio": 0.0257839721,
        "eps": 0.0123,
        "epsdiluted": 0.0123,
        "weightedAverageShsOut": 39023217,
        "weightedAverageShsOutDil": 39023217,
        "link": "",
        "finalLink": ""
    },
    {
        "date": "1988-06-30",
        "symbol": "AIT",
        "reportedCurrency": "USD",
        "cik": "0000109563",
        "fillingDate": "1988-06-30",
        "acceptedDate": "1988-06-29 20:00:00",
        "calendarYear": "1988",
        "period": "Q4",
        "revenue": 145600000,
        "costOfRevenue": 0,
        "grossProfit": 0,
        "grossProfitRatio": 0,
        "researchAndDevelopmentExpenses": 0,
        "generalAndAdministrativeExpenses": 0,
        "sellingAndMarketingExpenses": 0,
        "sellingGeneralAndAdministrativeExpenses": 0,
        "otherExpenses": 145600000,
        "operatingExpenses": 145600000,
        "costAndExpenses": 145600000,
        "interestIncome": 0,
        "interestExpense": 0,
        "depreciationAndAmortization": 0,
        "ebitda": -372300000,
        "ebitdaratio": -2.5570054945,
        "operatingIncome": -372300000,
        "operatingIncomeRatio": -2.5570054945,
        "totalOtherIncomeExpensesNet": 372300000,
        "incomeBeforeTax": 0,
        "incomeBeforeTaxRatio": 0,
        "incomeTaxExpense": 0,
        "netIncome": 4800000,
        "netIncomeRatio": 0.032967033,
        "eps": 0.123003698,
        "epsdiluted": 0.123003698,
        "weightedAverageShsOut": 39023217,
        "weightedAverageShsOutDil": 39023217,
        "link": "",
        "finalLink": ""
    },
    {
        "date": "1988-03-31",
        "symbol": "AIT",
        "reportedCurrency": "USD",
        "cik": "0000109563",
        "fillingDate": "1988-03-31",
        "acceptedDate": "1988-03-30 19:00:00",
        "calendarYear": "1988",
        "period": "Q3",
        "revenue": 140100000,
        "costOfRevenue": 0,
        "grossProfit": 0,
        "grossProfitRatio": 0,
        "researchAndDevelopmentExpenses": 0,
        "generalAndAdministrativeExpenses": 0,
        "sellingAndMarketingExpenses": 0,
        "sellingGeneralAndAdministrativeExpenses": 0,
        "otherExpenses": 140100000,
        "operatingExpenses": 140100000,
        "costAndExpenses": 140100000,
        "interestIncome": 0,
        "interestExpense": 0,
        "depreciationAndAmortization": 0,
        "ebitda": 140100000,
        "ebitdaratio": 1,
        "operatingIncome": 140100000,
        "operatingIncomeRatio": 1,
        "totalOtherIncomeExpensesNet": -140100000,
        "incomeBeforeTax": 0,
        "incomeBeforeTaxRatio": 0,
        "incomeTaxExpense": 0,
        "netIncome": 3600000,
        "netIncomeRatio": 0.0256959315,
        "eps": 0.0082,
        "epsdiluted": 0.0082,
        "weightedAverageShsOut": 38901838,
        "weightedAverageShsOutDil": 38901838,
        "link": "",
        "finalLink": ""
    },
    {
        "date": "1987-12-31",
        "symbol": "AIT",
        "reportedCurrency": "USD",
        "cik": "0000109563",
        "fillingDate": "1987-12-31",
        "acceptedDate": "1987-12-30 19:00:00",
        "calendarYear": "1988",
        "period": "Q2",
        "revenue": 132300000,
        "costOfRevenue": 0,
        "grossProfit": 0,
        "grossProfitRatio": 0,
        "researchAndDevelopmentExpenses": 0,
        "generalAndAdministrativeExpenses": 0,
        "sellingAndMarketingExpenses": 0,
        "sellingGeneralAndAdministrativeExpenses": 0,
        "otherExpenses": 132300000,
        "operatingExpenses": 132300000,
        "costAndExpenses": 132300000,
        "interestIncome": 0,
        "interestExpense": 0,
        "depreciationAndAmortization": 0,
        "ebitda": 132300000,
        "ebitdaratio": 1,
        "operatingIncome": 132300000,
        "operatingIncomeRatio": 1,
        "totalOtherIncomeExpensesNet": -132300000,
        "incomeBeforeTax": 0,
        "incomeBeforeTaxRatio": 0,
        "incomeTaxExpense": 0,
        "netIncome": 1600000,
        "netIncomeRatio": 0.0120937264,
        "eps": 0.0035,
        "epsdiluted": 0.0035,
        "weightedAverageShsOut": 42077912,
        "weightedAverageShsOutDil": 42077912,
        "link": "",
        "finalLink": ""
    },
    {
        "date": "1987-09-30",
        "symbol": "AIT",
        "reportedCurrency": "USD",
        "cik": "0000109563",
        "fillingDate": "1987-09-30",
        "acceptedDate": "1987-09-29 20:00:00",
        "calendarYear": "1988",
        "period": "Q1",
        "revenue": 124900000,
        "costOfRevenue": 0,
        "grossProfit": 0,
        "grossProfitRatio": 0,
        "researchAndDevelopmentExpenses": 0,
        "generalAndAdministrativeExpenses": 0,
        "sellingAndMarketingExpenses": 0,
        "sellingGeneralAndAdministrativeExpenses": 0,
        "otherExpenses": 124900000,
        "operatingExpenses": 124900000,
        "costAndExpenses": 124900000,
        "interestIncome": 0,
        "interestExpense": 0,
        "depreciationAndAmortization": 0,
        "ebitda": 124900000,
        "ebitdaratio": 1,
        "operatingIncome": 124900000,
        "operatingIncomeRatio": 1,
        "totalOtherIncomeExpensesNet": -124900000,
        "incomeBeforeTax": 0,
        "incomeBeforeTaxRatio": 0,
        "incomeTaxExpense": 0,
        "netIncome": 5000000,
        "netIncomeRatio": 0.0400320256,
        "eps": 0.0105,
        "epsdiluted": 0.0055,
        "weightedAverageShsOut": 42077912,
        "weightedAverageShsOutDil": 42077912,
        "link": "",
        "finalLink": ""
    },
    {
        "date": "1987-06-30",
        "symbol": "AIT",
        "reportedCurrency": "USD",
        "cik": "0000109563",
        "fillingDate": "1987-06-30",
        "acceptedDate": "1987-06-29 20:00:00",
        "calendarYear": "1987",
        "period": "Q4",
        "revenue": 130500000,
        "costOfRevenue": 0,
        "grossProfit": 0,
        "grossProfitRatio": 0,
        "researchAndDevelopmentExpenses": 0,
        "generalAndAdministrativeExpenses": 0,
        "sellingAndMarketingExpenses": 0,
        "sellingGeneralAndAdministrativeExpenses": 0,
        "otherExpenses": 130500000,
        "operatingExpenses": 130500000,
        "costAndExpenses": 130500000,
        "interestIncome": 0,
        "interestExpense": 0,
        "depreciationAndAmortization": 0,
        "ebitda": -346600000,
        "ebitdaratio": -2.6559386973,
        "operatingIncome": -346600000,
        "operatingIncomeRatio": -2.6559386973,
        "totalOtherIncomeExpensesNet": 346600000,
        "incomeBeforeTax": 0,
        "incomeBeforeTaxRatio": 0,
        "incomeTaxExpense": 0,
        "netIncome": 800000,
        "netIncomeRatio": 0.0061302682,
        "eps": 0.0190123502,
        "epsdiluted": 0.0190123502,
        "weightedAverageShsOut": 42077912,
        "weightedAverageShsOutDil": 42077912,
        "link": "",
        "finalLink": ""
    },
    {
        "date": "1987-03-31",
        "symbol": "AIT",
        "reportedCurrency": "USD",
        "cik": "0000109563",
        "fillingDate": "1987-03-31",
        "acceptedDate": "1987-03-30 19:00:00",
        "calendarYear": "1987",
        "period": "Q3",
        "revenue": 125000000,
        "costOfRevenue": 0,
        "grossProfit": 0,
        "grossProfitRatio": 0,
        "researchAndDevelopmentExpenses": 0,
        "generalAndAdministrativeExpenses": 0,
        "sellingAndMarketingExpenses": 0,
        "sellingGeneralAndAdministrativeExpenses": 0,
        "otherExpenses": 125000000,
        "operatingExpenses": 125000000,
        "costAndExpenses": 125000000,
        "interestIncome": 0,
        "interestExpense": 0,
        "depreciationAndAmortization": 0,
        "ebitda": 125000000,
        "ebitdaratio": 1,
        "operatingIncome": 125000000,
        "operatingIncomeRatio": 1,
        "totalOtherIncomeExpensesNet": -125000000,
        "incomeBeforeTax": 0,
        "incomeBeforeTaxRatio": 0,
        "incomeTaxExpense": 0,
        "netIncome": 2000000,
        "netIncomeRatio": 0.016,
        "eps": 0.0039,
        "epsdiluted": 0.0039,
        "weightedAverageShsOut": 43502987,
        "weightedAverageShsOutDil": 43502987,
        "link": "",
        "finalLink": ""
    },
    {
        "date": "1986-12-31",
        "symbol": "AIT",
        "reportedCurrency": "USD",
        "cik": "0000109563",
        "fillingDate": "1986-12-31",
        "acceptedDate": "1986-12-30 19:00:00",
        "calendarYear": "1987",
        "period": "Q2",
        "revenue": 118300000,
        "costOfRevenue": 0,
        "grossProfit": 0,
        "grossProfitRatio": 0,
        "researchAndDevelopmentExpenses": 0,
        "generalAndAdministrativeExpenses": 0,
        "sellingAndMarketingExpenses": 0,
        "sellingGeneralAndAdministrativeExpenses": 0,
        "otherExpenses": 118300000,
        "operatingExpenses": 118300000,
        "costAndExpenses": 118300000,
        "interestIncome": 0,
        "interestExpense": 0,
        "depreciationAndAmortization": 0,
        "ebitda": 118300000,
        "ebitdaratio": 1,
        "operatingIncome": 118300000,
        "operatingIncomeRatio": 1,
        "totalOtherIncomeExpensesNet": -118300000,
        "incomeBeforeTax": 0,
        "incomeBeforeTaxRatio": 0,
        "incomeTaxExpense": 0,
        "netIncome": 1300000,
        "netIncomeRatio": 0.010989011,
        "eps": 0.0027,
        "epsdiluted": 0.0027,
        "weightedAverageShsOut": 45658580,
        "weightedAverageShsOutDil": 45658580,
        "link": "",
        "finalLink": ""
    },
    {
        "date": "1986-09-30",
        "symbol": "AIT",
        "reportedCurrency": "USD",
        "cik": "0000109563",
        "fillingDate": "1986-09-30",
        "acceptedDate": "1986-09-29 20:00:00",
        "calendarYear": "1987",
        "period": "Q1",
        "revenue": 117200000,
        "costOfRevenue": 0,
        "grossProfit": 0,
        "grossProfitRatio": 0,
        "researchAndDevelopmentExpenses": 0,
        "generalAndAdministrativeExpenses": 0,
        "sellingAndMarketingExpenses": 0,
        "sellingGeneralAndAdministrativeExpenses": 0,
        "otherExpenses": 117200000,
        "operatingExpenses": 117200000,
        "costAndExpenses": 117200000,
        "interestIncome": 0,
        "interestExpense": 0,
        "depreciationAndAmortization": 0,
        "ebitda": 117200000,
        "ebitdaratio": 1,
        "operatingIncome": 117200000,
        "operatingIncomeRatio": 1,
        "totalOtherIncomeExpensesNet": -117200000,
        "incomeBeforeTax": 0,
        "incomeBeforeTaxRatio": 0,
        "incomeTaxExpense": 0,
        "netIncome": 2000000,
        "netIncomeRatio": 0.0170648464,
        "eps": 0.0039,
        "epsdiluted": 0.0039,
        "weightedAverageShsOut": 45537201,
        "weightedAverageShsOutDil": 45537201,
        "link": "",
        "finalLink": ""
    },
    {
        "date": "1986-06-30",
        "symbol": "AIT",
        "reportedCurrency": "USD",
        "cik": "0000109563",
        "fillingDate": "1986-06-30",
        "acceptedDate": "1986-06-29 20:00:00",
        "calendarYear": "1986",
        "period": "Q4",
        "revenue": 126300000,
        "costOfRevenue": 0,
        "grossProfit": 0,
        "grossProfitRatio": 0,
        "researchAndDevelopmentExpenses": 0,
        "generalAndAdministrativeExpenses": 0,
        "sellingAndMarketingExpenses": 0,
        "sellingGeneralAndAdministrativeExpenses": 0,
        "otherExpenses": 126300000,
        "operatingExpenses": 126300000,
        "costAndExpenses": 126300000,
        "interestIncome": 0,
        "interestExpense": 0,
        "depreciationAndAmortization": 0,
        "ebitda": -343900000,
        "ebitdaratio": -2.7228820269,
        "operatingIncome": -343900000,
        "operatingIncomeRatio": -2.7228820269,
        "totalOtherIncomeExpensesNet": 343900000,
        "incomeBeforeTax": 0,
        "incomeBeforeTaxRatio": 0,
        "incomeTaxExpense": 0,
        "netIncome": 1700000,
        "netIncomeRatio": 0.0134600158,
        "eps": 0.0373321145,
        "epsdiluted": 0.0373321145,
        "weightedAverageShsOut": 45537201,
        "weightedAverageShsOutDil": 45537201,
        "link": "",
        "finalLink": ""
    },
    {
        "date": "1986-03-31",
        "symbol": "AIT",
        "reportedCurrency": "USD",
        "cik": "0000109563",
        "fillingDate": "1986-03-31",
        "acceptedDate": "1986-03-30 19:00:00",
        "calendarYear": "1986",
        "period": "Q3",
        "revenue": 122300000,
        "costOfRevenue": 0,
        "grossProfit": 0,
        "grossProfitRatio": 0,
        "researchAndDevelopmentExpenses": 0,
        "generalAndAdministrativeExpenses": 0,
        "sellingAndMarketingExpenses": 0,
        "sellingGeneralAndAdministrativeExpenses": 0,
        "otherExpenses": 122300000,
        "operatingExpenses": 122300000,
        "costAndExpenses": 122300000,
        "interestIncome": 0,
        "interestExpense": 0,
        "depreciationAndAmortization": 0,
        "ebitda": 122300000,
        "ebitdaratio": 1,
        "operatingIncome": 122300000,
        "operatingIncomeRatio": 1,
        "totalOtherIncomeExpensesNet": -122300000,
        "incomeBeforeTax": 0,
        "incomeBeforeTaxRatio": 0,
        "incomeTaxExpense": 0,
        "netIncome": -4400000,
        "netIncomeRatio": -0.0359771055,
        "eps": -0.0086,
        "epsdiluted": -0.0086,
        "weightedAverageShsOut": 45501237,
        "weightedAverageShsOutDil": 45501237,
        "link": "",
        "finalLink": ""
    },
    {
        "date": "1985-12-31",
        "symbol": "AIT",
        "reportedCurrency": "USD",
        "cik": "0000109563",
        "fillingDate": "1985-12-31",
        "acceptedDate": "1985-12-30 19:00:00",
        "calendarYear": "1986",
        "period": "Q2",
        "revenue": 121700000,
        "costOfRevenue": 0,
        "grossProfit": 0,
        "grossProfitRatio": 0,
        "researchAndDevelopmentExpenses": 0,
        "generalAndAdministrativeExpenses": 0,
        "sellingAndMarketingExpenses": 0,
        "sellingGeneralAndAdministrativeExpenses": 0,
        "otherExpenses": 121700000,
        "operatingExpenses": 121700000,
        "costAndExpenses": 121700000,
        "interestIncome": 0,
        "interestExpense": 0,
        "depreciationAndAmortization": 0,
        "ebitda": 121700000,
        "ebitdaratio": 1,
        "operatingIncome": 121700000,
        "operatingIncomeRatio": 1,
        "totalOtherIncomeExpensesNet": -121700000,
        "incomeBeforeTax": 0,
        "incomeBeforeTaxRatio": 0,
        "incomeTaxExpense": 0,
        "netIncome": 2700000,
        "netIncomeRatio": 0.0221857025,
        "eps": 0.0051,
        "epsdiluted": 0.0047,
        "weightedAverageShsOut": 45429309,
        "weightedAverageShsOutDil": 45429309,
        "link": "",
        "finalLink": ""
    },
    {
        "date": "1985-09-30",
        "symbol": "AIT",
        "reportedCurrency": "USD",
        "cik": "0000109563",
        "fillingDate": "1985-09-30",
        "acceptedDate": "1985-09-29 20:00:00",
        "calendarYear": "1986",
        "period": "Q1",
        "revenue": 119900000,
        "costOfRevenue": 0,
        "grossProfit": 0,
        "grossProfitRatio": 0,
        "researchAndDevelopmentExpenses": 0,
        "generalAndAdministrativeExpenses": 0,
        "sellingAndMarketingExpenses": 0,
        "sellingGeneralAndAdministrativeExpenses": 0,
        "otherExpenses": 119900000,
        "operatingExpenses": 119900000,
        "costAndExpenses": 119900000,
        "interestIncome": 0,
        "interestExpense": 0,
        "depreciationAndAmortization": 0,
        "ebitda": 119900000,
        "ebitdaratio": 1,
        "operatingIncome": 119900000,
        "operatingIncomeRatio": 1,
        "totalOtherIncomeExpensesNet": -119900000,
        "incomeBeforeTax": 0,
        "incomeBeforeTaxRatio": 0,
        "incomeTaxExpense": 0,
        "netIncome": 2300000,
        "netIncomeRatio": 0.0191826522,
        "eps": 0.0043,
        "epsdiluted": 0.0043,
        "weightedAverageShsOut": 45427061,
        "weightedAverageShsOutDil": 45427061,
        "link": "",
        "finalLink": ""
    }
]