[
    {
        "date": "2025-06-30",
        "symbol": "AIV",
        "reportedCurrency": "USD",
        "cik": "0000922864",
        "fillingDate": "2025-08-11",
        "acceptedDate": "2025-08-11 16:26:07",
        "calendarYear": "2025",
        "period": "Q2",
        "revenue": 52758000,
        "costOfRevenue": 23192000,
        "grossProfit": 29566000,
        "grossProfitRatio": 0.5604079002,
        "researchAndDevelopmentExpenses": 0,
        "generalAndAdministrativeExpenses": 7798000,
        "sellingAndMarketingExpenses": 0,
        "sellingGeneralAndAdministrativeExpenses": 7798000,
        "otherExpenses": 16363000,
        "operatingExpenses": 24161000,
        "costAndExpenses": 47353000,
        "interestIncome": 1546000,
        "interestExpense": 18002000,
        "depreciationAndAmortization": 16363000,
        "ebitda": 22960000,
        "ebitdaratio": 0.4351946624,
        "operatingIncome": 5405000,
        "operatingIncomeRatio": 0.1024489177,
        "totalOtherIncomeExpensesNet": -16810000,
        "incomeBeforeTax": -11405000,
        "incomeBeforeTaxRatio": -0.2161757459,
        "incomeTaxExpense": 5571000,
        "netIncome": -19305000,
        "netIncomeRatio": -0.3659160696,
        "eps": -0.14,
        "epsdiluted": -0.14,
        "weightedAverageShsOut": 137341000,
        "weightedAverageShsOutDil": 137341000,
        "link": "https://www.sec.gov/Archives/edgar/data/922864/000119312525177967/0001193125-25-177967-index.htm",
        "finalLink": "https://www.sec.gov/Archives/edgar/data/922864/000119312525177967/aiv-20250630.htm"
    },
    {
        "date": "2025-03-31",
        "symbol": "AIV",
        "reportedCurrency": "USD",
        "cik": "0000922864",
        "fillingDate": "2025-05-08",
        "acceptedDate": "2025-05-08 16:20:22",
        "calendarYear": "2025",
        "period": "Q1",
        "revenue": 52352000,
        "costOfRevenue": 23065000,
        "grossProfit": 29287000,
        "grossProfitRatio": 0.5594246638,
        "researchAndDevelopmentExpenses": 0,
        "generalAndAdministrativeExpenses": 8180000,
        "sellingAndMarketingExpenses": 0,
        "sellingGeneralAndAdministrativeExpenses": 8180000,
        "otherExpenses": 16421000,
        "operatingExpenses": 24601000,
        "costAndExpenses": 47666000,
        "interestIncome": 2092000,
        "interestExpense": 17438000,
        "depreciationAndAmortization": 16421000,
        "ebitda": 22062000,
        "ebitdaratio": 0.4214165648,
        "operatingIncome": 4686000,
        "operatingIncomeRatio": 0.0895094743,
        "totalOtherIncomeExpensesNet": -16483000,
        "incomeBeforeTax": -11797000,
        "incomeBeforeTaxRatio": -0.2253400061,
        "incomeTaxExpense": -85000,
        "netIncome": -13916000,
        "netIncomeRatio": -0.2658160147,
        "eps": -0.1,
        "epsdiluted": -0.1,
        "weightedAverageShsOut": 136903000,
        "weightedAverageShsOutDil": 136903000,
        "link": "https://www.sec.gov/Archives/edgar/data/922864/000095017025067034/0000950170-25-067034-index.htm",
        "finalLink": "https://www.sec.gov/Archives/edgar/data/922864/000095017025067034/aiv-20250331.htm"
    },
    {
        "date": "2024-12-31",
        "symbol": "AIV",
        "reportedCurrency": "USD",
        "cik": "0000922864",
        "fillingDate": "2025-02-24",
        "acceptedDate": "2025-02-24 17:05:21",
        "calendarYear": "2024",
        "period": "Q4",
        "revenue": 54171000,
        "costOfRevenue": 23891000,
        "grossProfit": 30280000,
        "grossProfitRatio": 0.558970667,
        "researchAndDevelopmentExpenses": 0,
        "generalAndAdministrativeExpenses": 8961000,
        "sellingAndMarketingExpenses": 0,
        "sellingGeneralAndAdministrativeExpenses": 8961000,
        "otherExpenses": 0,
        "operatingExpenses": 8961000,
        "costAndExpenses": 55591000,
        "interestIncome": 2170000,
        "interestExpense": 20836000,
        "depreciationAndAmortization": 21236000,
        "ebitda": 19816000,
        "ebitdaratio": 0.3658045818,
        "operatingIncome": -1420000,
        "operatingIncomeRatio": -0.0262132876,
        "totalOtherIncomeExpensesNet": -8556000,
        "incomeBeforeTax": -9976000,
        "incomeBeforeTaxRatio": -0.1841575751,
        "incomeTaxExpense": -2340000,
        "netIncome": -9820000,
        "netIncomeRatio": -0.1812778055,
        "eps": -0.083,
        "epsdiluted": -0.083,
        "weightedAverageShsOut": 136659000,
        "weightedAverageShsOutDil": 136659000,
        "link": "https://www.sec.gov/Archives/edgar/data/922864/000095017025025775/0000950170-25-025775-index.htm",
        "finalLink": "https://www.sec.gov/Archives/edgar/data/922864/000095017025025775/aiv-20241231.htm"
    },
    {
        "date": "2024-09-30",
        "symbol": "AIV",
        "reportedCurrency": "USD",
        "cik": "0000922864",
        "fillingDate": "2024-11-07",
        "acceptedDate": "2024-11-07 16:45:51",
        "calendarYear": "2024",
        "period": "Q3",
        "revenue": 53158000,
        "costOfRevenue": 23337000,
        "grossProfit": 29821000,
        "grossProfitRatio": 0.560987998,
        "researchAndDevelopmentExpenses": 0,
        "generalAndAdministrativeExpenses": 7750000,
        "sellingAndMarketingExpenses": 0,
        "sellingGeneralAndAdministrativeExpenses": 7750000,
        "otherExpenses": 0,
        "operatingExpenses": 7750000,
        "costAndExpenses": 57798000,
        "interestIncome": 2299000,
        "interestExpense": 19031000,
        "depreciationAndAmortization": 23545000,
        "ebitda": 18697000,
        "ebitdaratio": 0.3517250461,
        "operatingIncome": 1216000,
        "operatingIncomeRatio": 0.0228752022,
        "totalOtherIncomeExpensesNet": -25095000,
        "incomeBeforeTax": -23879000,
        "incomeBeforeTaxRatio": -0.4492080214,
        "incomeTaxExpense": -3814000,
        "netIncome": -21936000,
        "netIncomeRatio": -0.4126566086,
        "eps": -0.16,
        "epsdiluted": -0.16,
        "weightedAverageShsOut": 136749000,
        "weightedAverageShsOutDil": 136749000,
        "link": "https://www.sec.gov/Archives/edgar/data/922864/000095017024123460/0000950170-24-123460-index.htm",
        "finalLink": "https://www.sec.gov/Archives/edgar/data/922864/000095017024123460/aiv-20240930.htm"
    },
    {
        "date": "2024-06-30",
        "symbol": "AIV",
        "reportedCurrency": "USD",
        "cik": "0000922864",
        "fillingDate": "2024-08-07",
        "acceptedDate": "2024-08-07 16:20:32",
        "calendarYear": "2024",
        "period": "Q2",
        "revenue": 51148000,
        "costOfRevenue": 22110000,
        "grossProfit": 29038000,
        "grossProfitRatio": 0.5677250332,
        "researchAndDevelopmentExpenses": 0,
        "generalAndAdministrativeExpenses": 7577000,
        "sellingAndMarketingExpenses": 0,
        "sellingGeneralAndAdministrativeExpenses": 7577000,
        "otherExpenses": -1286000,
        "operatingExpenses": 29687000,
        "costAndExpenses": 75651000,
        "interestIncome": 2535000,
        "interestExpense": 16820000,
        "depreciationAndAmortization": 22110000,
        "ebitda": -2393000,
        "ebitdaratio": -0.0467857981,
        "operatingIncome": -24503000,
        "operatingIncomeRatio": -0.4790607648,
        "totalOtherIncomeExpensesNet": -62195000,
        "incomeBeforeTax": -63291000,
        "incomeBeforeTaxRatio": -1.2374090874,
        "incomeTaxExpense": -2188000,
        "netIncome": -60526000,
        "netIncomeRatio": -1.1833502776,
        "eps": -0.43,
        "epsdiluted": -0.43,
        "weightedAverageShsOut": 139816000,
        "weightedAverageShsOutDil": 139816000,
        "link": "https://www.sec.gov/Archives/edgar/data/922864/000095017024092826/0000950170-24-092826-index.htm",
        "finalLink": "https://www.sec.gov/Archives/edgar/data/922864/000095017024092826/aiv-20240630.htm"
    },
    {
        "date": "2024-03-31",
        "symbol": "AIV",
        "reportedCurrency": "USD",
        "cik": "0000922864",
        "fillingDate": "2024-05-08",
        "acceptedDate": "2024-05-08 16:25:37",
        "calendarYear": "2024",
        "period": "Q1",
        "revenue": 50203000,
        "costOfRevenue": 40667000,
        "grossProfit": 9536000,
        "grossProfitRatio": 0.1899488078,
        "researchAndDevelopmentExpenses": 0,
        "generalAndAdministrativeExpenses": 8549000,
        "sellingAndMarketingExpenses": 0,
        "sellingGeneralAndAdministrativeExpenses": 8549000,
        "otherExpenses": -8749000,
        "operatingExpenses": 8749000,
        "costAndExpenses": 49416000,
        "interestIncome": 2648000,
        "interestExpense": 13370000,
        "depreciationAndAmortization": 19468000,
        "ebitda": 20767000,
        "ebitdaratio": 0.4136605382,
        "operatingIncome": 787000,
        "operatingIncomeRatio": 0.015676354,
        "totalOtherIncomeExpensesNet": -10913000,
        "incomeBeforeTax": -9926000,
        "incomeBeforeTaxRatio": -0.1977172679,
        "incomeTaxExpense": -2730000,
        "netIncome": -10186000,
        "netIncomeRatio": -0.2028962413,
        "eps": -0.0724,
        "epsdiluted": -0.0724,
        "weightedAverageShsOut": 140594000,
        "weightedAverageShsOutDil": 140594000,
        "link": "https://www.sec.gov/Archives/edgar/data/922864/000095017024055744/0000950170-24-055744-index.htm",
        "finalLink": "https://www.sec.gov/Archives/edgar/data/922864/000095017024055744/aiv-20240331.htm"
    },
    {
        "date": "2023-12-31",
        "symbol": "AIV",
        "reportedCurrency": "USD",
        "cik": "0000922864",
        "fillingDate": "2024-02-26",
        "acceptedDate": "2024-02-26 16:47:37",
        "calendarYear": "2023",
        "period": "Q4",
        "revenue": 49352000,
        "costOfRevenue": 36793000,
        "grossProfit": 12559000,
        "grossProfitRatio": 0.2544780353,
        "researchAndDevelopmentExpenses": 0,
        "generalAndAdministrativeExpenses": 8378000,
        "sellingAndMarketingExpenses": 0,
        "sellingGeneralAndAdministrativeExpenses": 8378000,
        "otherExpenses": -12279000,
        "operatingExpenses": 12279000,
        "costAndExpenses": 49072000,
        "interestIncome": 2709000,
        "interestExpense": 10085000,
        "depreciationAndAmortization": 17728000,
        "ebitda": -127483000,
        "ebitdaratio": -2.5831374615,
        "operatingIncome": 280000,
        "operatingIncomeRatio": 0.0056735289,
        "totalOtherIncomeExpensesNet": -159739000,
        "incomeBeforeTax": -155296000,
        "incomeBeforeTaxRatio": -3.1467012482,
        "incomeTaxExpense": -1929000,
        "netIncome": -151500000,
        "netIncomeRatio": -3.0697844059,
        "eps": -1.07,
        "epsdiluted": -1.07,
        "weightedAverageShsOut": 141203000,
        "weightedAverageShsOutDil": 141203000,
        "link": "https://www.sec.gov/Archives/edgar/data/922864/000095017024020232/0000950170-24-020232-index.htm",
        "finalLink": "https://www.sec.gov/Archives/edgar/data/922864/000095017024020232/aiv-20231231.htm"
    },
    {
        "date": "2023-09-30",
        "symbol": "AIV",
        "reportedCurrency": "USD",
        "cik": "0000922864",
        "fillingDate": "2023-11-06",
        "acceptedDate": "2023-11-06 16:20:32",
        "calendarYear": "2023",
        "period": "Q3",
        "revenue": 47701000,
        "costOfRevenue": 18328000,
        "grossProfit": 29373000,
        "grossProfitRatio": 0.6157732542,
        "researchAndDevelopmentExpenses": 0,
        "generalAndAdministrativeExpenses": 8198000,
        "sellingAndMarketingExpenses": 0,
        "sellingGeneralAndAdministrativeExpenses": 8198000,
        "otherExpenses": -1593000,
        "operatingExpenses": 26002000,
        "costAndExpenses": 44330000,
        "interestIncome": 2486000,
        "interestExpense": 8252000,
        "depreciationAndAmortization": 17804000,
        "ebitda": 21495000,
        "ebitdaratio": 0.4506194839,
        "operatingIncome": 123000,
        "operatingIncomeRatio": 0.0025785623,
        "totalOtherIncomeExpensesNet": -7907000,
        "incomeBeforeTax": -4536000,
        "incomeBeforeTaxRatio": -0.0950923461,
        "incomeTaxExpense": -6210000,
        "netIncome": -2260000,
        "netIncomeRatio": -0.0473784617,
        "eps": -0.0158,
        "epsdiluted": -0.0158,
        "weightedAverageShsOut": 143299000,
        "weightedAverageShsOutDil": 143299000,
        "link": "https://www.sec.gov/Archives/edgar/data/922864/000095017023059416/0000950170-23-059416-index.htm",
        "finalLink": "https://www.sec.gov/Archives/edgar/data/922864/000095017023059416/aiv-20230930.htm"
    },
    {
        "date": "2023-06-30",
        "symbol": "AIV",
        "reportedCurrency": "USD",
        "cik": "0000922864",
        "fillingDate": "2023-08-07",
        "acceptedDate": "2023-08-07 16:21:36",
        "calendarYear": "2023",
        "period": "Q2",
        "revenue": 45674000,
        "costOfRevenue": 18783000,
        "grossProfit": 26891000,
        "grossProfitRatio": 0.5887594693,
        "researchAndDevelopmentExpenses": 0,
        "generalAndAdministrativeExpenses": 7890000,
        "sellingAndMarketingExpenses": 0,
        "sellingGeneralAndAdministrativeExpenses": 7890000,
        "otherExpenses": -1413000,
        "operatingExpenses": 24921000,
        "costAndExpenses": 43704000,
        "interestIncome": 2478000,
        "interestExpense": 9656000,
        "depreciationAndAmortization": 17031000,
        "ebitda": 19001000,
        "ebitdaratio": 0.4160134869,
        "operatingIncome": 178000,
        "operatingIncomeRatio": 0.0038971844,
        "totalOtherIncomeExpensesNet": -2243000,
        "incomeBeforeTax": -273000,
        "incomeBeforeTaxRatio": -0.0059771424,
        "incomeTaxExpense": -417000,
        "netIncome": -3602000,
        "netIncomeRatio": -0.0788632482,
        "eps": -0.025,
        "epsdiluted": -0.025,
        "weightedAverageShsOut": 144195000,
        "weightedAverageShsOutDil": 144195000,
        "link": "https://www.sec.gov/Archives/edgar/data/922864/000095017023039094/0000950170-23-039094-index.htm",
        "finalLink": "https://www.sec.gov/Archives/edgar/data/922864/000095017023039094/aiv-20230630.htm"
    },
    {
        "date": "2023-03-31",
        "symbol": "AIV",
        "reportedCurrency": "USD",
        "cik": "0000922864",
        "fillingDate": "2023-05-04",
        "acceptedDate": "2023-05-04 16:31:07",
        "calendarYear": "2023",
        "period": "Q1",
        "revenue": 44268000,
        "costOfRevenue": 17504000,
        "grossProfit": 26764000,
        "grossProfitRatio": 0.6045902232,
        "researchAndDevelopmentExpenses": 0,
        "generalAndAdministrativeExpenses": 8403000,
        "sellingAndMarketingExpenses": 0,
        "sellingGeneralAndAdministrativeExpenses": 8403000,
        "otherExpenses": 16271000,
        "operatingExpenses": 24674000,
        "costAndExpenses": 42178000,
        "interestIncome": 2058000,
        "interestExpense": 9725000,
        "depreciationAndAmortization": 16271000,
        "ebitda": 16047000,
        "ebitdaratio": 0.3624966115,
        "operatingIncome": 833000,
        "operatingIncomeRatio": 0.0188172043,
        "totalOtherIncomeExpensesNet": -10782000,
        "incomeBeforeTax": -9949000,
        "incomeBeforeTaxRatio": -0.2247447366,
        "incomeTaxExpense": -4196000,
        "netIncome": -5753000,
        "netIncomeRatio": -0.129958435,
        "eps": -0.0395,
        "epsdiluted": -0.0395,
        "weightedAverageShsOut": 145827000,
        "weightedAverageShsOutDil": 145827000,
        "link": "https://www.sec.gov/Archives/edgar/data/922864/000095017023017930/0000950170-23-017930-index.htm",
        "finalLink": "https://www.sec.gov/Archives/edgar/data/922864/000095017023017930/aiv-20230331.htm"
    },
    {
        "date": "2022-12-31",
        "symbol": "AIV",
        "reportedCurrency": "USD",
        "cik": "0000922864",
        "fillingDate": "2023-02-27",
        "acceptedDate": "2023-02-27 17:02:16",
        "calendarYear": "2022",
        "period": "Q4",
        "revenue": 41969000,
        "costOfRevenue": 15408000,
        "grossProfit": 26561000,
        "grossProfitRatio": 0.6328718816,
        "researchAndDevelopmentExpenses": 0,
        "generalAndAdministrativeExpenses": 10430000,
        "sellingAndMarketingExpenses": 0,
        "sellingGeneralAndAdministrativeExpenses": 10430000,
        "otherExpenses": 15548000,
        "operatingExpenses": 25978000,
        "costAndExpenses": 41386000,
        "interestIncome": 2016000,
        "interestExpense": 7977000,
        "depreciationAndAmortization": 15548000,
        "ebitda": -315895000,
        "ebitdaratio": -7.5268650671,
        "operatingIncome": -210645000,
        "operatingIncomeRatio": -5.0190616884,
        "totalOtherIncomeExpensesNet": -1767000,
        "incomeBeforeTax": -212412000,
        "incomeBeforeTaxRatio": -5.0611641926,
        "incomeTaxExpense": -7074000,
        "netIncome": -205338000,
        "netIncomeRatio": -4.892611213,
        "eps": -1.38,
        "epsdiluted": -1.38,
        "weightedAverageShsOut": 148755000,
        "weightedAverageShsOutDil": 148755000,
        "link": "https://www.sec.gov/Archives/edgar/data/922864/000095017023004699/0000950170-23-004699-index.htm",
        "finalLink": "https://www.sec.gov/Archives/edgar/data/922864/000095017023004699/aiv-20221231.htm"
    },
    {
        "date": "2022-09-30",
        "symbol": "AIV",
        "reportedCurrency": "USD",
        "cik": "0000922864",
        "fillingDate": "2022-11-07",
        "acceptedDate": "2022-11-07 16:32:17",
        "calendarYear": "2022",
        "period": "Q3",
        "revenue": 47683000,
        "costOfRevenue": 17455000,
        "grossProfit": 30228000,
        "grossProfitRatio": 0.6339366231,
        "researchAndDevelopmentExpenses": 0,
        "generalAndAdministrativeExpenses": 10809000,
        "sellingAndMarketingExpenses": 0,
        "sellingGeneralAndAdministrativeExpenses": 10809000,
        "otherExpenses": 85438000,
        "operatingExpenses": 96247000,
        "costAndExpenses": 113702000,
        "interestIncome": 381000,
        "interestExpense": 9719000,
        "depreciationAndAmortization": 85438000,
        "ebitda": 122754000,
        "ebitdaratio": 2.5743766122,
        "operatingIncome": -57851000,
        "operatingIncomeRatio": -1.2132416165,
        "totalOtherIncomeExpensesNet": 18164000,
        "incomeBeforeTax": 16610000,
        "incomeBeforeTaxRatio": 0.3483421765,
        "incomeTaxExpense": -17563000,
        "netIncome": 29472000,
        "netIncomeRatio": 0.618081916,
        "eps": 0.2,
        "epsdiluted": 0.19,
        "weightedAverageShsOut": 149611000,
        "weightedAverageShsOutDil": 151197000,
        "link": "https://www.sec.gov/Archives/edgar/data/922864/000095017022022652/0000950170-22-022652-index.htm",
        "finalLink": "https://www.sec.gov/Archives/edgar/data/922864/000095017022022652/aiv-20220930.htm"
    },
    {
        "date": "2022-06-30",
        "symbol": "AIV",
        "reportedCurrency": "USD",
        "cik": "0000922864",
        "fillingDate": "2022-08-04",
        "acceptedDate": "2022-08-04 16:31:19",
        "calendarYear": "2022",
        "period": "Q2",
        "revenue": 50697000,
        "costOfRevenue": 19708000,
        "grossProfit": 30989000,
        "grossProfitRatio": 0.6112590489,
        "researchAndDevelopmentExpenses": 0,
        "generalAndAdministrativeExpenses": 8961000,
        "sellingAndMarketingExpenses": 0,
        "sellingGeneralAndAdministrativeExpenses": 8961000,
        "otherExpenses": -1413000,
        "operatingExpenses": 43824000,
        "costAndExpenses": 63532000,
        "interestIncome": 565000,
        "interestExpense": 41546000,
        "depreciationAndAmortization": 34863000,
        "ebitda": 22072000,
        "ebitdaratio": 0.4353709292,
        "operatingIncome": -12791000,
        "operatingIncomeRatio": -0.2523028976,
        "totalOtherIncomeExpensesNet": 311959000,
        "incomeBeforeTax": 299168000,
        "incomeBeforeTaxRatio": 5.9010986843,
        "incomeTaxExpense": 45957000,
        "netIncome": 239137000,
        "netIncomeRatio": 4.716985226,
        "eps": 1.58,
        "epsdiluted": 1.57,
        "weightedAverageShsOut": 149600000,
        "weightedAverageShsOutDil": 150423000,
        "link": "https://www.sec.gov/Archives/edgar/data/922864/000095017022014793/0000950170-22-014793-index.htm",
        "finalLink": "https://www.sec.gov/Archives/edgar/data/922864/000095017022014793/aiv-20220630.htm"
    },
    {
        "date": "2022-03-31",
        "symbol": "AIV",
        "reportedCurrency": "USD",
        "cik": "0000922864",
        "fillingDate": "2022-05-09",
        "acceptedDate": "2022-05-09 16:39:48",
        "calendarYear": "2022",
        "period": "Q1",
        "revenue": 49994000,
        "costOfRevenue": 19221000,
        "grossProfit": 30773000,
        "grossProfitRatio": 0.6155338641,
        "researchAndDevelopmentExpenses": 0,
        "generalAndAdministrativeExpenses": 9472000,
        "sellingAndMarketingExpenses": 0,
        "sellingGeneralAndAdministrativeExpenses": 9472000,
        "otherExpenses": 23118000,
        "operatingExpenses": 32590000,
        "costAndExpenses": 51811000,
        "interestIncome": 555000,
        "interestExpense": 14601000,
        "depreciationAndAmortization": 23118000,
        "ebitda": 24997000,
        "ebitdaratio": 0.5,
        "operatingIncome": 1879000,
        "operatingIncomeRatio": 0.0375845101,
        "totalOtherIncomeExpensesNet": 6491000,
        "incomeBeforeTax": 6056000,
        "incomeBeforeTaxRatio": 0.1211345361,
        "incomeTaxExpense": -4056000,
        "netIncome": 8209000,
        "netIncomeRatio": 0.164199704,
        "eps": 0.0548,
        "epsdiluted": 0.0546,
        "weightedAverageShsOut": 149790000,
        "weightedAverageShsOutDil": 150348000,
        "link": "https://www.sec.gov/Archives/edgar/data/922864/000095017022008537/0000950170-22-008537-index.htm",
        "finalLink": "https://www.sec.gov/Archives/edgar/data/922864/000095017022008537/aiv-20220331.htm"
    },
    {
        "date": "2021-12-31",
        "symbol": "AIV",
        "reportedCurrency": "USD",
        "cik": "0000922864",
        "fillingDate": "2022-03-01",
        "acceptedDate": "2022-03-01 17:23:27",
        "calendarYear": "2021",
        "period": "Q4",
        "revenue": 46722000,
        "costOfRevenue": 16113000,
        "grossProfit": 30609000,
        "grossProfitRatio": 0.6551303454,
        "researchAndDevelopmentExpenses": 0,
        "generalAndAdministrativeExpenses": 10588000,
        "sellingAndMarketingExpenses": 0,
        "sellingGeneralAndAdministrativeExpenses": 10588000,
        "otherExpenses": 7982000,
        "operatingExpenses": 32236000,
        "costAndExpenses": 48349000,
        "interestIncome": 2277000,
        "interestExpense": 14908000,
        "depreciationAndAmortization": 21648000,
        "ebitda": 20992000,
        "ebitdaratio": 0.4492958349,
        "operatingIncome": 9800000,
        "operatingIncomeRatio": 0.2097512949,
        "totalOtherIncomeExpensesNet": -3243000,
        "incomeBeforeTax": -4871000,
        "incomeBeforeTaxRatio": -0.1042549548,
        "incomeTaxExpense": -3689000,
        "netIncome": -1418000,
        "netIncomeRatio": -0.0303497282,
        "eps": -0.0095,
        "epsdiluted": -0.0095,
        "weightedAverageShsOut": 149369000,
        "weightedAverageShsOutDil": 149480000,
        "link": "https://www.sec.gov/Archives/edgar/data/922864/000156459022008111/0001564590-22-008111-index.htm",
        "finalLink": "https://www.sec.gov/Archives/edgar/data/922864/000156459022008111/aiv-10k_20211231.htm"
    },
    {
        "date": "2021-09-30",
        "symbol": "AIV",
        "reportedCurrency": "USD",
        "cik": "0000922864",
        "fillingDate": "2021-11-09",
        "acceptedDate": "2021-11-09 16:38:05",
        "calendarYear": "2021",
        "period": "Q3",
        "revenue": 42893000,
        "costOfRevenue": 18155000,
        "grossProfit": 24738000,
        "grossProfitRatio": 0.576737463,
        "researchAndDevelopmentExpenses": 0,
        "generalAndAdministrativeExpenses": 8868000,
        "sellingAndMarketingExpenses": 0,
        "sellingGeneralAndAdministrativeExpenses": 8868000,
        "otherExpenses": 1785000,
        "operatingExpenses": 30577000,
        "costAndExpenses": 48732000,
        "interestIncome": 0,
        "interestExpense": 12680000,
        "depreciationAndAmortization": 21709000,
        "ebitda": 15870000,
        "ebitdaratio": 0.3699904413,
        "operatingIncome": -5839000,
        "operatingIncomeRatio": -0.1361294384,
        "totalOtherIncomeExpensesNet": -1028000,
        "incomeBeforeTax": -6867000,
        "incomeBeforeTaxRatio": -0.160096053,
        "incomeTaxExpense": -2021000,
        "netIncome": -5016000,
        "netIncomeRatio": -0.1169421584,
        "eps": -0.0335,
        "epsdiluted": -0.0335,
        "weightedAverageShsOut": 149762000,
        "weightedAverageShsOutDil": 149762000,
        "link": "https://www.sec.gov/Archives/edgar/data/922864/000156459021055777/0001564590-21-055777-index.htm",
        "finalLink": "https://www.sec.gov/Archives/edgar/data/922864/000156459021055777/aiv-10q_20210930.htm"
    },
    {
        "date": "2021-06-30",
        "symbol": "AIV",
        "reportedCurrency": "USD",
        "cik": "0000922864",
        "fillingDate": "2021-08-16",
        "acceptedDate": "2021-08-13 18:22:46",
        "calendarYear": "2021",
        "period": "Q2",
        "revenue": 40418000,
        "costOfRevenue": 16403000,
        "grossProfit": 24015000,
        "grossProfitRatio": 0.5941659657,
        "researchAndDevelopmentExpenses": 0,
        "generalAndAdministrativeExpenses": 7383000,
        "sellingAndMarketingExpenses": 0,
        "sellingGeneralAndAdministrativeExpenses": 7383000,
        "otherExpenses": 2918000,
        "operatingExpenses": 28022000,
        "costAndExpenses": 44425000,
        "interestIncome": 0,
        "interestExpense": 12638000,
        "depreciationAndAmortization": 20639000,
        "ebitda": 16632000,
        "ebitdaratio": 0.4114998268,
        "operatingIncome": -4007000,
        "operatingIncomeRatio": -0.0991389975,
        "totalOtherIncomeExpensesNet": -19139000,
        "incomeBeforeTax": -23146000,
        "incomeBeforeTaxRatio": -0.572665644,
        "incomeTaxExpense": -2760000,
        "netIncome": -19690000,
        "netIncomeRatio": -0.4871591865,
        "eps": -0.13,
        "epsdiluted": -0.13,
        "weightedAverageShsOut": 149166000,
        "weightedAverageShsOutDil": 149166000,
        "link": "https://www.sec.gov/Archives/edgar/data/922864/000156459021044377/0001564590-21-044377-index.htm",
        "finalLink": "https://www.sec.gov/Archives/edgar/data/922864/000156459021044377/aiv-10q_20210630.htm"
    },
    {
        "date": "2021-03-31",
        "symbol": "AIV",
        "reportedCurrency": "USD",
        "cik": "0000922864",
        "fillingDate": "2021-05-17",
        "acceptedDate": "2021-05-17 16:36:25",
        "calendarYear": "2021",
        "period": "Q1",
        "revenue": 39804000,
        "costOfRevenue": 16942000,
        "grossProfit": 22862000,
        "grossProfitRatio": 0.5743643855,
        "researchAndDevelopmentExpenses": 0,
        "generalAndAdministrativeExpenses": 6311000,
        "sellingAndMarketingExpenses": 0,
        "sellingGeneralAndAdministrativeExpenses": 6311000,
        "otherExpenses": 363000,
        "operatingExpenses": 27028000,
        "costAndExpenses": 43970000,
        "interestIncome": 0,
        "interestExpense": 12677000,
        "depreciationAndAmortization": 20717000,
        "ebitda": 41898000,
        "ebitdaratio": 1.0526077781,
        "operatingIncome": -4166000,
        "operatingIncomeRatio": -0.104662848,
        "totalOtherIncomeExpensesNet": 20500000,
        "incomeBeforeTax": 16334000,
        "incomeBeforeTaxRatio": 0.4103607678,
        "incomeTaxExpense": -5100000,
        "netIncome": 20214000,
        "netIncomeRatio": 0.5078384082,
        "eps": 0.14,
        "epsdiluted": 0.14,
        "weightedAverageShsOut": 148914000,
        "weightedAverageShsOutDil": 149046000,
        "link": "https://www.sec.gov/Archives/edgar/data/922864/000156459021028429/0001564590-21-028429-index.htm",
        "finalLink": "https://www.sec.gov/Archives/edgar/data/922864/000156459021028429/aiv-10q_20210331.htm"
    },
    {
        "date": "2020-12-31",
        "symbol": "AIV",
        "reportedCurrency": "USD",
        "cik": "0000922864",
        "fillingDate": "2021-04-30",
        "acceptedDate": "2021-04-30 16:02:09",
        "calendarYear": "2020",
        "period": "Q4",
        "revenue": -390154000,
        "costOfRevenue": 15692000,
        "grossProfit": -405846000,
        "grossProfitRatio": 1.0402200157,
        "researchAndDevelopmentExpenses": 0,
        "generalAndAdministrativeExpenses": -4952000,
        "sellingAndMarketingExpenses": 0,
        "sellingGeneralAndAdministrativeExpenses": -4952000,
        "otherExpenses": -162004000,
        "operatingExpenses": -166956000,
        "costAndExpenses": -292362000,
        "interestIncome": 1816000,
        "interestExpense": 0,
        "depreciationAndAmortization": 20292000,
        "ebitda": -79009000,
        "ebitdaratio": 0.2025072151,
        "operatingIncome": -97792000,
        "operatingIncomeRatio": 0.2506497434,
        "totalOtherIncomeExpensesNet": 44777000,
        "incomeBeforeTax": -53015000,
        "incomeBeforeTaxRatio": 0.1358822414,
        "incomeTaxExpense": -8462000,
        "netIncome": -39330000,
        "netIncomeRatio": 0.1008063483,
        "eps": -0.26,
        "epsdiluted": -0.26,
        "weightedAverageShsOut": 148914000,
        "weightedAverageShsOutDil": 149046000,
        "link": "https://www.sec.gov/Archives/edgar/data/922864/000156459021022517/0001564590-21-022517-index.htm",
        "finalLink": "https://www.sec.gov/Archives/edgar/data/922864/000156459021022517/aiv-10ka_20201231.htm"
    },
    {
        "date": "2020-09-30",
        "symbol": "AIV",
        "reportedCurrency": "USD",
        "cik": "0000922864",
        "fillingDate": "2020-11-02",
        "acceptedDate": "2020-10-30 19:41:08",
        "calendarYear": "2020",
        "period": "Q3",
        "revenue": 37328000,
        "costOfRevenue": 15151000,
        "grossProfit": 22177000,
        "grossProfitRatio": 0.5941116588,
        "researchAndDevelopmentExpenses": 0,
        "generalAndAdministrativeExpenses": 1552000,
        "sellingAndMarketingExpenses": 0,
        "sellingGeneralAndAdministrativeExpenses": 1552000,
        "otherExpenses": -775000,
        "operatingExpenses": 20848000,
        "costAndExpenses": 35999000,
        "interestIncome": 3041000,
        "interestExpense": 7103000,
        "depreciationAndAmortization": 19296000,
        "ebitda": 20625000,
        "ebitdaratio": 0.5525342906,
        "operatingIncome": 1329000,
        "operatingIncomeRatio": 0.0356033005,
        "totalOtherIncomeExpensesNet": -2006000,
        "incomeBeforeTax": -677000,
        "incomeBeforeTaxRatio": -0.0181365195,
        "incomeTaxExpense": -2673000,
        "netIncome": 2011000,
        "netIncomeRatio": 0.0538737677,
        "eps": 0.0135,
        "epsdiluted": 0.0135,
        "weightedAverageShsOut": 149036263,
        "weightedAverageShsOutDil": 149036263,
        "link": "https://www.sec.gov/Archives/edgar/data/922864/000156459020049394/0001564590-20-049394-index.htm",
        "finalLink": "https://www.sec.gov/Archives/edgar/data/922864/000156459020049394/aiv-10q_20200930.htm"
    },
    {
        "date": "2020-06-30",
        "symbol": "AIV",
        "reportedCurrency": "USD",
        "cik": "0000922864",
        "fillingDate": "2020-08-04",
        "acceptedDate": "2020-08-04 18:30:41",
        "calendarYear": "2020",
        "period": "Q2",
        "revenue": 37165000,
        "costOfRevenue": 15322000,
        "grossProfit": 21843000,
        "grossProfitRatio": 0.5877303915,
        "researchAndDevelopmentExpenses": 0,
        "generalAndAdministrativeExpenses": 1625000,
        "sellingAndMarketingExpenses": 0,
        "sellingGeneralAndAdministrativeExpenses": 1625000,
        "otherExpenses": -154000,
        "operatingExpenses": 20655000,
        "costAndExpenses": 35977000,
        "interestIncome": 2843000,
        "interestExpense": 5809000,
        "depreciationAndAmortization": 19030000,
        "ebitda": 20218000,
        "ebitdaratio": 0.5440064577,
        "operatingIncome": 1188000,
        "operatingIncomeRatio": 0.031965559,
        "totalOtherIncomeExpensesNet": -107000,
        "incomeBeforeTax": 1081000,
        "incomeBeforeTaxRatio": 0.0290865061,
        "incomeTaxExpense": -2032000,
        "netIncome": 3063000,
        "netIncomeRatio": 0.0824162518,
        "eps": 0.0206,
        "epsdiluted": 0.0206,
        "weightedAverageShsOut": 148865947,
        "weightedAverageShsOutDil": 148865947,
        "link": "https://www.sec.gov/Archives/edgar/data/922864/000156459020036228/0001564590-20-036228-index.htm",
        "finalLink": "https://www.sec.gov/Archives/edgar/data/922864/000156459020036228/aiv-10q_20200630.htm"
    },
    {
        "date": "2020-03-31",
        "symbol": "AIV",
        "reportedCurrency": "USD",
        "cik": "0000922864",
        "fillingDate": "2020-05-11",
        "acceptedDate": "2020-05-08 17:49:39",
        "calendarYear": "2020",
        "period": "Q1",
        "revenue": 38309000,
        "costOfRevenue": 15349000,
        "grossProfit": 22960000,
        "grossProfitRatio": 0.5993369704,
        "researchAndDevelopmentExpenses": 0,
        "generalAndAdministrativeExpenses": 1762000,
        "sellingAndMarketingExpenses": 0,
        "sellingGeneralAndAdministrativeExpenses": 1762000,
        "otherExpenses": -415000,
        "operatingExpenses": 21109000,
        "costAndExpenses": 36458000,
        "interestIncome": 4523000,
        "interestExpense": 5651000,
        "depreciationAndAmortization": 19347000,
        "ebitda": 21198000,
        "ebitdaratio": 0.5533425566,
        "operatingIncome": 1851000,
        "operatingIncomeRatio": 0.0483176277,
        "totalOtherIncomeExpensesNet": 681000,
        "incomeBeforeTax": 2532000,
        "incomeBeforeTaxRatio": 0.0660941293,
        "incomeTaxExpense": -2023000,
        "netIncome": 4427000,
        "netIncomeRatio": 0.1155603122,
        "eps": 0.0297,
        "epsdiluted": 0.0297,
        "weightedAverageShsOut": 148552062,
        "weightedAverageShsOutDil": 148865947,
        "link": "https://www.sec.gov/Archives/edgar/data/922864/000156459020023679/0001564590-20-023679-index.htm",
        "finalLink": "https://www.sec.gov/Archives/edgar/data/922864/000156459020023679/aiv-10q_20200331.htm"
    },
    {
        "date": "2019-12-31",
        "symbol": "AIV",
        "reportedCurrency": "USD",
        "cik": "0000922864",
        "fillingDate": "2020-02-24",
        "acceptedDate": "2020-02-24 16:44:45",
        "calendarYear": "2019",
        "period": "Q4",
        "revenue": 230032000,
        "costOfRevenue": 78768000,
        "grossProfit": 151264000,
        "grossProfitRatio": 0.6575780761,
        "researchAndDevelopmentExpenses": 0,
        "generalAndAdministrativeExpenses": 12723000,
        "sellingAndMarketingExpenses": 101913000,
        "sellingGeneralAndAdministrativeExpenses": 114636000,
        "otherExpenses": 0,
        "operatingExpenses": 114636000,
        "costAndExpenses": 193404000,
        "interestIncome": 0,
        "interestExpense": 45846000,
        "depreciationAndAmortization": 97144000,
        "ebitda": 133772000,
        "ebitdaratio": 0.5815364819,
        "operatingIncome": 36628000,
        "operatingIncomeRatio": 0.1592300202,
        "totalOtherIncomeExpensesNet": 104945000,
        "incomeBeforeTax": 141573000,
        "incomeBeforeTaxRatio": 0.6154491549,
        "incomeTaxExpense": -1193000,
        "netIncome": 133512000,
        "netIncomeRatio": 0.5804062044,
        "eps": 0.9,
        "epsdiluted": 0.9,
        "weightedAverageShsOut": 148700000,
        "weightedAverageShsOutDil": 148700000,
        "link": "https://www.sec.gov/Archives/edgar/data/922864/000156459020006053/0001564590-20-006053-index.htm",
        "finalLink": "https://www.sec.gov/Archives/edgar/data/922864/000156459020006053/aiv-10k_20191231.htm"
    },
    {
        "date": "2019-09-30",
        "symbol": "AIV",
        "reportedCurrency": "USD",
        "cik": "0000922864",
        "fillingDate": "2019-11-04",
        "acceptedDate": "2019-11-04 16:28:59",
        "calendarYear": "2019",
        "period": "Q3",
        "revenue": 229827000,
        "costOfRevenue": 77430000,
        "grossProfit": 152397000,
        "grossProfitRatio": 0.6630944145,
        "researchAndDevelopmentExpenses": 0,
        "generalAndAdministrativeExpenses": 11821000,
        "sellingAndMarketingExpenses": 101949000,
        "sellingGeneralAndAdministrativeExpenses": 113770000,
        "otherExpenses": 0,
        "operatingExpenses": 113770000,
        "costAndExpenses": 191200000,
        "interestIncome": 2824000,
        "interestExpense": 42011000,
        "depreciationAndAmortization": 97538000,
        "ebitda": 136165000,
        "ebitdaratio": 0.5924673776,
        "operatingIncome": 38627000,
        "operatingIncomeRatio": 0.1680698961,
        "totalOtherIncomeExpensesNet": -37753000,
        "incomeBeforeTax": 874000,
        "incomeBeforeTaxRatio": 0.0038028604,
        "incomeTaxExpense": -3096000,
        "netIncome": 1979000,
        "netIncomeRatio": 0.0086108247,
        "eps": 0.0133,
        "epsdiluted": 0.0133,
        "weightedAverageShsOut": 148636000,
        "weightedAverageShsOutDil": 148636000,
        "link": "https://www.sec.gov/Archives/edgar/data/922864/000156459019039821/0001564590-19-039821-index.htm",
        "finalLink": "https://www.sec.gov/Archives/edgar/data/922864/000156459019039821/aiv-10q_20190930.htm"
    },
    {
        "date": "2019-06-30",
        "symbol": "AIV",
        "reportedCurrency": "USD",
        "cik": "0000922864",
        "fillingDate": "2019-08-09",
        "acceptedDate": "2019-08-09 08:03:51",
        "calendarYear": "2019",
        "period": "Q2",
        "revenue": 224200000,
        "costOfRevenue": 75839000,
        "grossProfit": 148361000,
        "grossProfitRatio": 0.661735058,
        "researchAndDevelopmentExpenses": 0,
        "generalAndAdministrativeExpenses": 12124000,
        "sellingAndMarketingExpenses": 96133000,
        "sellingGeneralAndAdministrativeExpenses": 108257000,
        "otherExpenses": 0,
        "operatingExpenses": 108257000,
        "costAndExpenses": 184096000,
        "interestIncome": 3065000,
        "interestExpense": 39541000,
        "depreciationAndAmortization": 91924000,
        "ebitda": 132028000,
        "ebitdaratio": 0.5888849242,
        "operatingIncome": 40104000,
        "operatingIncomeRatio": 0.1788760036,
        "totalOtherIncomeExpensesNet": 28065000,
        "incomeBeforeTax": 68169000,
        "incomeBeforeTaxRatio": 0.3040544157,
        "incomeTaxExpense": -1827000,
        "netIncome": 64459000,
        "netIncomeRatio": 0.2875066905,
        "eps": 0.43,
        "epsdiluted": 0.43,
        "weightedAverageShsOut": 148599000,
        "weightedAverageShsOutDil": 148599000,
        "link": "https://www.sec.gov/Archives/edgar/data/922864/000156459019031035/0001564590-19-031035-index.htm",
        "finalLink": "https://www.sec.gov/Archives/edgar/data/922864/000156459019031035/aiv-10q_20190630.htm"
    },
    {
        "date": "2019-03-31",
        "symbol": "AIV",
        "reportedCurrency": "USD",
        "cik": "0000922864",
        "fillingDate": "2019-05-06",
        "acceptedDate": "2019-05-03 20:00:51",
        "calendarYear": "2019",
        "period": "Q1",
        "revenue": 183181000,
        "costOfRevenue": 63997750,
        "grossProfit": 119183250,
        "grossProfitRatio": 0.6506310698,
        "researchAndDevelopmentExpenses": 0,
        "generalAndAdministrativeExpenses": 6572000,
        "sellingAndMarketingExpenses": 79395750,
        "sellingGeneralAndAdministrativeExpenses": 85967750,
        "otherExpenses": 0,
        "operatingExpenses": 85967750,
        "costAndExpenses": 149965500,
        "interestIncome": 2726000,
        "interestExpense": 33421500,
        "depreciationAndAmortization": 93565000,
        "ebitda": 134979000,
        "ebitdaratio": 0.7368613557,
        "operatingIncome": 33215500,
        "operatingIncomeRatio": 0.1813261201,
        "totalOtherIncomeExpensesNet": -15558250,
        "incomeBeforeTax": 17657250,
        "incomeBeforeTaxRatio": 0.096392366,
        "incomeTaxExpense": -92750,
        "netIncome": 15077000,
        "netIncomeRatio": 0.0823065711,
        "eps": 0.1,
        "epsdiluted": 0.1,
        "weightedAverageShsOut": 148599000,
        "weightedAverageShsOutDil": 148599000,
        "link": "https://www.sec.gov/Archives/edgar/data/922864/000092286419000024/0000922864-19-000024-index.htm",
        "finalLink": "https://www.sec.gov/Archives/edgar/data/922864/000092286419000024/q1201910-q.htm"
    },
    {
        "date": "2018-09-30",
        "symbol": "AIV",
        "reportedCurrency": "USD",
        "cik": "0000922864",
        "fillingDate": "2018-11-05",
        "acceptedDate": "2018-11-02 21:48:40",
        "calendarYear": "2018",
        "period": "Q3",
        "revenue": 242500000,
        "costOfRevenue": 80900000,
        "grossProfit": 161600000,
        "grossProfitRatio": 0.6663917526,
        "researchAndDevelopmentExpenses": 0,
        "generalAndAdministrativeExpenses": 12500000,
        "sellingAndMarketingExpenses": 102100000,
        "sellingGeneralAndAdministrativeExpenses": 114600000,
        "otherExpenses": 0,
        "operatingExpenses": 114600000,
        "costAndExpenses": 195500000,
        "interestIncome": 2712000,
        "interestExpense": 45492000,
        "depreciationAndAmortization": 96400000,
        "ebitda": 143360000,
        "ebitdaratio": 0.5911752577,
        "operatingIncome": 47000000,
        "operatingIncomeRatio": 0.193814433,
        "totalOtherIncomeExpensesNet": -43109000,
        "incomeBeforeTax": 630100000,
        "incomeBeforeTaxRatio": 2.5983505155,
        "incomeTaxExpense": 26200000,
        "netIncome": 570000000,
        "netIncomeRatio": 2.3505154639,
        "eps": 3.75,
        "epsdiluted": 3.75,
        "weightedAverageShsOut": 152200000,
        "weightedAverageShsOutDil": 152200000,
        "link": "https://www.sec.gov/Archives/edgar/data/922864/000092286418000047/0000922864-18-000047-index.htm",
        "finalLink": "https://www.sec.gov/Archives/edgar/data/922864/000092286418000047/q3201810-q.htm"
    },
    {
        "date": "2018-06-30",
        "symbol": "AIV",
        "reportedCurrency": "USD",
        "cik": "0000922864",
        "fillingDate": "2018-08-07",
        "acceptedDate": "2018-08-06 20:20:46",
        "calendarYear": "2018",
        "period": "Q2",
        "revenue": 250200000,
        "costOfRevenue": 85100000,
        "grossProfit": 165100000,
        "grossProfitRatio": 0.6598721023,
        "researchAndDevelopmentExpenses": 0,
        "generalAndAdministrativeExpenses": 13900000,
        "sellingAndMarketingExpenses": 101800000,
        "sellingGeneralAndAdministrativeExpenses": 115700000,
        "otherExpenses": 0,
        "operatingExpenses": 115700000,
        "costAndExpenses": 200800000,
        "interestIncome": 2884000,
        "interestExpense": 49906000,
        "depreciationAndAmortization": 97500000,
        "ebitda": 146846000,
        "ebitdaratio": 0.5869144684,
        "operatingIncome": 49400000,
        "operatingIncomeRatio": 0.1974420464,
        "totalOtherIncomeExpensesNet": -46600000,
        "incomeBeforeTax": 2800000,
        "incomeBeforeTaxRatio": 0.0111910472,
        "incomeTaxExpense": -4300000,
        "netIncome": 5000000,
        "netIncomeRatio": 0.0199840128,
        "eps": 0.0329,
        "epsdiluted": 0.0329,
        "weightedAverageShsOut": 152100000,
        "weightedAverageShsOutDil": 152100000,
        "link": "https://www.sec.gov/Archives/edgar/data/922864/000092286418000037/0000922864-18-000037-index.htm",
        "finalLink": "https://www.sec.gov/Archives/edgar/data/922864/000092286418000037/q2201810-q.htm"
    },
    {
        "date": "2018-03-31",
        "symbol": "AIV",
        "reportedCurrency": "USD",
        "cik": "0000922864",
        "fillingDate": "2018-05-08",
        "acceptedDate": "2018-05-08 16:30:18",
        "calendarYear": "2018",
        "period": "Q1",
        "revenue": 247700000,
        "costOfRevenue": 87500000,
        "grossProfit": 160200000,
        "grossProfitRatio": 0.6467501009,
        "researchAndDevelopmentExpenses": 0,
        "generalAndAdministrativeExpenses": 11400000,
        "sellingAndMarketingExpenses": 95400000,
        "sellingGeneralAndAdministrativeExpenses": 106800000,
        "otherExpenses": 0,
        "operatingExpenses": 106800000,
        "costAndExpenses": 194300000,
        "interestIncome": 2172000,
        "interestExpense": 47795000,
        "depreciationAndAmortization": 92500000,
        "ebitda": 145925000,
        "ebitdaratio": 0.5891199031,
        "operatingIncome": 53400000,
        "operatingIncomeRatio": 0.215583367,
        "totalOtherIncomeExpensesNet": -45422000,
        "incomeBeforeTax": 61200000,
        "incomeBeforeTaxRatio": 0.2470730723,
        "incomeTaxExpense": -34500000,
        "netIncome": 83800000,
        "netIncomeRatio": 0.3383124748,
        "eps": 0.55,
        "epsdiluted": 0.55,
        "weightedAverageShsOut": 152000000,
        "weightedAverageShsOutDil": 152000000,
        "link": "https://www.sec.gov/Archives/edgar/data/922864/000092286418000021/0000922864-18-000021-index.htm",
        "finalLink": "https://www.sec.gov/Archives/edgar/data/922864/000092286418000021/q1201810-q.htm"
    },
    {
        "date": "2017-12-31",
        "symbol": "AIV",
        "reportedCurrency": "USD",
        "cik": "0000922864",
        "fillingDate": "2018-03-01",
        "acceptedDate": "2018-02-28 21:33:40",
        "calendarYear": "2017",
        "period": "Q4",
        "revenue": 255200000,
        "costOfRevenue": 88800000,
        "grossProfit": 166400000,
        "grossProfitRatio": 0.6520376176,
        "researchAndDevelopmentExpenses": 0,
        "generalAndAdministrativeExpenses": 11600000,
        "sellingAndMarketingExpenses": 137500000,
        "sellingGeneralAndAdministrativeExpenses": 149100000,
        "otherExpenses": 0,
        "operatingExpenses": 149100000,
        "costAndExpenses": 237900000,
        "interestIncome": 0,
        "interestExpense": 49193000,
        "depreciationAndAmortization": 97400000,
        "ebitda": 150512000,
        "ebitdaratio": 0.5897805643,
        "operatingIncome": 17300000,
        "operatingIncomeRatio": 0.0677899687,
        "totalOtherIncomeExpensesNet": -47037000,
        "incomeBeforeTax": 271100000,
        "incomeBeforeTaxRatio": 1.0623040752,
        "incomeTaxExpense": -100000,
        "netIncome": 265300000,
        "netIncomeRatio": 1.0395768025,
        "eps": 1.71,
        "epsdiluted": 1.71,
        "weightedAverageShsOut": 155500000,
        "weightedAverageShsOutDil": 155500000,
        "link": "https://www.sec.gov/Archives/edgar/data/922864/000092286418000006/0000922864-18-000006-index.htm",
        "finalLink": "https://www.sec.gov/Archives/edgar/data/922864/000092286418000006/a201710-k.htm"
    },
    {
        "date": "2017-09-30",
        "symbol": "AIV",
        "reportedCurrency": "USD",
        "cik": "0000922864",
        "fillingDate": "2017-11-01",
        "acceptedDate": "2017-11-01 15:59:36",
        "calendarYear": "2017",
        "period": "Q3",
        "revenue": 254600000,
        "costOfRevenue": 90000000,
        "grossProfit": 164600000,
        "grossProfitRatio": 0.6465043205,
        "researchAndDevelopmentExpenses": 0,
        "generalAndAdministrativeExpenses": 10500000,
        "sellingAndMarketingExpenses": 94900000,
        "sellingGeneralAndAdministrativeExpenses": 105400000,
        "otherExpenses": 0,
        "operatingExpenses": 105400000,
        "costAndExpenses": 195400000,
        "interestIncome": 2047000,
        "interestExpense": 50682000,
        "depreciationAndAmortization": 92500000,
        "ebitda": 151718000,
        "ebitdaratio": 0.5959073056,
        "operatingIncome": 59200000,
        "operatingIncomeRatio": 0.2325216025,
        "totalOtherIncomeExpensesNet": -41700000,
        "incomeBeforeTax": 17500000,
        "incomeBeforeTaxRatio": 0.068735271,
        "incomeTaxExpense": -4900000,
        "netIncome": 19900000,
        "netIncomeRatio": 0.0781618225,
        "eps": 0.13,
        "epsdiluted": 0.13,
        "weightedAverageShsOut": 152100000,
        "weightedAverageShsOutDil": 152100000,
        "link": "https://www.sec.gov/Archives/edgar/data/922864/000092286417000043/0000922864-17-000043-index.htm",
        "finalLink": "https://www.sec.gov/Archives/edgar/data/922864/000092286417000043/q3201710-q.htm"
    },
    {
        "date": "2017-06-30",
        "symbol": "AIV",
        "reportedCurrency": "USD",
        "cik": "0000922864",
        "fillingDate": "2017-08-02",
        "acceptedDate": "2017-08-02 13:36:17",
        "calendarYear": "2017",
        "period": "Q2",
        "revenue": 249100000,
        "costOfRevenue": 87400000,
        "grossProfit": 161700000,
        "grossProfitRatio": 0.6491368928,
        "researchAndDevelopmentExpenses": 0,
        "generalAndAdministrativeExpenses": 10100000,
        "sellingAndMarketingExpenses": 91900000,
        "sellingGeneralAndAdministrativeExpenses": 102000000,
        "otherExpenses": 0,
        "operatingExpenses": 102000000,
        "costAndExpenses": 189400000,
        "interestIncome": 2012000,
        "interestExpense": 46858000,
        "depreciationAndAmortization": 89100000,
        "ebitda": 148872000,
        "ebitdaratio": 0.5976395022,
        "operatingIncome": 59700000,
        "operatingIncomeRatio": 0.239662786,
        "totalOtherIncomeExpensesNet": -44600000,
        "incomeBeforeTax": 15100000,
        "incomeBeforeTaxRatio": 0.0606182256,
        "incomeTaxExpense": -5000000,
        "netIncome": 16500000,
        "netIncomeRatio": 0.0662384585,
        "eps": 0.11,
        "epsdiluted": 0.11,
        "weightedAverageShsOut": 152000000,
        "weightedAverageShsOutDil": 152000000,
        "link": "https://www.sec.gov/Archives/edgar/data/922864/000092286417000035/0000922864-17-000035-index.htm",
        "finalLink": "https://www.sec.gov/Archives/edgar/data/922864/000092286417000035/q2201710-q.htm"
    },
    {
        "date": "2017-03-31",
        "symbol": "AIV",
        "reportedCurrency": "USD",
        "cik": "0000922864",
        "fillingDate": "2017-05-05",
        "acceptedDate": "2017-05-04 19:35:32",
        "calendarYear": "2017",
        "period": "Q1",
        "revenue": 246500000,
        "costOfRevenue": 88300000,
        "grossProfit": 158200000,
        "grossProfitRatio": 0.6417849899,
        "researchAndDevelopmentExpenses": 0,
        "generalAndAdministrativeExpenses": 11500000,
        "sellingAndMarketingExpenses": 88900000,
        "sellingGeneralAndAdministrativeExpenses": 100400000,
        "otherExpenses": 0,
        "operatingExpenses": 100400000,
        "costAndExpenses": 188700000,
        "interestIncome": 2192000,
        "interestExpense": 47882000,
        "depreciationAndAmortization": 87200000,
        "ebitda": 144969000,
        "ebitdaratio": 0.5881095335,
        "operatingIncome": 57800000,
        "operatingIncomeRatio": 0.2344827586,
        "totalOtherIncomeExpensesNet": -45200000,
        "incomeBeforeTax": 12600000,
        "incomeBeforeTaxRatio": 0.0511156187,
        "incomeTaxExpense": -5000000,
        "netIncome": 14100000,
        "netIncomeRatio": 0.0572008114,
        "eps": 0.0928,
        "epsdiluted": 0.0928,
        "weightedAverageShsOut": 152000000,
        "weightedAverageShsOutDil": 152000000,
        "link": "https://www.sec.gov/Archives/edgar/data/922864/000092286417000016/0000922864-17-000016-index.htm",
        "finalLink": "https://www.sec.gov/Archives/edgar/data/922864/000092286417000016/q1201710-q.htm"
    },
    {
        "date": "2016-12-31",
        "symbol": "AIV",
        "reportedCurrency": "USD",
        "cik": "0000922864",
        "fillingDate": "2017-02-24",
        "acceptedDate": "2017-02-24 17:08:46",
        "calendarYear": "2016",
        "period": "Q4",
        "revenue": 249500000,
        "costOfRevenue": 84200000,
        "grossProfit": 165300000,
        "grossProfitRatio": 0.6625250501,
        "researchAndDevelopmentExpenses": 0,
        "generalAndAdministrativeExpenses": 11800000,
        "sellingAndMarketingExpenses": 93400000,
        "sellingGeneralAndAdministrativeExpenses": 105200000,
        "otherExpenses": 0,
        "operatingExpenses": 105200000,
        "costAndExpenses": 189400000,
        "interestIncome": 0,
        "interestExpense": 50484000,
        "depreciationAndAmortization": 87700000,
        "ebitda": 147815000,
        "ebitdaratio": 0.5924448898,
        "operatingIncome": 60100000,
        "operatingIncomeRatio": 0.2408817635,
        "totalOtherIncomeExpensesNet": -48000000,
        "incomeBeforeTax": 12100000,
        "incomeBeforeTaxRatio": 0.048496994,
        "incomeTaxExpense": -8700000,
        "netIncome": 7800000,
        "netIncomeRatio": 0.0312625251,
        "eps": 0.0514,
        "epsdiluted": 0.0514,
        "weightedAverageShsOut": 151800000,
        "weightedAverageShsOutDil": 151800000,
        "link": "https://www.sec.gov/Archives/edgar/data/922864/000092286417000006/0000922864-17-000006-index.htm",
        "finalLink": "https://www.sec.gov/Archives/edgar/data/922864/000092286417000006/a201610-k.htm"
    },
    {
        "date": "2016-09-30",
        "symbol": "AIV",
        "reportedCurrency": "USD",
        "cik": "0000922864",
        "fillingDate": "2016-10-28",
        "acceptedDate": "2016-10-28 15:28:49",
        "calendarYear": "2016",
        "period": "Q3",
        "revenue": 248900000,
        "costOfRevenue": 91500000,
        "grossProfit": 157400000,
        "grossProfitRatio": 0.6323824829,
        "researchAndDevelopmentExpenses": 0,
        "generalAndAdministrativeExpenses": 12300000,
        "sellingAndMarketingExpenses": 86400000,
        "sellingGeneralAndAdministrativeExpenses": 98700000,
        "otherExpenses": 0,
        "operatingExpenses": 98700000,
        "costAndExpenses": 190200000,
        "interestIncome": 2163000,
        "interestExpense": 49377000,
        "depreciationAndAmortization": 84900000,
        "ebitda": 143591000,
        "ebitdaratio": 0.5769023704,
        "operatingIncome": 58700000,
        "operatingIncomeRatio": 0.2358376858,
        "totalOtherIncomeExpensesNet": -46600000,
        "incomeBeforeTax": 12100000,
        "incomeBeforeTaxRatio": 0.0486139012,
        "incomeTaxExpense": -3500000,
        "netIncome": 1000000,
        "netIncomeRatio": 0.0040176778,
        "eps": 0.0066,
        "epsdiluted": 0.0066,
        "weightedAverageShsOut": 151400000,
        "weightedAverageShsOutDil": 151400000,
        "link": "https://www.sec.gov/Archives/edgar/data/922864/000092286416000124/0000922864-16-000124-index.htm",
        "finalLink": "https://www.sec.gov/Archives/edgar/data/922864/000092286416000124/q3201610-q.htm"
    },
    {
        "date": "2016-06-30",
        "symbol": "AIV",
        "reportedCurrency": "USD",
        "cik": "0000922864",
        "fillingDate": "2016-07-29",
        "acceptedDate": "2016-07-29 16:14:56",
        "calendarYear": "2016",
        "period": "Q2",
        "revenue": 251200000,
        "costOfRevenue": 88300000,
        "grossProfit": 162900000,
        "grossProfitRatio": 0.6484872611,
        "researchAndDevelopmentExpenses": 0,
        "generalAndAdministrativeExpenses": 12300000,
        "sellingAndMarketingExpenses": 86200000,
        "sellingGeneralAndAdministrativeExpenses": 98500000,
        "otherExpenses": 0,
        "operatingExpenses": 98500000,
        "costAndExpenses": 186800000,
        "interestIncome": 1843000,
        "interestExpense": 48894000,
        "depreciationAndAmortization": 80700000,
        "ebitda": 145127000,
        "ebitdaratio": 0.5777348726,
        "operatingIncome": 64400000,
        "operatingIncomeRatio": 0.2563694268,
        "totalOtherIncomeExpensesNet": -42100000,
        "incomeBeforeTax": 22300000,
        "incomeBeforeTaxRatio": 0.0887738854,
        "incomeTaxExpense": -7100000,
        "netIncome": 7900000,
        "netIncomeRatio": 0.0314490446,
        "eps": 0.0519,
        "epsdiluted": 0.0519,
        "weightedAverageShsOut": 152100000,
        "weightedAverageShsOutDil": 152100000,
        "link": "https://www.sec.gov/Archives/edgar/data/922864/000092286416000112/0000922864-16-000112-index.htm",
        "finalLink": "https://www.sec.gov/Archives/edgar/data/922864/000092286416000112/q2201610-q.htm"
    },
    {
        "date": "2016-03-31",
        "symbol": "AIV",
        "reportedCurrency": "USD",
        "cik": "0000922864",
        "fillingDate": "2016-04-29",
        "acceptedDate": "2016-04-29 15:20:10",
        "calendarYear": "2016",
        "period": "Q1",
        "revenue": 246200000,
        "costOfRevenue": 88400000,
        "grossProfit": 157800000,
        "grossProfitRatio": 0.6409423233,
        "researchAndDevelopmentExpenses": 0,
        "generalAndAdministrativeExpenses": 12900000,
        "sellingAndMarketingExpenses": 81400000,
        "sellingGeneralAndAdministrativeExpenses": 94300000,
        "otherExpenses": 0,
        "operatingExpenses": 94300000,
        "costAndExpenses": 182700000,
        "interestIncome": 1835000,
        "interestExpense": 47634000,
        "depreciationAndAmortization": 79800000,
        "ebitda": 141434000,
        "ebitdaratio": 0.5744679123,
        "operatingIncome": 63500000,
        "operatingIncomeRatio": 0.2579203899,
        "totalOtherIncomeExpensesNet": -45688000,
        "incomeBeforeTax": 17800000,
        "incomeBeforeTaxRatio": 0.0722989439,
        "incomeTaxExpense": -5900000,
        "netIncome": 19900000,
        "netIncomeRatio": 0.0808285946,
        "eps": 0.13,
        "epsdiluted": 0.13,
        "weightedAverageShsOut": 151400000,
        "weightedAverageShsOutDil": 151400000,
        "link": "https://www.sec.gov/Archives/edgar/data/922864/000092286416000089/0000922864-16-000089-index.htm",
        "finalLink": "https://www.sec.gov/Archives/edgar/data/922864/000092286416000089/q1201610-q.htm"
    },
    {
        "date": "2015-03-31",
        "symbol": "AIV",
        "reportedCurrency": "USD",
        "cik": "0000922864",
        "fillingDate": "2015-05-01",
        "acceptedDate": "2015-05-01 15:00:52",
        "calendarYear": "2015",
        "period": "Q1",
        "revenue": 244265000,
        "costOfRevenue": 0,
        "grossProfit": 244265000,
        "grossProfitRatio": 1,
        "researchAndDevelopmentExpenses": 0,
        "generalAndAdministrativeExpenses": 10652000,
        "sellingAndMarketingExpenses": 0,
        "sellingGeneralAndAdministrativeExpenses": 10652000,
        "otherExpenses": 84840000,
        "operatingExpenses": 95492000,
        "costAndExpenses": 95492000,
        "interestIncome": 1725000,
        "interestExpense": -53520000,
        "depreciationAndAmortization": 74432000,
        "ebitda": 32448000,
        "ebitdaratio": 0.1328393343,
        "operatingIncome": 61067000,
        "operatingIncomeRatio": 0.2500030704,
        "totalOtherIncomeExpensesNet": -49531000,
        "incomeBeforeTax": 11536000,
        "incomeBeforeTaxRatio": 0.0472273965,
        "incomeTaxExpense": -82206000,
        "netIncome": 93742000,
        "netIncomeRatio": 0.3837717233,
        "eps": 0.71,
        "epsdiluted": 0.71,
        "weightedAverageShsOut": 131667009,
        "weightedAverageShsOutDil": 131820907,
        "link": "https://www.sec.gov/Archives/edgar/data/922864/000092286415000019/0000922864-15-000019-index.htm",
        "finalLink": "https://www.sec.gov/Archives/edgar/data/922864/000092286415000019/q1201510-q.htm"
    },
    {
        "date": "2014-12-31",
        "symbol": "AIV",
        "reportedCurrency": "USD",
        "cik": "0000922864",
        "fillingDate": "2015-02-27",
        "acceptedDate": "2015-02-26 20:42:52",
        "calendarYear": "2014",
        "period": "Q4",
        "revenue": 242200000,
        "costOfRevenue": 84500000,
        "grossProfit": 157700000,
        "grossProfitRatio": 0.6511147812,
        "researchAndDevelopmentExpenses": 0,
        "generalAndAdministrativeExpenses": 16600000,
        "sellingAndMarketingExpenses": 77300000,
        "sellingGeneralAndAdministrativeExpenses": 93900000,
        "otherExpenses": 0,
        "operatingExpenses": 93900000,
        "costAndExpenses": 178400000,
        "interestIncome": 0,
        "interestExpense": 52358000,
        "depreciationAndAmortization": 71500000,
        "ebitda": 130058000,
        "ebitdaratio": 0.536985962,
        "operatingIncome": 63800000,
        "operatingIncomeRatio": 0.2634186623,
        "totalOtherIncomeExpensesNet": -51400000,
        "incomeBeforeTax": 12400000,
        "incomeBeforeTaxRatio": 0.0511973576,
        "incomeTaxExpense": -6900000,
        "netIncome": 13100000,
        "netIncomeRatio": 0.054087531,
        "eps": 0.0924,
        "epsdiluted": 0.0924,
        "weightedAverageShsOut": 141800000,
        "weightedAverageShsOutDil": 141800000,
        "link": "https://www.sec.gov/Archives/edgar/data/922864/000092286415000011/0000922864-15-000011-index.htm",
        "finalLink": "https://www.sec.gov/Archives/edgar/data/922864/000092286415000011/a201410-k.htm"
    },
    {
        "date": "2014-09-30",
        "symbol": "AIV",
        "reportedCurrency": "USD",
        "cik": "0000922864",
        "fillingDate": "2014-10-31",
        "acceptedDate": "2014-10-31 14:45:31",
        "calendarYear": "2014",
        "period": "Q3",
        "revenue": 246800000,
        "costOfRevenue": 95200000,
        "grossProfit": 151600000,
        "grossProfitRatio": 0.6142625608,
        "researchAndDevelopmentExpenses": 0,
        "generalAndAdministrativeExpenses": 11900000,
        "sellingAndMarketingExpenses": 72300000,
        "sellingGeneralAndAdministrativeExpenses": 84200000,
        "otherExpenses": 0,
        "operatingExpenses": 84200000,
        "costAndExpenses": 179400000,
        "interestIncome": 1787000,
        "interestExpense": 57806000,
        "depreciationAndAmortization": 69400000,
        "ebitda": 123906000,
        "ebitdaratio": 0.5020502431,
        "operatingIncome": 67500000,
        "operatingIncomeRatio": 0.2735008104,
        "totalOtherIncomeExpensesNet": -54319000,
        "incomeBeforeTax": 13200000,
        "incomeBeforeTaxRatio": 0.0534846029,
        "incomeTaxExpense": -5000000,
        "netIncome": 1700000,
        "netIncomeRatio": 0.0068881686,
        "eps": 0.012,
        "epsdiluted": 0.012,
        "weightedAverageShsOut": 141300000,
        "weightedAverageShsOutDil": 141300000,
        "link": "https://www.sec.gov/Archives/edgar/data/922864/000092286414000049/0000922864-14-000049-index.htm",
        "finalLink": "https://www.sec.gov/Archives/edgar/data/922864/000092286414000049/q3201410-q.htm"
    },
    {
        "date": "2014-06-30",
        "symbol": "AIV",
        "reportedCurrency": "USD",
        "cik": "0000922864",
        "fillingDate": "2014-08-01",
        "acceptedDate": "2014-08-01 15:37:08",
        "calendarYear": "2014",
        "period": "Q2",
        "revenue": 246400000,
        "costOfRevenue": 94400000,
        "grossProfit": 152000000,
        "grossProfitRatio": 0.6168831169,
        "researchAndDevelopmentExpenses": 0,
        "generalAndAdministrativeExpenses": 11200000,
        "sellingAndMarketingExpenses": 75000000,
        "sellingGeneralAndAdministrativeExpenses": 86200000,
        "otherExpenses": 0,
        "operatingExpenses": 86200000,
        "costAndExpenses": 180600000,
        "interestIncome": 0,
        "interestExpense": 55166000,
        "depreciationAndAmortization": 71400000,
        "ebitda": 131666000,
        "ebitdaratio": 0.5343587662,
        "operatingIncome": 65800000,
        "operatingIncomeRatio": 0.2670454545,
        "totalOtherIncomeExpensesNet": -53197000,
        "incomeBeforeTax": 12600000,
        "incomeBeforeTaxRatio": 0.0511363636,
        "incomeTaxExpense": -5300000,
        "netIncome": 10400000,
        "netIncomeRatio": 0.0422077922,
        "eps": 0.0726,
        "epsdiluted": 0.0726,
        "weightedAverageShsOut": 143300000,
        "weightedAverageShsOutDil": 143300000,
        "link": "https://www.sec.gov/Archives/edgar/data/922864/000092286414000040/0000922864-14-000040-index.htm",
        "finalLink": "https://www.sec.gov/Archives/edgar/data/922864/000092286414000040/q2201410-q.htm"
    },
    {
        "date": "2014-03-31",
        "symbol": "AIV",
        "reportedCurrency": "USD",
        "cik": "0000922864",
        "fillingDate": "2014-05-02",
        "acceptedDate": "2014-05-02 14:16:30",
        "calendarYear": "2014",
        "period": "Q1",
        "revenue": 248900000,
        "costOfRevenue": 99300000,
        "grossProfit": 149600000,
        "grossProfitRatio": 0.6010445962,
        "researchAndDevelopmentExpenses": 0,
        "generalAndAdministrativeExpenses": 11800000,
        "sellingAndMarketingExpenses": 72600000,
        "sellingGeneralAndAdministrativeExpenses": 84400000,
        "otherExpenses": 0,
        "operatingExpenses": 84400000,
        "costAndExpenses": 183700000,
        "interestIncome": 0,
        "interestExpense": 55641000,
        "depreciationAndAmortization": 70300000,
        "ebitda": 118541000,
        "ebitdaratio": 0.476259542,
        "operatingIncome": 65300000,
        "operatingIncomeRatio": 0.2623543592,
        "totalOtherIncomeExpensesNet": -56000000,
        "incomeBeforeTax": 9300000,
        "incomeBeforeTaxRatio": 0.0373644034,
        "incomeTaxExpense": -2800000,
        "netIncome": -4600000,
        "netIncomeRatio": -0.0184813178,
        "eps": -0.0326,
        "epsdiluted": -0.0326,
        "weightedAverageShsOut": 141100000,
        "weightedAverageShsOutDil": 141100000,
        "link": "https://www.sec.gov/Archives/edgar/data/922864/000092286414000027/0000922864-14-000027-index.htm",
        "finalLink": "https://www.sec.gov/Archives/edgar/data/922864/000092286414000027/q1201410-q.htm"
    },
    {
        "date": "2013-12-31",
        "symbol": "AIV",
        "reportedCurrency": "USD",
        "cik": "0000922864",
        "fillingDate": "2014-02-21",
        "acceptedDate": "2014-02-21 16:27:20",
        "calendarYear": "2013",
        "period": "Q4",
        "revenue": 250900000,
        "costOfRevenue": 93600000,
        "grossProfit": 157300000,
        "grossProfitRatio": 0.6269430052,
        "researchAndDevelopmentExpenses": 0,
        "generalAndAdministrativeExpenses": 12700000,
        "sellingAndMarketingExpenses": 71400000,
        "sellingGeneralAndAdministrativeExpenses": 84100000,
        "otherExpenses": 0,
        "operatingExpenses": 84100000,
        "costAndExpenses": 177700000,
        "interestIncome": 0,
        "interestExpense": 54523000,
        "depreciationAndAmortization": 62600000,
        "ebitda": 238223000,
        "ebitdaratio": 0.949473894,
        "operatingIncome": 73200000,
        "operatingIncomeRatio": 0.2917497011,
        "totalOtherIncomeExpensesNet": -48500000,
        "incomeBeforeTax": 24700000,
        "incomeBeforeTaxRatio": 0.0984455959,
        "incomeTaxExpense": -2100000,
        "netIncome": 123200000,
        "netIncomeRatio": 0.4910322838,
        "eps": 0.85,
        "epsdiluted": 0.85,
        "weightedAverageShsOut": 145600000,
        "weightedAverageShsOutDil": 145600000,
        "link": "https://www.sec.gov/Archives/edgar/data/922864/000092286414000008/0000922864-14-000008-index.htm",
        "finalLink": "https://www.sec.gov/Archives/edgar/data/922864/000092286414000008/a201310-k.htm"
    },
    {
        "date": "2013-09-30",
        "symbol": "AIV",
        "reportedCurrency": "USD",
        "cik": "0000922864",
        "fillingDate": "2013-11-01",
        "acceptedDate": "2013-11-01 17:03:38",
        "calendarYear": "2013",
        "period": "Q3",
        "revenue": 243900000,
        "costOfRevenue": 93900000,
        "grossProfit": 150000000,
        "grossProfitRatio": 0.6150061501,
        "researchAndDevelopmentExpenses": 0,
        "generalAndAdministrativeExpenses": 11300000,
        "sellingAndMarketingExpenses": 74200000,
        "sellingGeneralAndAdministrativeExpenses": 85500000,
        "otherExpenses": 0,
        "operatingExpenses": 85500000,
        "costAndExpenses": 179400000,
        "interestIncome": 0,
        "interestExpense": 58258000,
        "depreciationAndAmortization": 79800000,
        "ebitda": 205158000,
        "ebitdaratio": 0.8411562116,
        "operatingIncome": 64500000,
        "operatingIncomeRatio": 0.2644526445,
        "totalOtherIncomeExpensesNet": -56382000,
        "incomeBeforeTax": 6900000,
        "incomeBeforeTaxRatio": 0.0282902829,
        "incomeTaxExpense": -100000,
        "netIncome": 67200000,
        "netIncomeRatio": 0.2755227552,
        "eps": 0.48,
        "epsdiluted": 0.48,
        "weightedAverageShsOut": 140900000,
        "weightedAverageShsOutDil": 140900000,
        "link": "https://www.sec.gov/Archives/edgar/data/922864/000092286413000051/0000922864-13-000051-index.htm",
        "finalLink": "https://www.sec.gov/Archives/edgar/data/922864/000092286413000051/q3201310-q.htm"
    },
    {
        "date": "2013-06-30",
        "symbol": "AIV",
        "reportedCurrency": "USD",
        "cik": "0000922864",
        "fillingDate": "2013-08-02",
        "acceptedDate": "2013-08-02 14:02:44",
        "calendarYear": "2013",
        "period": "Q2",
        "revenue": 241700000,
        "costOfRevenue": 94300000,
        "grossProfit": 147400000,
        "grossProfitRatio": 0.6098469177,
        "researchAndDevelopmentExpenses": 0,
        "generalAndAdministrativeExpenses": 12900000,
        "sellingAndMarketingExpenses": 75800000,
        "sellingGeneralAndAdministrativeExpenses": 88700000,
        "otherExpenses": 0,
        "operatingExpenses": 88700000,
        "costAndExpenses": 183000000,
        "interestIncome": 0,
        "interestExpense": 61773000,
        "depreciationAndAmortization": 69200000,
        "ebitda": 142073000,
        "ebitdaratio": 0.587807199,
        "operatingIncome": 58700000,
        "operatingIncomeRatio": 0.2428630534,
        "totalOtherIncomeExpensesNet": -54396000,
        "incomeBeforeTax": 2600000,
        "incomeBeforeTaxRatio": 0.0107571369,
        "incomeTaxExpense": 200000,
        "netIncome": 10900000,
        "netIncomeRatio": 0.045097228,
        "eps": 0.0764,
        "epsdiluted": 0.0764,
        "weightedAverageShsOut": 142600000,
        "weightedAverageShsOutDil": 142600000,
        "link": "https://www.sec.gov/Archives/edgar/data/922864/000092286413000034/0000922864-13-000034-index.htm",
        "finalLink": "https://www.sec.gov/Archives/edgar/data/922864/000092286413000034/q2201310-q.htm"
    },
    {
        "date": "2013-03-31",
        "symbol": "AIV",
        "reportedCurrency": "USD",
        "cik": "0000922864",
        "fillingDate": "2013-05-03",
        "acceptedDate": "2013-05-03 13:55:56",
        "calendarYear": "2013",
        "period": "Q1",
        "revenue": 237500000,
        "costOfRevenue": 93900000,
        "grossProfit": 143600000,
        "grossProfitRatio": 0.6046315789,
        "researchAndDevelopmentExpenses": 0,
        "generalAndAdministrativeExpenses": 13200000,
        "sellingAndMarketingExpenses": 77800000,
        "sellingGeneralAndAdministrativeExpenses": 91000000,
        "otherExpenses": 0,
        "operatingExpenses": 91000000,
        "costAndExpenses": 184900000,
        "interestIncome": 0,
        "interestExpense": 62494000,
        "depreciationAndAmortization": 80300000,
        "ebitda": 148794000,
        "ebitdaratio": 0.6265010526,
        "operatingIncome": 52600000,
        "operatingIncomeRatio": 0.2214736842,
        "totalOtherIncomeExpensesNet": -51848000,
        "incomeBeforeTax": -1600000,
        "incomeBeforeTaxRatio": -0.0067368421,
        "incomeTaxExpense": 100000,
        "netIncome": 5900000,
        "netIncomeRatio": 0.0248421053,
        "eps": 0.0418,
        "epsdiluted": 0.0418,
        "weightedAverageShsOut": 141100000,
        "weightedAverageShsOutDil": 141100000,
        "link": "https://www.sec.gov/Archives/edgar/data/922864/000092286413000019/0000922864-13-000019-index.htm",
        "finalLink": "https://www.sec.gov/Archives/edgar/data/922864/000092286413000019/q1201310-q.htm"
    },
    {
        "date": "2012-12-31",
        "symbol": "AIV",
        "reportedCurrency": "USD",
        "cik": "0000922864",
        "fillingDate": "2013-02-25",
        "acceptedDate": "2013-02-25 17:12:01",
        "calendarYear": "2012",
        "period": "Q4",
        "revenue": 214500000,
        "costOfRevenue": 81200000,
        "grossProfit": 133300000,
        "grossProfitRatio": 0.6214452214,
        "researchAndDevelopmentExpenses": 0,
        "generalAndAdministrativeExpenses": 14700000,
        "sellingAndMarketingExpenses": 73200000,
        "sellingGeneralAndAdministrativeExpenses": 87900000,
        "otherExpenses": 0,
        "operatingExpenses": 87900000,
        "costAndExpenses": 169100000,
        "interestIncome": 0,
        "interestExpense": 53391000,
        "depreciationAndAmortization": 72300000,
        "ebitda": 194091000,
        "ebitdaratio": 0.9048531469,
        "operatingIncome": 45400000,
        "operatingIncomeRatio": 0.2116550117,
        "totalOtherIncomeExpensesNet": -40700000,
        "incomeBeforeTax": 4700000,
        "incomeBeforeTaxRatio": 0.0219114219,
        "incomeTaxExpense": -500000,
        "netIncome": 68900000,
        "netIncomeRatio": 0.3212121212,
        "eps": 0.48,
        "epsdiluted": 0.48,
        "weightedAverageShsOut": 145000000,
        "weightedAverageShsOutDil": 145000000,
        "link": "https://www.sec.gov/Archives/edgar/data/922864/000092286413000013/0000922864-13-000013-index.htm",
        "finalLink": "https://www.sec.gov/Archives/edgar/data/922864/000092286413000013/a201210-k.htm"
    },
    {
        "date": "2012-09-30",
        "symbol": "AIV",
        "reportedCurrency": "USD",
        "cik": "0000922864",
        "fillingDate": "2012-11-02",
        "acceptedDate": "2012-11-02 14:43:02",
        "calendarYear": "2012",
        "period": "Q3",
        "revenue": 252800000,
        "costOfRevenue": 101000000,
        "grossProfit": 151800000,
        "grossProfitRatio": 0.6004746835,
        "researchAndDevelopmentExpenses": 0,
        "generalAndAdministrativeExpenses": 15100000,
        "sellingAndMarketingExpenses": 87900000,
        "sellingGeneralAndAdministrativeExpenses": 103000000,
        "otherExpenses": 0,
        "operatingExpenses": 103000000,
        "costAndExpenses": 204000000,
        "interestIncome": 0,
        "interestExpense": 59949000,
        "depreciationAndAmortization": 79100000,
        "ebitda": 177849000,
        "ebitdaratio": 0.7035166139,
        "operatingIncome": 48900000,
        "operatingIncomeRatio": 0.1934335443,
        "totalOtherIncomeExpensesNet": -43000000,
        "incomeBeforeTax": 5900000,
        "incomeBeforeTaxRatio": 0.0233386076,
        "incomeTaxExpense": 4454830,
        "netIncome": 38800000,
        "netIncomeRatio": 0.1534810127,
        "eps": 0.28,
        "epsdiluted": 0.28,
        "weightedAverageShsOut": 140600000,
        "weightedAverageShsOutDil": 140600000,
        "link": "https://www.sec.gov/Archives/edgar/data/922864/000092286412000020/0000922864-12-000020-index.htm",
        "finalLink": "https://www.sec.gov/Archives/edgar/data/922864/000092286412000020/q3201210-q.htm"
    },
    {
        "date": "2012-06-30",
        "symbol": "AIV",
        "reportedCurrency": "USD",
        "cik": "0000922864",
        "fillingDate": "2012-08-03",
        "acceptedDate": "2012-08-03 12:29:46",
        "calendarYear": "2012",
        "period": "Q2",
        "revenue": 239200000,
        "costOfRevenue": 93500000,
        "grossProfit": 145700000,
        "grossProfitRatio": 0.6091137124,
        "researchAndDevelopmentExpenses": 0,
        "generalAndAdministrativeExpenses": 16800000,
        "sellingAndMarketingExpenses": 84100000,
        "sellingGeneralAndAdministrativeExpenses": 100900000,
        "otherExpenses": 0,
        "operatingExpenses": 100900000,
        "costAndExpenses": 194400000,
        "interestIncome": 2477000,
        "interestExpense": 133421000,
        "depreciationAndAmortization": 87200000,
        "ebitda": 243321000,
        "ebitdaratio": 1.0172282609,
        "operatingIncome": 44800000,
        "operatingIncomeRatio": 0.1872909699,
        "totalOtherIncomeExpensesNet": -52200000,
        "incomeBeforeTax": -7400000,
        "incomeBeforeTaxRatio": -0.0309364548,
        "incomeTaxExpense": -100000,
        "netIncome": 22800000,
        "netIncomeRatio": 0.0953177258,
        "eps": 0.15,
        "epsdiluted": 0.15,
        "weightedAverageShsOut": 152200000,
        "weightedAverageShsOutDil": 152200000,
        "link": "https://www.sec.gov/Archives/edgar/data/922864/000092286412000009/0000922864-12-000009-index.htm",
        "finalLink": "https://www.sec.gov/Archives/edgar/data/922864/000092286412000009/aiv-2012630x10q.htm"
    },
    {
        "date": "2012-03-31",
        "symbol": "AIV",
        "reportedCurrency": "USD",
        "cik": "0000922864",
        "fillingDate": "2012-05-07",
        "acceptedDate": "2012-05-04 19:52:46",
        "calendarYear": "2012",
        "period": "Q1",
        "revenue": 252000000,
        "costOfRevenue": 98600000,
        "grossProfit": 153400000,
        "grossProfitRatio": 0.6087301587,
        "researchAndDevelopmentExpenses": 0,
        "generalAndAdministrativeExpenses": 15000000,
        "sellingAndMarketingExpenses": 98400000,
        "sellingGeneralAndAdministrativeExpenses": 113400000,
        "otherExpenses": 0,
        "operatingExpenses": 113400000,
        "costAndExpenses": 212000000,
        "interestIncome": 2554000,
        "interestExpense": -63100000,
        "depreciationAndAmortization": 86600000,
        "ebitda": 25200000,
        "ebitdaratio": 0.1,
        "operatingIncome": 40000000,
        "operatingIncomeRatio": 0.1587301587,
        "totalOtherIncomeExpensesNet": -62800000,
        "incomeBeforeTax": -22800000,
        "incomeBeforeTaxRatio": -0.0904761905,
        "incomeTaxExpense": -200000,
        "netIncome": 1900000,
        "netIncomeRatio": 0.0075396825,
        "eps": 0.0163,
        "epsdiluted": 0.0163,
        "weightedAverageShsOut": 116900000,
        "weightedAverageShsOutDil": 116900000,
        "link": "https://www.sec.gov/Archives/edgar/data/922864/000119312512212660/0001193125-12-212660-index.htm",
        "finalLink": "https://www.sec.gov/Archives/edgar/data/922864/000119312512212660/d318959d10q.htm"
    },
    {
        "date": "2011-12-31",
        "symbol": "AIV",
        "reportedCurrency": "USD",
        "cik": "0000922864",
        "fillingDate": "2012-02-23",
        "acceptedDate": "2012-02-23 12:20:54",
        "calendarYear": "2011",
        "period": "Q4",
        "revenue": 248500000,
        "costOfRevenue": 97100000,
        "grossProfit": 151400000,
        "grossProfitRatio": 0.6092555332,
        "researchAndDevelopmentExpenses": 0,
        "generalAndAdministrativeExpenses": 17600000,
        "sellingAndMarketingExpenses": 95100000,
        "sellingGeneralAndAdministrativeExpenses": 112700000,
        "otherExpenses": 0,
        "operatingExpenses": 112700000,
        "costAndExpenses": 209800000,
        "interestIncome": 0,
        "interestExpense": -72600000,
        "depreciationAndAmortization": 64100000,
        "ebitda": -22700000.00000003,
        "ebitdaratio": -0.0913480885,
        "operatingIncome": 38600000,
        "operatingIncomeRatio": 0.155331992,
        "totalOtherIncomeExpensesNet": -88187000,
        "incomeBeforeTax": -36400000,
        "incomeBeforeTaxRatio": -0.1464788732,
        "incomeTaxExpense": -1300000,
        "netIncome": -12900000,
        "netIncomeRatio": -0.0519114688,
        "eps": -0.11,
        "epsdiluted": -0.11,
        "weightedAverageShsOut": 116800000,
        "weightedAverageShsOutDil": 116800000,
        "link": "https://www.sec.gov/Archives/edgar/data/922864/000119312512074623/0001193125-12-074623-index.htm",
        "finalLink": "https://www.sec.gov/Archives/edgar/data/922864/000119312512074623/d241737d10k.htm"
    },
    {
        "date": "2011-09-30",
        "symbol": "AIV",
        "reportedCurrency": "USD",
        "cik": "0000922864",
        "fillingDate": "2011-10-28",
        "acceptedDate": "2011-10-28 16:47:54",
        "calendarYear": "2011",
        "period": "Q3",
        "revenue": 234100000,
        "costOfRevenue": 98300000,
        "grossProfit": 135800000,
        "grossProfitRatio": 0.5800939769,
        "researchAndDevelopmentExpenses": 0,
        "generalAndAdministrativeExpenses": 15100000,
        "sellingAndMarketingExpenses": 86500000,
        "sellingGeneralAndAdministrativeExpenses": 101600000,
        "otherExpenses": 0,
        "operatingExpenses": 101600000,
        "costAndExpenses": 199900000,
        "interestIncome": 3273000,
        "interestExpense": -65900000,
        "depreciationAndAmortization": 80200000,
        "ebitda": 11700000,
        "ebitdaratio": 0.0499786416,
        "operatingIncome": 34200000,
        "operatingIncomeRatio": 0.1460914139,
        "totalOtherIncomeExpensesNet": -61621000,
        "incomeBeforeTax": -28400000,
        "incomeBeforeTaxRatio": -0.1213156771,
        "incomeTaxExpense": -1200000,
        "netIncome": -1400000,
        "netIncomeRatio": -0.0059803503,
        "eps": -0.0122,
        "epsdiluted": -0.0122,
        "weightedAverageShsOut": 114500000,
        "weightedAverageShsOutDil": 114500000,
        "link": "https://www.sec.gov/Archives/edgar/data/922864/000095012311093022/0000950123-11-093022-index.htm",
        "finalLink": "https://www.sec.gov/Archives/edgar/data/922864/000095012311093022/c22295e10vq.htm"
    },
    {
        "date": "2011-06-30",
        "symbol": "AIV",
        "reportedCurrency": "USD",
        "cik": "0000922864",
        "fillingDate": "2011-08-01",
        "acceptedDate": "2011-07-29 20:48:56",
        "calendarYear": "2011",
        "period": "Q2",
        "revenue": 239900000,
        "costOfRevenue": 97600000,
        "grossProfit": 142300000,
        "grossProfitRatio": 0.5931638183,
        "researchAndDevelopmentExpenses": 0,
        "generalAndAdministrativeExpenses": 14600000,
        "sellingAndMarketingExpenses": 84100000,
        "sellingGeneralAndAdministrativeExpenses": 98700000,
        "otherExpenses": 0,
        "operatingExpenses": 98700000,
        "costAndExpenses": 196300000,
        "interestIncome": 2254000,
        "interestExpense": -88500000,
        "depreciationAndAmortization": 84900000,
        "ebitda": -29000000,
        "ebitdaratio": -0.1208837015,
        "operatingIncome": 43700000,
        "operatingIncomeRatio": 0.182159233,
        "totalOtherIncomeExpensesNet": -87700000,
        "incomeBeforeTax": -44000000,
        "incomeBeforeTaxRatio": -0.1834097541,
        "incomeTaxExpense": -1900000,
        "netIncome": -23500000,
        "netIncomeRatio": -0.0979574823,
        "eps": -0.2,
        "epsdiluted": -0.2,
        "weightedAverageShsOut": 116800000,
        "weightedAverageShsOutDil": 116800000,
        "link": "https://www.sec.gov/Archives/edgar/data/922864/000095012311070591/0000950123-11-070591-index.htm",
        "finalLink": "https://www.sec.gov/Archives/edgar/data/922864/000095012311070591/c17789e10vq.htm"
    },
    {
        "date": "2011-03-31",
        "symbol": "AIV",
        "reportedCurrency": "USD",
        "cik": "0000922864",
        "fillingDate": "2011-04-29",
        "acceptedDate": "2011-04-29 13:54:43",
        "calendarYear": "2011",
        "period": "Q1",
        "revenue": 259500000,
        "costOfRevenue": 112900000,
        "grossProfit": 146600000,
        "grossProfitRatio": 0.5649325626,
        "researchAndDevelopmentExpenses": 0,
        "generalAndAdministrativeExpenses": 14200000,
        "sellingAndMarketingExpenses": 95700000,
        "sellingGeneralAndAdministrativeExpenses": 109900000,
        "otherExpenses": 0,
        "operatingExpenses": 109900000,
        "costAndExpenses": 222800000,
        "interestIncome": 2248000,
        "interestExpense": -71200000,
        "depreciationAndAmortization": 94000000,
        "ebitda": 1300000,
        "ebitdaratio": 0.0050096339,
        "operatingIncome": 36600000,
        "operatingIncomeRatio": 0.1410404624,
        "totalOtherIncomeExpensesNet": -69712000,
        "incomeBeforeTax": -33400000,
        "incomeBeforeTaxRatio": -0.1287090559,
        "incomeTaxExpense": -2200000,
        "netIncome": -19300000,
        "netIncomeRatio": -0.0743737958,
        "eps": -0.17,
        "epsdiluted": -0.17,
        "weightedAverageShsOut": 113800000,
        "weightedAverageShsOutDil": 113800000,
        "link": "https://www.sec.gov/Archives/edgar/data/922864/000095012311041774/0000950123-11-041774-index.htm",
        "finalLink": "https://www.sec.gov/Archives/edgar/data/922864/000095012311041774/c15042e10vq.htm"
    },
    {
        "date": "2010-12-31",
        "symbol": "AIV",
        "reportedCurrency": "USD",
        "cik": "0000922864",
        "fillingDate": "2011-02-25",
        "acceptedDate": "2011-02-24 20:16:25",
        "calendarYear": "2010",
        "period": "Q4",
        "revenue": 146300000,
        "costOfRevenue": 52700000,
        "grossProfit": 93600000,
        "grossProfitRatio": 0.6397812714,
        "researchAndDevelopmentExpenses": 0,
        "generalAndAdministrativeExpenses": 17900000,
        "sellingAndMarketingExpenses": 65300000,
        "sellingGeneralAndAdministrativeExpenses": 83200000,
        "otherExpenses": 0,
        "operatingExpenses": 83200000,
        "costAndExpenses": 135900000,
        "interestIncome": 0,
        "interestExpense": -60200000,
        "depreciationAndAmortization": 131700000,
        "ebitda": 39100000,
        "ebitdaratio": 0.2672590567,
        "operatingIncome": 10300000,
        "operatingIncomeRatio": 0.0704032809,
        "totalOtherIncomeExpensesNet": -88209000,
        "incomeBeforeTax": -45300000,
        "incomeBeforeTaxRatio": -0.3096377307,
        "incomeTaxExpense": -5800000,
        "netIncome": -26600000,
        "netIncomeRatio": -0.1818181818,
        "eps": -0.23,
        "epsdiluted": -0.23,
        "weightedAverageShsOut": 113300000,
        "weightedAverageShsOutDil": 113300000,
        "link": "https://www.sec.gov/Archives/edgar/data/922864/000095012311018075/0000950123-11-018075-index.htm",
        "finalLink": "https://www.sec.gov/Archives/edgar/data/922864/000095012311018075/d79886e10vk.htm"
    },
    {
        "date": "2010-09-30",
        "symbol": "AIV",
        "reportedCurrency": "USD",
        "cik": "0000922864",
        "fillingDate": "2010-11-01",
        "acceptedDate": "2010-10-29 17:59:26",
        "calendarYear": "2010",
        "period": "Q3",
        "revenue": 245700000,
        "costOfRevenue": 102000000,
        "grossProfit": 143700000,
        "grossProfitRatio": 0.5848595849,
        "researchAndDevelopmentExpenses": 0,
        "generalAndAdministrativeExpenses": 14700000,
        "sellingAndMarketingExpenses": 98100000,
        "sellingGeneralAndAdministrativeExpenses": 112800000,
        "otherExpenses": 0,
        "operatingExpenses": 112800000,
        "costAndExpenses": 214800000,
        "interestIncome": 2389000,
        "interestExpense": -84400000,
        "depreciationAndAmortization": 99000000,
        "ebitda": -4499999.99999997,
        "ebitdaratio": -0.0183150183,
        "operatingIncome": 30900000,
        "operatingIncomeRatio": 0.1257631258,
        "totalOtherIncomeExpensesNet": -83500000,
        "incomeBeforeTax": -52600000,
        "incomeBeforeTaxRatio": -0.2140822141,
        "incomeTaxExpense": -4200000,
        "netIncome": -14900000,
        "netIncomeRatio": -0.0606430606,
        "eps": -0.13,
        "epsdiluted": -0.13,
        "weightedAverageShsOut": 112500000,
        "weightedAverageShsOutDil": 112500000,
        "link": "https://www.sec.gov/Archives/edgar/data/922864/000095012310098280/0000950123-10-098280-index.htm",
        "finalLink": "https://www.sec.gov/Archives/edgar/data/922864/000095012310098280/c05780e10vq.htm"
    },
    {
        "date": "2010-06-30",
        "symbol": "AIV",
        "reportedCurrency": "USD",
        "cik": "0000922864",
        "fillingDate": "2010-07-30",
        "acceptedDate": "2010-07-30 14:38:47",
        "calendarYear": "2010",
        "period": "Q2",
        "revenue": 267800000,
        "costOfRevenue": 118900000,
        "grossProfit": 148900000,
        "grossProfitRatio": 0.5560119492,
        "researchAndDevelopmentExpenses": 0,
        "generalAndAdministrativeExpenses": 20300000,
        "sellingAndMarketingExpenses": 95500000,
        "sellingGeneralAndAdministrativeExpenses": 115800000,
        "otherExpenses": 0,
        "operatingExpenses": 115800000,
        "costAndExpenses": 234700000,
        "interestIncome": 1928000,
        "interestExpense": -77800000,
        "depreciationAndAmortization": 101100000,
        "ebitda": 12600000,
        "ebitdaratio": 0.0470500373,
        "operatingIncome": 33100000,
        "operatingIncomeRatio": 0.1235997013,
        "totalOtherIncomeExpensesNet": -73031000,
        "incomeBeforeTax": -41500000,
        "incomeBeforeTaxRatio": -0.1549663928,
        "incomeTaxExpense": -2900000,
        "netIncome": -7800000,
        "netIncomeRatio": -0.0291262136,
        "eps": -0.0685,
        "epsdiluted": -0.0685,
        "weightedAverageShsOut": 113900000,
        "weightedAverageShsOutDil": 113900000,
        "link": "https://www.sec.gov/Archives/edgar/data/922864/000095012310070448/0000950123-10-070448-index.htm",
        "finalLink": "https://www.sec.gov/Archives/edgar/data/922864/000095012310070448/c03585e10vq.htm"
    },
    {
        "date": "2010-03-31",
        "symbol": "AIV",
        "reportedCurrency": "USD",
        "cik": "0000922864",
        "fillingDate": "2010-05-03",
        "acceptedDate": "2010-04-30 18:49:13",
        "calendarYear": "2010",
        "period": "Q1",
        "revenue": 271300000,
        "costOfRevenue": 127100000,
        "grossProfit": 144200000,
        "grossProfitRatio": 0.5315149281,
        "researchAndDevelopmentExpenses": 0,
        "generalAndAdministrativeExpenses": 15000000,
        "sellingAndMarketingExpenses": 105600000,
        "sellingGeneralAndAdministrativeExpenses": 120600000,
        "otherExpenses": 0,
        "operatingExpenses": 120600000,
        "costAndExpenses": 247700000,
        "interestIncome": 3224000,
        "interestExpense": 80314000,
        "depreciationAndAmortization": 105000000,
        "ebitda": 154014000,
        "ebitdaratio": 0.5676889053,
        "operatingIncome": 23600000,
        "operatingIncomeRatio": 0.0869885735,
        "totalOtherIncomeExpensesNet": -63100000,
        "incomeBeforeTax": -39500000,
        "incomeBeforeTaxRatio": -0.145595282,
        "incomeTaxExpense": -3800000,
        "netIncome": -27500000,
        "netIncomeRatio": -0.1013638039,
        "eps": -0.24,
        "epsdiluted": -0.24,
        "weightedAverageShsOut": 112500000,
        "weightedAverageShsOutDil": 112500000,
        "link": "https://www.sec.gov/Archives/edgar/data/922864/000095012310042149/0000950123-10-042149-index.htm",
        "finalLink": "https://www.sec.gov/Archives/edgar/data/922864/000095012310042149/c99882e10vq.htm"
    },
    {
        "date": "2009-12-31",
        "symbol": "AIV",
        "reportedCurrency": "USD",
        "cik": "0000922864",
        "fillingDate": "2010-02-26",
        "acceptedDate": "2010-02-26 17:25:09",
        "calendarYear": "2009",
        "period": "Q4",
        "revenue": 286700000,
        "costOfRevenue": 122700000,
        "grossProfit": 164000000,
        "grossProfitRatio": 0.5720265085,
        "researchAndDevelopmentExpenses": 0,
        "generalAndAdministrativeExpenses": 16100000,
        "sellingAndMarketingExpenses": 125900000,
        "sellingGeneralAndAdministrativeExpenses": 142000000,
        "otherExpenses": 0,
        "operatingExpenses": 142000000,
        "costAndExpenses": 264700000,
        "interestIncome": 0,
        "interestExpense": 67414000,
        "depreciationAndAmortization": 80300000,
        "ebitda": 142814000,
        "ebitdaratio": 0.4981304499,
        "operatingIncome": 22000000,
        "operatingIncomeRatio": 0.0767352633,
        "totalOtherIncomeExpensesNet": -96600000,
        "incomeBeforeTax": -74600000,
        "incomeBeforeTaxRatio": -0.2602023021,
        "incomeTaxExpense": -11100000,
        "netIncome": 6200000,
        "netIncomeRatio": 0.0216253924,
        "eps": 0.0552,
        "epsdiluted": 0.0552,
        "weightedAverageShsOut": 112400000,
        "weightedAverageShsOutDil": 112400000,
        "link": "https://www.sec.gov/Archives/edgar/data/922864/000095012310018394/0000950123-10-018394-index.htm",
        "finalLink": "https://www.sec.gov/Archives/edgar/data/922864/000095012310018394/d71233e10vk.htm"
    },
    {
        "date": "2009-09-30",
        "symbol": "AIV",
        "reportedCurrency": "USD",
        "cik": "0000922864",
        "fillingDate": "2009-10-30",
        "acceptedDate": "2009-10-30 14:41:07",
        "calendarYear": "2009",
        "period": "Q3",
        "revenue": 269900000,
        "costOfRevenue": 126300000,
        "grossProfit": 143600000,
        "grossProfitRatio": 0.532048907,
        "researchAndDevelopmentExpenses": 0,
        "generalAndAdministrativeExpenses": 17000000,
        "sellingAndMarketingExpenses": 111600000,
        "sellingGeneralAndAdministrativeExpenses": 128600000,
        "otherExpenses": 0,
        "operatingExpenses": 128600000,
        "costAndExpenses": 254900000,
        "interestIncome": 1962000,
        "interestExpense": 76858000,
        "depreciationAndAmortization": 109100000,
        "ebitda": 157058000,
        "ebitdaratio": 0.5819118192,
        "operatingIncome": 15000000,
        "operatingIncomeRatio": 0.0555761393,
        "totalOtherIncomeExpensesNet": -73500000,
        "incomeBeforeTax": -58500000,
        "incomeBeforeTaxRatio": -0.2167469433,
        "incomeTaxExpense": -1400000,
        "netIncome": -27500000,
        "netIncomeRatio": -0.1018895887,
        "eps": -0.25,
        "epsdiluted": -0.25,
        "weightedAverageShsOut": 109000000,
        "weightedAverageShsOutDil": 109000000,
        "link": "https://www.sec.gov/Archives/edgar/data/922864/000095012309055468/0000950123-09-055468-index.htm",
        "finalLink": "https://www.sec.gov/Archives/edgar/data/922864/000095012309055468/c91615e10vq.htm"
    },
    {
        "date": "2009-06-30",
        "symbol": "AIV",
        "reportedCurrency": "USD",
        "cik": "0000922864",
        "fillingDate": "2009-07-31",
        "acceptedDate": "2009-07-31 16:56:56",
        "calendarYear": "2009",
        "period": "Q2",
        "revenue": 284700000,
        "costOfRevenue": 124300000,
        "grossProfit": 160400000,
        "grossProfitRatio": 0.5634000702,
        "researchAndDevelopmentExpenses": 0,
        "generalAndAdministrativeExpenses": 19300000,
        "sellingAndMarketingExpenses": 112500000,
        "sellingGeneralAndAdministrativeExpenses": 131800000,
        "otherExpenses": 0,
        "operatingExpenses": 131800000,
        "costAndExpenses": 256100000,
        "interestIncome": 2264000,
        "interestExpense": 88377000,
        "depreciationAndAmortization": 107700000,
        "ebitda": 175177000,
        "ebitdaratio": 0.6153038286,
        "operatingIncome": 28500000,
        "operatingIncomeRatio": 0.1001053741,
        "totalOtherIncomeExpensesNet": -76300000,
        "incomeBeforeTax": -47800000,
        "incomeBeforeTaxRatio": -0.1678960309,
        "incomeTaxExpense": -2500000,
        "netIncome": -18400000,
        "netIncomeRatio": -0.0646294345,
        "eps": -0.16,
        "epsdiluted": -0.16,
        "weightedAverageShsOut": 113200000,
        "weightedAverageShsOutDil": 113200000,
        "link": "https://www.sec.gov/Archives/edgar/data/922864/000095012309028419/0000950123-09-028419-index.htm",
        "finalLink": "https://www.sec.gov/Archives/edgar/data/922864/000095012309028419/c88536e10vq.htm"
    },
    {
        "date": "2009-03-31",
        "symbol": "AIV",
        "reportedCurrency": "USD",
        "cik": "0000922864",
        "fillingDate": "2009-05-01",
        "acceptedDate": "2009-05-01 17:28:41",
        "calendarYear": "2009",
        "period": "Q1",
        "revenue": 289800000,
        "costOfRevenue": 133500000,
        "grossProfit": 156300000,
        "grossProfitRatio": 0.5393374741,
        "researchAndDevelopmentExpenses": 0,
        "generalAndAdministrativeExpenses": 20100000,
        "sellingAndMarketingExpenses": 106100000,
        "sellingGeneralAndAdministrativeExpenses": 126200000,
        "otherExpenses": 0,
        "operatingExpenses": 126200000,
        "costAndExpenses": 259700000,
        "interestIncome": 3340000,
        "interestExpense": 91511000,
        "depreciationAndAmortization": 104900000,
        "ebitda": 169411000,
        "ebitdaratio": 0.58457902,
        "operatingIncome": 30100000,
        "operatingIncomeRatio": 0.1038647343,
        "totalOtherIncomeExpensesNet": -68300000,
        "incomeBeforeTax": -38200000,
        "incomeBeforeTaxRatio": -0.1318150449,
        "incomeTaxExpense": -2500000,
        "netIncome": -24500000,
        "netIncomeRatio": -0.0845410628,
        "eps": -0.23,
        "epsdiluted": -0.23,
        "weightedAverageShsOut": 106900000,
        "weightedAverageShsOutDil": 106900000,
        "link": "https://www.sec.gov/Archives/edgar/data/922864/000136231009006320/0001362310-09-006320-index.htm",
        "finalLink": "https://www.sec.gov/Archives/edgar/data/922864/000136231009006320/c84560e10vq.htm"
    },
    {
        "date": "2008-12-31",
        "symbol": "AIV",
        "reportedCurrency": "USD",
        "cik": "0000922864",
        "fillingDate": "2009-02-27",
        "acceptedDate": "2009-02-27 17:24:29",
        "calendarYear": "2008",
        "period": "Q4",
        "revenue": 304300000,
        "costOfRevenue": 129800000,
        "grossProfit": 174500000,
        "grossProfitRatio": 0.573447256,
        "researchAndDevelopmentExpenses": 0,
        "generalAndAdministrativeExpenses": 30100000,
        "sellingAndMarketingExpenses": 231100000,
        "sellingGeneralAndAdministrativeExpenses": 261200000,
        "otherExpenses": 0,
        "operatingExpenses": 261200000,
        "costAndExpenses": 391000000,
        "interestIncome": 0,
        "interestExpense": 82986000,
        "depreciationAndAmortization": 71800000,
        "ebitda": 119486000,
        "ebitdaratio": 0.3926585606,
        "operatingIncome": -86800000,
        "operatingIncomeRatio": -0.2852448242,
        "totalOtherIncomeExpensesNet": -96300000,
        "incomeBeforeTax": -183100000,
        "incomeBeforeTaxRatio": -0.60170884,
        "incomeTaxExpense": -42300000,
        "netIncome": 7000000,
        "netIncomeRatio": 0.0230036149,
        "eps": 0.0789,
        "epsdiluted": 0.0789,
        "weightedAverageShsOut": 88700000,
        "weightedAverageShsOutDil": 88700000,
        "link": "https://www.sec.gov/Archives/edgar/data/922864/000095013409004049/0000950134-09-004049-index.htm",
        "finalLink": "https://www.sec.gov/Archives/edgar/data/922864/000095013409004049/d66458e10vk.htm"
    },
    {
        "date": "2008-09-30",
        "symbol": "AIV",
        "reportedCurrency": "USD",
        "cik": "0000922864",
        "fillingDate": "2008-10-31",
        "acceptedDate": "2008-10-31 15:57:09",
        "calendarYear": "2008",
        "period": "Q3",
        "revenue": 276200000,
        "costOfRevenue": 116200000,
        "grossProfit": 160000000,
        "grossProfitRatio": 0.5792903693,
        "researchAndDevelopmentExpenses": 0,
        "generalAndAdministrativeExpenses": 35200000,
        "sellingAndMarketingExpenses": 86300000,
        "sellingGeneralAndAdministrativeExpenses": 121500000,
        "otherExpenses": 0,
        "operatingExpenses": 121500000,
        "costAndExpenses": 237700000,
        "interestIncome": 5349000,
        "interestExpense": 82046000,
        "depreciationAndAmortization": 100000000,
        "ebitda": 349646000,
        "ebitdaratio": 1.2659160029,
        "operatingIncome": 38500000,
        "operatingIncomeRatio": 0.1393917451,
        "totalOtherIncomeExpensesNet": 32600000,
        "incomeBeforeTax": 71100000,
        "incomeBeforeTaxRatio": 0.2574221579,
        "incomeTaxExpense": -6100000,
        "netIncome": 173700000,
        "netIncomeRatio": 0.6288921072,
        "eps": 1.46,
        "epsdiluted": 1.46,
        "weightedAverageShsOut": 119350000,
        "weightedAverageShsOutDil": 119350000,
        "link": "https://www.sec.gov/Archives/edgar/data/922864/000136231008006472/0001362310-08-006472-index.htm",
        "finalLink": "https://www.sec.gov/Archives/edgar/data/922864/000136231008006472/c76502e10vq.htm"
    },
    {
        "date": "2008-06-30",
        "symbol": "AIV",
        "reportedCurrency": "USD",
        "cik": "0000922864",
        "fillingDate": "2008-08-01",
        "acceptedDate": "2008-08-01 14:13:26",
        "calendarYear": "2008",
        "period": "Q2",
        "revenue": 331000000,
        "costOfRevenue": 130500000,
        "grossProfit": 200500000,
        "grossProfitRatio": 0.6057401813,
        "researchAndDevelopmentExpenses": 0,
        "generalAndAdministrativeExpenses": 32800000,
        "sellingAndMarketingExpenses": 108700000,
        "sellingGeneralAndAdministrativeExpenses": 141500000,
        "otherExpenses": 0,
        "operatingExpenses": 141500000,
        "costAndExpenses": 272000000,
        "interestIncome": 718000,
        "interestExpense": 96241000,
        "depreciationAndAmortization": 101200000,
        "ebitda": 450341000,
        "ebitdaratio": 1.3605468278,
        "operatingIncome": 59000000,
        "operatingIncomeRatio": 0.1782477341,
        "totalOtherIncomeExpensesNet": -58997240,
        "incomeBeforeTax": -23400000,
        "incomeBeforeTaxRatio": -0.070694864,
        "incomeTaxExpense": -3100000,
        "netIncome": 256000000,
        "netIncomeRatio": 0.7734138973,
        "eps": 2.11,
        "epsdiluted": 2.11,
        "weightedAverageShsOut": 121200000,
        "weightedAverageShsOutDil": 121200000,
        "link": "https://www.sec.gov/Archives/edgar/data/922864/000136231008004044/0001362310-08-004044-index.htm",
        "finalLink": "https://www.sec.gov/Archives/edgar/data/922864/000136231008004044/c74185e10vq.htm"
    },
    {
        "date": "2008-03-31",
        "symbol": "AIV",
        "reportedCurrency": "USD",
        "cik": "0000922864",
        "fillingDate": "2008-05-02",
        "acceptedDate": "2008-05-02 14:41:07",
        "calendarYear": "2008",
        "period": "Q1",
        "revenue": 331700000,
        "costOfRevenue": 155100000,
        "grossProfit": 176600000,
        "grossProfitRatio": 0.5324088031,
        "researchAndDevelopmentExpenses": 0,
        "generalAndAdministrativeExpenses": 25800000,
        "sellingAndMarketingExpenses": 106100000,
        "sellingGeneralAndAdministrativeExpenses": 131900000,
        "otherExpenses": 0,
        "operatingExpenses": 131900000,
        "costAndExpenses": 287000000,
        "interestIncome": 8583000,
        "interestExpense": 107436000,
        "depreciationAndAmortization": 103500000,
        "ebitda": 184536000,
        "ebitdaratio": 0.5563340368,
        "operatingIncome": 44700000,
        "operatingIncomeRatio": 0.1347603256,
        "totalOtherIncomeExpensesNet": -80400000,
        "incomeBeforeTax": -35700000,
        "incomeBeforeTaxRatio": -0.1076273741,
        "incomeTaxExpense": -1700000,
        "netIncome": -24700000,
        "netIncomeRatio": -0.0744648779,
        "eps": -0.2,
        "epsdiluted": -0.2,
        "weightedAverageShsOut": 124100000,
        "weightedAverageShsOutDil": 124100000,
        "link": "https://www.sec.gov/Archives/edgar/data/922864/000136231008002362/0001362310-08-002362-index.htm",
        "finalLink": "https://www.sec.gov/Archives/edgar/data/922864/000136231008002362/c73168e10vq.htm"
    },
    {
        "date": "2007-12-31",
        "symbol": "AIV",
        "reportedCurrency": "USD",
        "cik": "0000922864",
        "fillingDate": "2008-02-29",
        "acceptedDate": "2008-02-29 16:54:49",
        "calendarYear": "2007",
        "period": "Q4",
        "revenue": 366400000,
        "costOfRevenue": 155600000,
        "grossProfit": 210800000,
        "grossProfitRatio": 0.5753275109,
        "researchAndDevelopmentExpenses": 0,
        "generalAndAdministrativeExpenses": 29000000,
        "sellingAndMarketingExpenses": 106000000,
        "sellingGeneralAndAdministrativeExpenses": 135000000,
        "otherExpenses": 0,
        "operatingExpenses": 135000000,
        "costAndExpenses": 290600000,
        "interestIncome": 0,
        "interestExpense": 108384000,
        "depreciationAndAmortization": 28800000,
        "ebitda": 122584000,
        "ebitdaratio": 0.3345633188,
        "operatingIncome": 75800000,
        "operatingIncomeRatio": 0.2068777293,
        "totalOtherIncomeExpensesNet": -18800360,
        "incomeBeforeTax": -22100000,
        "incomeBeforeTaxRatio": -0.0603165939,
        "incomeTaxExpense": -2300000,
        "netIncome": -12300000,
        "netIncomeRatio": -0.033569869,
        "eps": -0.092,
        "epsdiluted": -0.092,
        "weightedAverageShsOut": 133700000,
        "weightedAverageShsOutDil": 133700000,
        "link": "https://www.sec.gov/Archives/edgar/data/922864/000095013408003855/0000950134-08-003855-index.htm",
        "finalLink": "https://www.sec.gov/Archives/edgar/data/922864/000095013408003855/d53485e10vk.htm"
    },
    {
        "date": "2007-09-30",
        "symbol": "AIV",
        "reportedCurrency": "USD",
        "cik": "0000922864",
        "fillingDate": "2007-11-05",
        "acceptedDate": "2007-11-05 17:14:32",
        "calendarYear": "2007",
        "period": "Q3",
        "revenue": 302100000,
        "costOfRevenue": 133400000,
        "grossProfit": 168700000,
        "grossProfitRatio": 0.5584243628,
        "researchAndDevelopmentExpenses": 0,
        "generalAndAdministrativeExpenses": 26100000,
        "sellingAndMarketingExpenses": 89700000,
        "sellingGeneralAndAdministrativeExpenses": 115800000,
        "otherExpenses": 0,
        "operatingExpenses": 115800000,
        "costAndExpenses": 249200000,
        "interestIncome": 9930000,
        "interestExpense": 104131000,
        "depreciationAndAmortization": 96800000,
        "ebitda": 181131000,
        "ebitdaratio": 0.5995729891,
        "operatingIncome": 52900000,
        "operatingIncomeRatio": 0.1751075803,
        "totalOtherIncomeExpensesNet": -96200000,
        "incomeBeforeTax": -43300000,
        "incomeBeforeTaxRatio": -0.1433300232,
        "incomeTaxExpense": -17500000,
        "netIncome": -2300000,
        "netIncomeRatio": -0.0076133731,
        "eps": -0.0165,
        "epsdiluted": -0.0165,
        "weightedAverageShsOut": 139400000,
        "weightedAverageShsOutDil": 139400000,
        "link": "https://www.sec.gov/Archives/edgar/data/922864/000136231007002701/0001362310-07-002701-index.htm",
        "finalLink": "https://www.sec.gov/Archives/edgar/data/922864/000136231007002701/c71433e10vq.htm"
    },
    {
        "date": "2007-06-30",
        "symbol": "AIV",
        "reportedCurrency": "USD",
        "cik": "0000922864",
        "fillingDate": "2007-08-06",
        "acceptedDate": "2007-08-03 21:09:01",
        "calendarYear": "2007",
        "period": "Q2",
        "revenue": 332300000,
        "costOfRevenue": 145400000,
        "grossProfit": 186900000,
        "grossProfitRatio": 0.5624435751,
        "researchAndDevelopmentExpenses": 0,
        "generalAndAdministrativeExpenses": 29500000,
        "sellingAndMarketingExpenses": 93100000,
        "sellingGeneralAndAdministrativeExpenses": 122600000,
        "otherExpenses": 0,
        "operatingExpenses": 122600000,
        "costAndExpenses": 268000000,
        "interestIncome": 9242000,
        "interestExpense": 103608000,
        "depreciationAndAmortization": 103400000,
        "ebitda": 226308000,
        "ebitdaratio": 0.6810352091,
        "operatingIncome": 64300000,
        "operatingIncomeRatio": 0.1934998495,
        "totalOtherIncomeExpensesNet": -64299970,
        "incomeBeforeTax": -10300000,
        "incomeBeforeTaxRatio": -0.0309960879,
        "incomeTaxExpense": 29008000,
        "netIncome": 19300000,
        "netIncomeRatio": 0.0580800481,
        "eps": 0.14,
        "epsdiluted": 0.14,
        "weightedAverageShsOut": 139500000,
        "weightedAverageShsOutDil": 139500000,
        "link": "https://www.sec.gov/Archives/edgar/data/922864/000095013407016834/0000950134-07-016834-index.htm",
        "finalLink": "https://www.sec.gov/Archives/edgar/data/922864/000095013407016834/d48551e10vq.htm"
    },
    {
        "date": "2007-03-31",
        "symbol": "AIV",
        "reportedCurrency": "USD",
        "cik": "0000922864",
        "fillingDate": "2007-05-07",
        "acceptedDate": "2007-05-04 21:18:32",
        "calendarYear": "2007",
        "period": "Q1",
        "revenue": 376100000,
        "costOfRevenue": 169100000,
        "grossProfit": 207000000,
        "grossProfitRatio": 0.5503855358,
        "researchAndDevelopmentExpenses": 0,
        "generalAndAdministrativeExpenses": 26500000,
        "sellingAndMarketingExpenses": 114000000,
        "sellingGeneralAndAdministrativeExpenses": 140500000,
        "otherExpenses": 0,
        "operatingExpenses": 140500000,
        "costAndExpenses": 309600000,
        "interestIncome": 9607000,
        "interestExpense": 106007000,
        "depreciationAndAmortization": 118500000,
        "ebitda": 249707000,
        "ebitdaratio": 0.6639377825,
        "operatingIncome": 66500000,
        "operatingIncomeRatio": 0.1768146769,
        "totalOtherIncomeExpensesNet": -66499910,
        "incomeBeforeTax": -3400000,
        "incomeBeforeTaxRatio": -0.0090401489,
        "incomeTaxExpense": 36107000,
        "netIncome": 25200000,
        "netIncomeRatio": 0.0670034565,
        "eps": 0.18,
        "epsdiluted": 0.18,
        "weightedAverageShsOut": 137100000,
        "weightedAverageShsOutDil": 137100000,
        "link": "https://www.sec.gov/Archives/edgar/data/922864/000095013407010309/0000950134-07-010309-index.htm",
        "finalLink": "https://www.sec.gov/Archives/edgar/data/922864/000095013407010309/d46013e10vq.htm"
    },
    {
        "date": "2006-12-31",
        "symbol": "AIV",
        "reportedCurrency": "USD",
        "cik": "0000922864",
        "fillingDate": "2007-03-01",
        "acceptedDate": "2007-03-01 17:29:36",
        "calendarYear": "2006",
        "period": "Q4",
        "revenue": 415500000,
        "costOfRevenue": 198100000,
        "grossProfit": 217400000,
        "grossProfitRatio": 0.5232250301,
        "researchAndDevelopmentExpenses": 0,
        "generalAndAdministrativeExpenses": 23400000,
        "sellingAndMarketingExpenses": 124700000,
        "sellingGeneralAndAdministrativeExpenses": 148100000,
        "otherExpenses": 0,
        "operatingExpenses": 148100000,
        "costAndExpenses": 346200000,
        "interestIncome": 0,
        "interestExpense": 98679000,
        "depreciationAndAmortization": 33900000,
        "ebitda": 215079000,
        "ebitdaratio": 0.5176389892,
        "operatingIncome": 69300000,
        "operatingIncomeRatio": 0.1667870036,
        "totalOtherIncomeExpensesNet": -83800000,
        "incomeBeforeTax": -14500000,
        "incomeBeforeTaxRatio": -0.0348977136,
        "incomeTaxExpense": 116000000,
        "netIncome": 82500000,
        "netIncomeRatio": 0.1985559567,
        "eps": 0.6,
        "epsdiluted": 0.6,
        "weightedAverageShsOut": 136700000,
        "weightedAverageShsOutDil": 136700000,
        "link": "https://www.sec.gov/Archives/edgar/data/922864/000103570407000186/0001035704-07-000186-index.htm",
        "finalLink": "https://www.sec.gov/Archives/edgar/data/922864/000103570407000186/d42599e10vk.htm"
    },
    {
        "date": "2006-09-30",
        "symbol": "AIV",
        "reportedCurrency": "USD",
        "cik": "0000922864",
        "fillingDate": "2006-11-07",
        "acceptedDate": "2006-11-06 20:02:46",
        "calendarYear": "2006",
        "period": "Q3",
        "revenue": 392900000,
        "costOfRevenue": 175400000,
        "grossProfit": 217500000,
        "grossProfitRatio": 0.5535759735,
        "researchAndDevelopmentExpenses": 0,
        "generalAndAdministrativeExpenses": 23300000,
        "sellingAndMarketingExpenses": 115000000,
        "sellingGeneralAndAdministrativeExpenses": 138300000,
        "otherExpenses": 0,
        "operatingExpenses": 138300000,
        "costAndExpenses": 313700000,
        "interestIncome": 7580000,
        "interestExpense": 105107000,
        "depreciationAndAmortization": 115400000,
        "ebitda": 195607000,
        "ebitdaratio": 0.4978544159,
        "operatingIncome": 79200000,
        "operatingIncomeRatio": 0.2015780097,
        "totalOtherIncomeExpensesNet": -95300000,
        "incomeBeforeTax": -16100000,
        "incomeBeforeTaxRatio": -0.0409773479,
        "incomeTaxExpense": 9807000,
        "netIncome": -24900000,
        "netIncomeRatio": -0.0633749046,
        "eps": -0.18,
        "epsdiluted": -0.18,
        "weightedAverageShsOut": 137200000,
        "weightedAverageShsOutDil": 137200000,
        "link": "https://www.sec.gov/Archives/edgar/data/922864/000095013406020620/0000950134-06-020620-index.htm",
        "finalLink": "https://www.sec.gov/Archives/edgar/data/922864/000095013406020620/d40950e10vq.htm"
    },
    {
        "date": "2006-06-30",
        "symbol": "AIV",
        "reportedCurrency": "USD",
        "cik": "0000922864",
        "fillingDate": "2006-08-04",
        "acceptedDate": "2006-08-04 16:57:32",
        "calendarYear": "2006",
        "period": "Q2",
        "revenue": 396400000,
        "costOfRevenue": 173900000,
        "grossProfit": 222500000,
        "grossProfitRatio": 0.5613017154,
        "researchAndDevelopmentExpenses": 0,
        "generalAndAdministrativeExpenses": 22400000,
        "sellingAndMarketingExpenses": 112100000,
        "sellingGeneralAndAdministrativeExpenses": 134500000,
        "otherExpenses": 0,
        "operatingExpenses": 134500000,
        "costAndExpenses": 308400000,
        "interestIncome": 5600000,
        "interestExpense": 102014000,
        "depreciationAndAmortization": 113800000,
        "ebitda": 250914000,
        "ebitdaratio": 0.6329818365,
        "operatingIncome": 88000000,
        "operatingIncomeRatio": 0.2219979818,
        "totalOtherIncomeExpensesNet": -87999830,
        "incomeBeforeTax": -6800000,
        "incomeBeforeTaxRatio": -0.0171543895,
        "incomeTaxExpense": 7214000,
        "netIncome": 35100000,
        "netIncomeRatio": 0.0885469223,
        "eps": 0.25,
        "epsdiluted": 0.25,
        "weightedAverageShsOut": 138600000,
        "weightedAverageShsOutDil": 138600000,
        "link": "https://www.sec.gov/Archives/edgar/data/922864/000095013406014875/0000950134-06-014875-index.htm",
        "finalLink": "https://www.sec.gov/Archives/edgar/data/922864/000095013406014875/d38171e10vq.htm"
    },
    {
        "date": "2006-03-31",
        "symbol": "AIV",
        "reportedCurrency": "USD",
        "cik": "0000922864",
        "fillingDate": "2006-05-05",
        "acceptedDate": "2006-05-05 17:18:00",
        "calendarYear": "2006",
        "period": "Q1",
        "revenue": 397000000,
        "costOfRevenue": 184700000,
        "grossProfit": 212300000,
        "grossProfitRatio": 0.5347607053,
        "researchAndDevelopmentExpenses": 0,
        "generalAndAdministrativeExpenses": 21000000,
        "sellingAndMarketingExpenses": 107600000,
        "sellingGeneralAndAdministrativeExpenses": 128600000,
        "otherExpenses": 0,
        "operatingExpenses": 128600000,
        "costAndExpenses": 313300000,
        "interestIncome": 7135000,
        "interestExpense": 102275000,
        "depreciationAndAmortization": 105700000,
        "ebitda": 292075000,
        "ebitdaratio": 0.7357052897,
        "operatingIncome": 83600000,
        "operatingIncomeRatio": 0.2105793451,
        "totalOtherIncomeExpensesNet": -82400000,
        "incomeBeforeTax": 1200000,
        "incomeBeforeTaxRatio": 0.00302267,
        "incomeTaxExpense": 19875000,
        "netIncome": 84100000,
        "netIncomeRatio": 0.2118387909,
        "eps": 0.62,
        "epsdiluted": 0.62,
        "weightedAverageShsOut": 136200000,
        "weightedAverageShsOutDil": 136200000,
        "link": "https://www.sec.gov/Archives/edgar/data/922864/000103570406000330/0001035704-06-000330-index.htm",
        "finalLink": "https://www.sec.gov/Archives/edgar/data/922864/000103570406000330/d35777e10vq.htm"
    },
    {
        "date": "2005-12-31",
        "symbol": "AIV",
        "reportedCurrency": "USD",
        "cik": "0000922864",
        "fillingDate": "2006-03-08",
        "acceptedDate": "2006-03-08 17:31:01",
        "calendarYear": "2005",
        "period": "Q4",
        "revenue": 371300000,
        "costOfRevenue": 173800000,
        "grossProfit": 197500000,
        "grossProfitRatio": 0.5319148936,
        "researchAndDevelopmentExpenses": 0,
        "generalAndAdministrativeExpenses": 27200000,
        "sellingAndMarketingExpenses": 100000000,
        "sellingGeneralAndAdministrativeExpenses": 127200000,
        "otherExpenses": 0,
        "operatingExpenses": 127200000,
        "costAndExpenses": 301000000,
        "interestIncome": 0,
        "interestExpense": 90759000,
        "depreciationAndAmortization": 84900000,
        "ebitda": 190659000,
        "ebitdaratio": 0.513490439,
        "operatingIncome": 70300000,
        "operatingIncomeRatio": 0.1893347697,
        "totalOtherIncomeExpensesNet": -88000000,
        "incomeBeforeTax": -17700000,
        "incomeBeforeTaxRatio": -0.0476703474,
        "incomeTaxExpense": 71800000,
        "netIncome": 15000000,
        "netIncomeRatio": 0.0403985995,
        "eps": 0.11,
        "epsdiluted": 0.11,
        "weightedAverageShsOut": 134900000,
        "weightedAverageShsOutDil": 134900000,
        "link": "https://www.sec.gov/Archives/edgar/data/922864/000103570406000156/0001035704-06-000156-index.htm",
        "finalLink": "https://www.sec.gov/Archives/edgar/data/922864/000103570406000156/d33637e10vk.htm"
    },
    {
        "date": "2005-09-30",
        "symbol": "AIV",
        "reportedCurrency": "USD",
        "cik": "0000922864",
        "fillingDate": "2005-11-03",
        "acceptedDate": "2005-11-03 17:01:52",
        "calendarYear": "2005",
        "period": "Q3",
        "revenue": 338200000,
        "costOfRevenue": 158000000,
        "grossProfit": 180200000,
        "grossProfitRatio": 0.5328208161,
        "researchAndDevelopmentExpenses": 0,
        "generalAndAdministrativeExpenses": 23100000,
        "sellingAndMarketingExpenses": 94900000,
        "sellingGeneralAndAdministrativeExpenses": 118000000,
        "otherExpenses": 0,
        "operatingExpenses": 118000000,
        "costAndExpenses": 276000000,
        "interestIncome": 7371000,
        "interestExpense": 86932000,
        "depreciationAndAmortization": 100000000,
        "ebitda": 213332000,
        "ebitdaratio": 0.6307865169,
        "operatingIncome": 62200000,
        "operatingIncomeRatio": 0.1839148433,
        "totalOtherIncomeExpensesNet": -62199950,
        "incomeBeforeTax": -8800000,
        "incomeBeforeTaxRatio": -0.0260201064,
        "incomeTaxExpense": 15932000,
        "netIncome": 26400000,
        "netIncomeRatio": 0.0780603193,
        "eps": 0.2,
        "epsdiluted": 0.2,
        "weightedAverageShsOut": 133900000,
        "weightedAverageShsOutDil": 133900000,
        "link": "https://www.sec.gov/Archives/edgar/data/922864/000095013405020410/0000950134-05-020410-index.htm",
        "finalLink": "https://www.sec.gov/Archives/edgar/data/922864/000095013405020410/d29816e10vq.htm"
    },
    {
        "date": "2005-06-30",
        "symbol": "AIV",
        "reportedCurrency": "USD",
        "cik": "0000922864",
        "fillingDate": "2005-08-05",
        "acceptedDate": "2005-08-05 12:41:42",
        "calendarYear": "2005",
        "period": "Q2",
        "revenue": 351700000,
        "costOfRevenue": 154800000,
        "grossProfit": 196900000,
        "grossProfitRatio": 0.5598521467,
        "researchAndDevelopmentExpenses": 0,
        "generalAndAdministrativeExpenses": 21700000,
        "sellingAndMarketingExpenses": 98400000,
        "sellingGeneralAndAdministrativeExpenses": 120100000,
        "otherExpenses": 0,
        "operatingExpenses": 120100000,
        "costAndExpenses": 274900000,
        "interestIncome": 7420000,
        "interestExpense": 95958000,
        "depreciationAndAmortization": 94300000,
        "ebitda": 217858000,
        "ebitdaratio": 0.6194427069,
        "operatingIncome": 76700000,
        "operatingIncomeRatio": 0.218083594,
        "totalOtherIncomeExpensesNet": -76699940,
        "incomeBeforeTax": -2500000,
        "incomeBeforeTaxRatio": -0.007108331,
        "incomeTaxExpense": 16758000,
        "netIncome": 27600000,
        "netIncomeRatio": 0.0784759738,
        "eps": 0.2,
        "epsdiluted": 0.2,
        "weightedAverageShsOut": 135300000,
        "weightedAverageShsOutDil": 135300000,
        "link": "https://www.sec.gov/Archives/edgar/data/922864/000095013405014958/0000950134-05-014958-index.htm",
        "finalLink": "https://www.sec.gov/Archives/edgar/data/922864/000095013405014958/d27553e10vq.htm"
    },
    {
        "date": "2005-03-31",
        "symbol": "AIV",
        "reportedCurrency": "USD",
        "cik": "0000922864",
        "fillingDate": "2005-05-06",
        "acceptedDate": "2005-05-06 17:00:21",
        "calendarYear": "2005",
        "period": "Q1",
        "revenue": 347200000,
        "costOfRevenue": 165400000,
        "grossProfit": 181800000,
        "grossProfitRatio": 0.5236175115,
        "researchAndDevelopmentExpenses": 0,
        "generalAndAdministrativeExpenses": 20800000,
        "sellingAndMarketingExpenses": 90900000,
        "sellingGeneralAndAdministrativeExpenses": 111700000,
        "otherExpenses": 0,
        "operatingExpenses": 111700000,
        "costAndExpenses": 277100000,
        "interestIncome": 7518000,
        "interestExpense": 94211000,
        "depreciationAndAmortization": 93300000,
        "ebitda": 189511000,
        "ebitdaratio": 0.5458266129,
        "operatingIncome": 70100000,
        "operatingIncomeRatio": 0.2019009217,
        "totalOtherIncomeExpensesNet": -70100220,
        "incomeBeforeTax": -4500000,
        "incomeBeforeTaxRatio": -0.0129608295,
        "incomeTaxExpense": 19611000,
        "netIncome": 2000000,
        "netIncomeRatio": 0.0057603687,
        "eps": 0.015,
        "epsdiluted": 0.015,
        "weightedAverageShsOut": 133700000,
        "weightedAverageShsOutDil": 133700000,
        "link": "https://www.sec.gov/Archives/edgar/data/922864/000095013405009282/0000950134-05-009282-index.htm",
        "finalLink": "https://www.sec.gov/Archives/edgar/data/922864/000095013405009282/d25133e10vq.htm"
    },
    {
        "date": "2004-12-31",
        "symbol": "AIV",
        "reportedCurrency": "USD",
        "cik": "0000922864",
        "fillingDate": "2005-03-14",
        "acceptedDate": "2005-03-14 12:42:37",
        "calendarYear": "2004",
        "period": "Q4",
        "revenue": 360000000,
        "costOfRevenue": 172800000,
        "grossProfit": 187200000,
        "grossProfitRatio": 0.52,
        "researchAndDevelopmentExpenses": 0,
        "generalAndAdministrativeExpenses": 23500000,
        "sellingAndMarketingExpenses": 98600000,
        "sellingGeneralAndAdministrativeExpenses": 122100000,
        "otherExpenses": 0,
        "operatingExpenses": 122100000,
        "costAndExpenses": 294900000,
        "interestIncome": 0,
        "interestExpense": 90165000,
        "depreciationAndAmortization": 64400000,
        "ebitda": 226865000,
        "ebitdaratio": 0.6301805556,
        "operatingIncome": 65000000,
        "operatingIncomeRatio": 0.1805555556,
        "totalOtherIncomeExpensesNet": -48200000,
        "incomeBeforeTax": 16800000,
        "incomeBeforeTaxRatio": 0.0466666667,
        "incomeTaxExpense": 167700000,
        "netIncome": 72300000,
        "netIncomeRatio": 0.2008333333,
        "eps": 0.54,
        "epsdiluted": 0.54,
        "weightedAverageShsOut": 134100000,
        "weightedAverageShsOutDil": 134100000,
        "link": "https://www.sec.gov/Archives/edgar/data/922864/000103570405000147/0001035704-05-000147-index.htm",
        "finalLink": "https://www.sec.gov/Archives/edgar/data/922864/000103570405000147/d23153e10vk.htm"
    },
    {
        "date": "2004-09-30",
        "symbol": "AIV",
        "reportedCurrency": "USD",
        "cik": "0000922864",
        "fillingDate": "2004-11-08",
        "acceptedDate": "2004-11-08 16:29:28",
        "calendarYear": "2004",
        "period": "Q3",
        "revenue": 336400000,
        "costOfRevenue": 165100000,
        "grossProfit": 171300000,
        "grossProfitRatio": 0.50921522,
        "researchAndDevelopmentExpenses": 0,
        "generalAndAdministrativeExpenses": 18400000,
        "sellingAndMarketingExpenses": 78300000,
        "sellingGeneralAndAdministrativeExpenses": 96700000,
        "otherExpenses": 0,
        "operatingExpenses": 96700000,
        "costAndExpenses": 261800000,
        "interestIncome": 10221000,
        "interestExpense": 180080000,
        "depreciationAndAmortization": 76900000,
        "ebitda": 420180000,
        "ebitdaratio": 1.2490487515,
        "operatingIncome": 74600000,
        "operatingIncomeRatio": 0.2217598098,
        "totalOtherIncomeExpensesNet": -58198000,
        "incomeBeforeTax": 26300000,
        "incomeBeforeTaxRatio": 0.0781807372,
        "incomeTaxExpense": 131780000,
        "netIncome": 163200000,
        "netIncomeRatio": 0.485136742,
        "eps": 1.24,
        "epsdiluted": 1.24,
        "weightedAverageShsOut": 131700000,
        "weightedAverageShsOutDil": 131700000,
        "link": "https://www.sec.gov/Archives/edgar/data/922864/000103570404000674/0001035704-04-000674-index.htm",
        "finalLink": "https://www.sec.gov/Archives/edgar/data/922864/000103570404000674/d19090e10vq.htm"
    },
    {
        "date": "2004-06-30",
        "symbol": "AIV",
        "reportedCurrency": "USD",
        "cik": "0000922864",
        "fillingDate": "2004-08-09",
        "acceptedDate": "2004-08-09 16:01:05",
        "calendarYear": "2004",
        "period": "Q2",
        "revenue": 327400000,
        "costOfRevenue": 152700000,
        "grossProfit": 174700000,
        "grossProfitRatio": 0.5335980452,
        "researchAndDevelopmentExpenses": 0,
        "generalAndAdministrativeExpenses": 17400000,
        "sellingAndMarketingExpenses": 80800000,
        "sellingGeneralAndAdministrativeExpenses": 98200000,
        "otherExpenses": 0,
        "operatingExpenses": 98200000,
        "costAndExpenses": 250900000,
        "interestIncome": 7533000,
        "interestExpense": 1662000,
        "depreciationAndAmortization": 88000000,
        "ebitda": 103662000,
        "ebitdaratio": 0.3166218693,
        "operatingIncome": 76500000,
        "operatingIncomeRatio": 0.2336591326,
        "totalOtherIncomeExpensesNet": -76500080,
        "incomeBeforeTax": -2600000,
        "incomeBeforeTaxRatio": -0.0079413561,
        "incomeTaxExpense": -77438000,
        "netIncome": 14000000,
        "netIncomeRatio": 0.0427611484,
        "eps": 0.1,
        "epsdiluted": 0.1,
        "weightedAverageShsOut": 134400000,
        "weightedAverageShsOutDil": 134400000,
        "link": "https://www.sec.gov/Archives/edgar/data/922864/000104746904025822/0001047469-04-025822-index.htm",
        "finalLink": "https://www.sec.gov/Archives/edgar/data/922864/000104746904025822/a2141324z10-q.htm"
    },
    {
        "date": "2004-03-31",
        "symbol": "AIV",
        "reportedCurrency": "USD",
        "cik": "0000922864",
        "fillingDate": "2004-05-10",
        "acceptedDate": "2004-05-10 06:03:55",
        "calendarYear": "2004",
        "period": "Q1",
        "revenue": 352300000,
        "costOfRevenue": 163500000,
        "grossProfit": 188800000,
        "grossProfitRatio": 0.5359068975,
        "researchAndDevelopmentExpenses": 0,
        "generalAndAdministrativeExpenses": 18200000,
        "sellingAndMarketingExpenses": 84700000,
        "sellingGeneralAndAdministrativeExpenses": 102900000,
        "otherExpenses": 0,
        "operatingExpenses": 102900000,
        "costAndExpenses": 266400000,
        "interestIncome": 7476000,
        "interestExpense": 94710000,
        "depreciationAndAmortization": 86200000,
        "ebitda": 194910000,
        "ebitdaratio": 0.553250071,
        "operatingIncome": 85900000,
        "operatingIncomeRatio": 0.2438262844,
        "totalOtherIncomeExpensesNet": -97659060,
        "incomeBeforeTax": -200000,
        "incomeBeforeTaxRatio": -0.000567698,
        "incomeTaxExpense": 8610000,
        "netIncome": 14000000,
        "netIncomeRatio": 0.0397388589,
        "eps": 0.11,
        "epsdiluted": 0.11,
        "weightedAverageShsOut": 132800000,
        "weightedAverageShsOutDil": 132800000,
        "link": "https://www.sec.gov/Archives/edgar/data/922864/000104746904016526/0001047469-04-016526-index.htm",
        "finalLink": "https://www.sec.gov/Archives/edgar/data/922864/000104746904016526/a2135855z10-q.htm"
    },
    {
        "date": "2003-12-31",
        "symbol": "AIV",
        "reportedCurrency": "USD",
        "cik": "0000922864",
        "fillingDate": "2004-03-11",
        "acceptedDate": "2004-03-11 17:23:40",
        "calendarYear": "2003",
        "period": "Q4",
        "revenue": 352700000,
        "costOfRevenue": 150900000,
        "grossProfit": 201800000,
        "grossProfitRatio": 0.5721576411,
        "researchAndDevelopmentExpenses": 0,
        "generalAndAdministrativeExpenses": 20900000,
        "sellingAndMarketingExpenses": 93400000,
        "sellingGeneralAndAdministrativeExpenses": 114300000,
        "otherExpenses": 0,
        "operatingExpenses": 114300000,
        "costAndExpenses": 265200000,
        "interestIncome": 0,
        "interestExpense": 277507000,
        "depreciationAndAmortization": 62800000,
        "ebitda": 377507000,
        "ebitdaratio": 1.070334562,
        "operatingIncome": 87500000,
        "operatingIncomeRatio": 0.2480861922,
        "totalOtherIncomeExpensesNet": -82100000,
        "incomeBeforeTax": 5400000,
        "incomeBeforeTaxRatio": 0.0153104621,
        "incomeTaxExpense": 56800000,
        "netIncome": 37200000,
        "netIncomeRatio": 0.1054720726,
        "eps": 0.28,
        "epsdiluted": 0.28,
        "weightedAverageShsOut": 133300000,
        "weightedAverageShsOutDil": 133300000,
        "link": "https://www.sec.gov/Archives/edgar/data/922864/000104746904007529/0001047469-04-007529-index.htm",
        "finalLink": "https://www.sec.gov/Archives/edgar/data/922864/000104746904007529/a2125839z10-k.htm"
    },
    {
        "date": "2003-09-30",
        "symbol": "AIV",
        "reportedCurrency": "USD",
        "cik": "0000922864",
        "fillingDate": "2003-11-12",
        "acceptedDate": "2003-11-12 17:07:51",
        "calendarYear": "2003",
        "period": "Q3",
        "revenue": 353300000,
        "costOfRevenue": 157300000,
        "grossProfit": 196000000,
        "grossProfitRatio": 0.5547693179,
        "researchAndDevelopmentExpenses": 0,
        "generalAndAdministrativeExpenses": 10900000,
        "sellingAndMarketingExpenses": 79300000,
        "sellingGeneralAndAdministrativeExpenses": 90200000,
        "otherExpenses": 0,
        "operatingExpenses": 90200000,
        "costAndExpenses": 247500000,
        "interestIncome": 0,
        "interestExpense": 95239000,
        "depreciationAndAmortization": 73400000,
        "ebitda": 209239000,
        "ebitdaratio": 0.5922417209,
        "operatingIncome": 105800000,
        "operatingIncomeRatio": 0.2994622134,
        "totalOtherIncomeExpensesNet": -93100000,
        "incomeBeforeTax": 12700000,
        "incomeBeforeTaxRatio": 0.0359467874,
        "incomeTaxExpense": 2139000,
        "netIncome": 40600000,
        "netIncomeRatio": 0.1149165016,
        "eps": 0.3,
        "epsdiluted": 0.3,
        "weightedAverageShsOut": 133200000,
        "weightedAverageShsOutDil": 133200000,
        "link": "https://www.sec.gov/Archives/edgar/data/922864/000104746903037066/0001047469-03-037066-index.htm",
        "finalLink": "https://www.sec.gov/Archives/edgar/data/922864/000104746903037066/a2122309z10-q.htm"
    },
    {
        "date": "2003-06-30",
        "symbol": "AIV",
        "reportedCurrency": "USD",
        "cik": "0000922864",
        "fillingDate": "2003-08-07",
        "acceptedDate": "2003-08-07 17:03:14",
        "calendarYear": "2003",
        "period": "Q2",
        "revenue": 330100000,
        "costOfRevenue": 141300000,
        "grossProfit": 188800000,
        "grossProfitRatio": 0.5719478946,
        "researchAndDevelopmentExpenses": 0,
        "generalAndAdministrativeExpenses": 7100000,
        "sellingAndMarketingExpenses": 76400000,
        "sellingGeneralAndAdministrativeExpenses": 83500000,
        "otherExpenses": 0,
        "operatingExpenses": 83500000,
        "costAndExpenses": 224800000,
        "interestIncome": 0,
        "interestExpense": 92829000,
        "depreciationAndAmortization": 86400000,
        "ebitda": 238429000,
        "ebitdaratio": 0.7222932445,
        "operatingIncome": 105300000,
        "operatingIncomeRatio": 0.3189942442,
        "totalOtherIncomeExpensesNet": -79700000,
        "incomeBeforeTax": 25600000,
        "incomeBeforeTaxRatio": 0.0775522569,
        "incomeTaxExpense": 13129000,
        "netIncome": 59200000,
        "netIncomeRatio": 0.1793395941,
        "eps": 0.44,
        "epsdiluted": 0.44,
        "weightedAverageShsOut": 134000000,
        "weightedAverageShsOutDil": 134000000,
        "link": "https://www.sec.gov/Archives/edgar/data/922864/000104746903026631/0001047469-03-026631-index.htm",
        "finalLink": "https://www.sec.gov/Archives/edgar/data/922864/000104746903026631/a2115640z10-q.htm"
    },
    {
        "date": "2003-03-31",
        "symbol": "AIV",
        "reportedCurrency": "USD",
        "cik": "0000922864",
        "fillingDate": "2003-05-08",
        "acceptedDate": "2003-05-07 19:41:03",
        "calendarYear": "2003",
        "period": "Q1",
        "revenue": 360800000,
        "costOfRevenue": 153200000,
        "grossProfit": 207600000,
        "grossProfitRatio": 0.5753880266,
        "researchAndDevelopmentExpenses": 0,
        "generalAndAdministrativeExpenses": 9700000,
        "sellingAndMarketingExpenses": 80600000,
        "sellingGeneralAndAdministrativeExpenses": 90300000,
        "otherExpenses": 0,
        "operatingExpenses": 90300000,
        "costAndExpenses": 243500000,
        "interestIncome": 0,
        "interestExpense": 94444000,
        "depreciationAndAmortization": 85500000,
        "ebitda": 201744000,
        "ebitdaratio": 0.5591574279,
        "operatingIncome": 117200000,
        "operatingIncomeRatio": 0.3248337029,
        "totalOtherIncomeExpensesNet": -90700000,
        "incomeBeforeTax": 26500000,
        "incomeBeforeTaxRatio": 0.0734478936,
        "incomeTaxExpense": 3744000,
        "netIncome": 21800000,
        "netIncomeRatio": 0.060421286,
        "eps": 0.16,
        "epsdiluted": 0.16,
        "weightedAverageShsOut": 132800000,
        "weightedAverageShsOutDil": 132800000,
        "link": "https://www.sec.gov/Archives/edgar/data/922864/000104746903017444/0001047469-03-017444-index.htm",
        "finalLink": "https://www.sec.gov/Archives/edgar/data/922864/000104746903017444/a2110010z10-q.htm"
    },
    {
        "date": "2002-12-31",
        "symbol": "AIV",
        "reportedCurrency": "USD",
        "cik": "0000922864",
        "fillingDate": "2003-03-07",
        "acceptedDate": "2003-03-07 17:02:02",
        "calendarYear": "2002",
        "period": "Q4",
        "revenue": 360000000,
        "costOfRevenue": 152800000,
        "grossProfit": 207200000,
        "grossProfitRatio": 0.5755555556,
        "researchAndDevelopmentExpenses": 0,
        "generalAndAdministrativeExpenses": 22300000,
        "sellingAndMarketingExpenses": 66900000,
        "sellingGeneralAndAdministrativeExpenses": 89200000,
        "otherExpenses": 0,
        "operatingExpenses": 89200000,
        "costAndExpenses": 242000000,
        "interestIncome": 0,
        "interestExpense": 48438000,
        "depreciationAndAmortization": 69800000,
        "ebitda": 124838000,
        "ebitdaratio": 0.3467722222,
        "operatingIncome": 118000000,
        "operatingIncomeRatio": 0.3277777778,
        "totalOtherIncomeExpensesNet": -104700000,
        "incomeBeforeTax": 13300000,
        "incomeBeforeTaxRatio": 0.0369444444,
        "incomeTaxExpense": -21400000,
        "netIncome": 6600000,
        "netIncomeRatio": 0.0183333333,
        "eps": 0.0499,
        "epsdiluted": 0.0499,
        "weightedAverageShsOut": 132300000,
        "weightedAverageShsOutDil": 132300000,
        "link": "https://www.sec.gov/Archives/edgar/data/922864/000104746903008104/0001047469-03-008104-index.htm",
        "finalLink": "https://www.sec.gov/Archives/edgar/data/922864/000104746903008104/a2104430z10-k.htm"
    },
    {
        "date": "2002-09-30",
        "symbol": "AIV",
        "reportedCurrency": "USD",
        "cik": "0000922864",
        "fillingDate": "2002-11-05",
        "acceptedDate": "2002-11-04 21:59:49",
        "calendarYear": "2002",
        "period": "Q3",
        "revenue": 357900000,
        "costOfRevenue": 155900000,
        "grossProfit": 202000000,
        "grossProfitRatio": 0.5644034647,
        "researchAndDevelopmentExpenses": 0,
        "generalAndAdministrativeExpenses": 6000000,
        "sellingAndMarketingExpenses": 71000000,
        "sellingGeneralAndAdministrativeExpenses": 77000000,
        "otherExpenses": 0,
        "operatingExpenses": 77000000,
        "costAndExpenses": 232900000,
        "interestIncome": 0,
        "interestExpense": 80693000,
        "depreciationAndAmortization": 66600000,
        "ebitda": 193593000,
        "ebitdaratio": 0.540913663,
        "operatingIncome": 125000000,
        "operatingIncomeRatio": 0.3492595697,
        "totalOtherIncomeExpensesNet": -76000000,
        "incomeBeforeTax": 49000000,
        "incomeBeforeTaxRatio": 0.1369097513,
        "incomeTaxExpense": 127000,
        "netIncome": 46300000,
        "netIncomeRatio": 0.1293657446,
        "eps": 0.35,
        "epsdiluted": 0.35,
        "weightedAverageShsOut": 132700000,
        "weightedAverageShsOutDil": 132700000,
        "link": "https://www.sec.gov/Archives/edgar/data/922864/000095013402013362/0000950134-02-013362-index.htm",
        "finalLink": "https://www.sec.gov/Archives/edgar/data/922864/000095013402013362/d00862e10vq.htm"
    },
    {
        "date": "2002-06-30",
        "symbol": "AIV",
        "reportedCurrency": "USD",
        "cik": "0000922864",
        "fillingDate": "2002-08-14",
        "acceptedDate": "2002-08-14 08:05:29",
        "calendarYear": "2002",
        "period": "Q2",
        "revenue": 343900000,
        "costOfRevenue": 141500000,
        "grossProfit": 202400000,
        "grossProfitRatio": 0.5885431812,
        "researchAndDevelopmentExpenses": 0,
        "generalAndAdministrativeExpenses": 8100000,
        "sellingAndMarketingExpenses": 68700000,
        "sellingGeneralAndAdministrativeExpenses": 76800000,
        "otherExpenses": 0,
        "operatingExpenses": 76800000,
        "costAndExpenses": 218300000,
        "interestIncome": 0,
        "interestExpense": 86610000,
        "depreciationAndAmortization": 63500000,
        "ebitda": 196110000,
        "ebitdaratio": 0.5702529805,
        "operatingIncome": 125600000,
        "operatingIncomeRatio": 0.3652224484,
        "totalOtherIncomeExpensesNet": -58800000,
        "incomeBeforeTax": 66800000,
        "incomeBeforeTaxRatio": 0.1942425124,
        "incomeTaxExpense": 27810000,
        "netIncome": 46000000,
        "netIncomeRatio": 0.1337598139,
        "eps": 0.38,
        "epsdiluted": 0.38,
        "weightedAverageShsOut": 122400000,
        "weightedAverageShsOutDil": 122400000,
        "link": "https://www.sec.gov/Archives/edgar/data/922864/000095013402009847/0000950134-02-009847-index.htm",
        "finalLink": "https://www.sec.gov/Archives/edgar/data/922864/000095013402009847/d98986e10vq.htm"
    },
    {
        "date": "2002-03-31",
        "symbol": "AIV",
        "reportedCurrency": "USD",
        "cik": "0000922864",
        "fillingDate": "2002-05-14",
        "acceptedDate": "2002-05-13 19:46:36",
        "calendarYear": "2002",
        "period": "Q1",
        "revenue": 326100000,
        "costOfRevenue": 129200000,
        "grossProfit": 196900000,
        "grossProfitRatio": 0.6038025146,
        "researchAndDevelopmentExpenses": 0,
        "generalAndAdministrativeExpenses": 3100000,
        "sellingAndMarketingExpenses": 69400000,
        "sellingGeneralAndAdministrativeExpenses": 72500000,
        "otherExpenses": 0,
        "operatingExpenses": 72500000,
        "costAndExpenses": 201700000,
        "interestIncome": 0,
        "interestExpense": 81766000,
        "depreciationAndAmortization": 68200000,
        "ebitda": 220066000,
        "ebitdaratio": 0.674842073,
        "operatingIncome": 124400000,
        "operatingIncomeRatio": 0.3814780742,
        "totalOtherIncomeExpensesNet": -56400000,
        "incomeBeforeTax": 68000000,
        "incomeBeforeTaxRatio": 0.2085249923,
        "incomeTaxExpense": 25366000,
        "netIncome": 70100000,
        "netIncomeRatio": 0.2149647347,
        "eps": 0.64,
        "epsdiluted": 0.64,
        "weightedAverageShsOut": 109100000,
        "weightedAverageShsOutDil": 109100000,
        "link": "https://www.sec.gov/Archives/edgar/data/922864/000095013402005297/0000950134-02-005297-index.htm",
        "finalLink": "https://www.sec.gov/Archives/edgar/data/922864/000095013402005297/d96712e10-q.htm"
    },
    {
        "date": "2001-12-31",
        "symbol": "AIV",
        "reportedCurrency": "USD",
        "cik": "0000922864",
        "fillingDate": "2002-03-20",
        "acceptedDate": "2002-03-20 00:00:00",
        "calendarYear": "2001",
        "period": "Q4",
        "revenue": 320900000,
        "costOfRevenue": 136900000,
        "grossProfit": 184000000,
        "grossProfitRatio": 0.5733873481,
        "researchAndDevelopmentExpenses": 0,
        "generalAndAdministrativeExpenses": 12300000,
        "sellingAndMarketingExpenses": 94100000,
        "sellingGeneralAndAdministrativeExpenses": 106400000,
        "otherExpenses": 0,
        "operatingExpenses": 106400000,
        "costAndExpenses": 243300000,
        "interestIncome": 0,
        "interestExpense": 315860000,
        "depreciationAndAmortization": 44600000,
        "ebitda": 397260000,
        "ebitdaratio": 1.2379557495,
        "operatingIncome": 77600000,
        "operatingIncomeRatio": 0.2418198816,
        "totalOtherIncomeExpensesNet": -36400000,
        "incomeBeforeTax": 41200000,
        "incomeBeforeTaxRatio": 0.1283889062,
        "incomeTaxExpense": -3900000,
        "netIncome": 36800000,
        "netIncomeRatio": 0.1146774696,
        "eps": 0.34,
        "epsdiluted": 0.34,
        "weightedAverageShsOut": 107500000,
        "weightedAverageShsOutDil": 107500000,
        "link": "https://www.sec.gov/Archives/edgar/data/922864/000095013402002348/0000950134-02-002348-index.htm",
        "finalLink": "https://www.sec.gov/Archives/edgar/data/922864/000095013402002348/d94548e10-k405.htm"
    },
    {
        "date": "2001-09-30",
        "symbol": "AIV",
        "reportedCurrency": "USD",
        "cik": "0000922864",
        "fillingDate": "2001-11-14",
        "acceptedDate": "2001-11-14 00:00:00",
        "calendarYear": "2001",
        "period": "Q3",
        "revenue": 361700000,
        "costOfRevenue": 150600000,
        "grossProfit": 211100000,
        "grossProfitRatio": 0.5836328449,
        "researchAndDevelopmentExpenses": 0,
        "generalAndAdministrativeExpenses": 4300000,
        "sellingAndMarketingExpenses": 91100000,
        "sellingGeneralAndAdministrativeExpenses": 95400000,
        "otherExpenses": 0,
        "operatingExpenses": 95400000,
        "costAndExpenses": 246000000,
        "interestIncome": 0,
        "interestExpense": -68700000,
        "depreciationAndAmortization": 81700000,
        "ebitda": 39100000,
        "ebitdaratio": 0.1081006359,
        "operatingIncome": 115700000,
        "operatingIncomeRatio": 0.3198783522,
        "totalOtherIncomeExpensesNet": -87900000,
        "incomeBeforeTax": 27800000,
        "incomeBeforeTaxRatio": 0.0768592756,
        "incomeTaxExpense": -156600000,
        "netIncome": 26100000,
        "netIncomeRatio": 0.072159248,
        "eps": 0.24,
        "epsdiluted": 0.24,
        "weightedAverageShsOut": 106700000,
        "weightedAverageShsOutDil": 106700000,
        "link": "https://www.sec.gov/Archives/edgar/data/922864/000095013401508475/0000950134-01-508475-index.htm",
        "finalLink": "https://www.sec.gov/Archives/edgar/data/922864/000095013401508475/d91856e10-q.htm"
    },
    {
        "date": "2001-06-30",
        "symbol": "AIV",
        "reportedCurrency": "USD",
        "cik": "0000922864",
        "fillingDate": "2001-08-14",
        "acceptedDate": "2001-08-14 00:00:00",
        "calendarYear": "2001",
        "period": "Q2",
        "revenue": 348600000,
        "costOfRevenue": 140500000,
        "grossProfit": 208100000,
        "grossProfitRatio": 0.5969592656,
        "researchAndDevelopmentExpenses": 0,
        "generalAndAdministrativeExpenses": 4500000,
        "sellingAndMarketingExpenses": 107100000,
        "sellingGeneralAndAdministrativeExpenses": 111600000,
        "otherExpenses": 0,
        "operatingExpenses": 111600000,
        "costAndExpenses": 252100000,
        "interestIncome": 0,
        "interestExpense": -65500000,
        "depreciationAndAmortization": 97000000,
        "ebitda": 61900000,
        "ebitdaratio": 0.1775674125,
        "operatingIncome": 96500000,
        "operatingIncomeRatio": 0.276821572,
        "totalOtherIncomeExpensesNet": -65400000,
        "incomeBeforeTax": 31100000,
        "incomeBeforeTaxRatio": 0.0892139989,
        "incomeTaxExpense": -130900000,
        "netIncome": 30400000,
        "netIncomeRatio": 0.0872059667,
        "eps": 0.29,
        "epsdiluted": 0.29,
        "weightedAverageShsOut": 104300000,
        "weightedAverageShsOutDil": 104300000,
        "link": "https://www.sec.gov/Archives/edgar/data/922864/000095013401505365/0000950134-01-505365-index.htm",
        "finalLink": "https://www.sec.gov/Archives/edgar/data/922864/000095013401505365/d89776e10-q.htm"
    },
    {
        "date": "2001-03-31",
        "symbol": "AIV",
        "reportedCurrency": "USD",
        "cik": "0000922864",
        "fillingDate": "2001-05-15",
        "acceptedDate": "2001-05-15 00:00:00",
        "calendarYear": "2001",
        "period": "Q1",
        "revenue": 351900000,
        "costOfRevenue": 149700000,
        "grossProfit": 202200000,
        "grossProfitRatio": 0.5745950554,
        "researchAndDevelopmentExpenses": 0,
        "generalAndAdministrativeExpenses": 4100000,
        "sellingAndMarketingExpenses": 97600000,
        "sellingGeneralAndAdministrativeExpenses": 101700000,
        "otherExpenses": 0,
        "operatingExpenses": 101700000,
        "costAndExpenses": 251400000,
        "interestIncome": 0,
        "interestExpense": -74100000,
        "depreciationAndAmortization": 98000000,
        "ebitda": 37900000,
        "ebitdaratio": 0.1077010514,
        "operatingIncome": 100500000,
        "operatingIncomeRatio": 0.2855924979,
        "totalOtherIncomeExpensesNet": -85000000,
        "incomeBeforeTax": 15500000,
        "incomeBeforeTaxRatio": 0.0440466041,
        "incomeTaxExpense": -159100000,
        "netIncome": 14000000,
        "netIncomeRatio": 0.0397840296,
        "eps": 0.14,
        "epsdiluted": 0.14,
        "weightedAverageShsOut": 103200000,
        "weightedAverageShsOutDil": 103200000,
        "link": "https://www.sec.gov/Archives/edgar/data/922864/000095013401502020/0000950134-01-502020-index.htm",
        "finalLink": "https://www.sec.gov/Archives/edgar/data/922864/000095013401502020/d87044e10-q.htm"
    },
    {
        "date": "2000-12-31",
        "symbol": "AIV",
        "reportedCurrency": "USD",
        "cik": "0000922864",
        "fillingDate": "2001-03-30",
        "acceptedDate": "2001-03-30 00:00:00",
        "calendarYear": "2000",
        "period": "Q4",
        "revenue": 300600000,
        "costOfRevenue": 125500000,
        "grossProfit": 175100000,
        "grossProfitRatio": 0.5825016633,
        "researchAndDevelopmentExpenses": 0,
        "generalAndAdministrativeExpenses": 4500000,
        "sellingAndMarketingExpenses": 75300000,
        "sellingGeneralAndAdministrativeExpenses": 79800000,
        "otherExpenses": 0,
        "operatingExpenses": 79800000,
        "costAndExpenses": 205300000,
        "interestIncome": 0,
        "interestExpense": -48400000,
        "depreciationAndAmortization": 66400000,
        "ebitda": 49200000,
        "ebitdaratio": 0.1636726547,
        "operatingIncome": 95300000,
        "operatingIncomeRatio": 0.3170326015,
        "totalOtherIncomeExpensesNet": -60700000,
        "incomeBeforeTax": 34600000,
        "incomeBeforeTaxRatio": 0.1151031271,
        "incomeTaxExpense": -109100000,
        "netIncome": 31200000,
        "netIncomeRatio": 0.1037924152,
        "eps": 0.3,
        "epsdiluted": 0.3,
        "weightedAverageShsOut": 103000000,
        "weightedAverageShsOutDil": 103000000,
        "link": "https://www.sec.gov/Archives/edgar/data/922864/000095013401500033/0000950134-01-500033-index.htm",
        "finalLink": "https://www.sec.gov/Archives/edgar/data/922864/000095013401500033/d84900e10-k405.htm"
    },
    {
        "date": "2000-09-30",
        "symbol": "AIV",
        "reportedCurrency": "USD",
        "cik": "0000922864",
        "fillingDate": "2000-11-14",
        "acceptedDate": "2000-11-14 00:00:00",
        "calendarYear": "2000",
        "period": "Q3",
        "revenue": 285500000,
        "costOfRevenue": 120700000,
        "grossProfit": 164800000,
        "grossProfitRatio": 0.5772329247,
        "researchAndDevelopmentExpenses": 0,
        "generalAndAdministrativeExpenses": 4900000,
        "sellingAndMarketingExpenses": 78000000,
        "sellingGeneralAndAdministrativeExpenses": 82900000,
        "otherExpenses": 0,
        "operatingExpenses": 82900000,
        "costAndExpenses": 203600000,
        "interestIncome": 0,
        "interestExpense": -57400000,
        "depreciationAndAmortization": 78500000,
        "ebitda": 51300000,
        "ebitdaratio": 0.1796847636,
        "operatingIncome": 81900000,
        "operatingIncomeRatio": 0.2868651489,
        "totalOtherIncomeExpensesNet": -48400000,
        "incomeBeforeTax": 33500000,
        "incomeBeforeTaxRatio": 0.1173380035,
        "incomeTaxExpense": -105800000,
        "netIncome": 30200000,
        "netIncomeRatio": 0.1057793345,
        "eps": 0.29,
        "epsdiluted": 0.29,
        "weightedAverageShsOut": 102700000,
        "weightedAverageShsOutDil": 102700000,
        "link": "https://www.sec.gov/Archives/edgar/data/922864/000095013400009600/0000950134-00-009600-index.htm",
        "finalLink": "https://www.sec.gov/Archives/edgar/data/922864/000095013400009600/d81725e10-q.htm"
    },
    {
        "date": "2000-06-30",
        "symbol": "AIV",
        "reportedCurrency": "USD",
        "cik": "0000922864",
        "fillingDate": "2000-08-11",
        "acceptedDate": "2000-08-11 00:00:00",
        "calendarYear": "2000",
        "period": "Q2",
        "revenue": 270500000,
        "costOfRevenue": 114300000,
        "grossProfit": 156200000,
        "grossProfitRatio": 0.5774491682,
        "researchAndDevelopmentExpenses": 0,
        "generalAndAdministrativeExpenses": 4400000,
        "sellingAndMarketingExpenses": 91400000,
        "sellingGeneralAndAdministrativeExpenses": 95800000,
        "otherExpenses": 0,
        "operatingExpenses": 95800000,
        "costAndExpenses": 210100000,
        "interestIncome": 0,
        "interestExpense": -47400000,
        "depreciationAndAmortization": 81900000,
        "ebitda": 46300000,
        "ebitdaratio": 0.1711645102,
        "operatingIncome": 60400000,
        "operatingIncomeRatio": 0.2232902033,
        "totalOtherIncomeExpensesNet": -47200000,
        "incomeBeforeTax": 13200000,
        "incomeBeforeTaxRatio": 0.0487985213,
        "incomeTaxExpense": -94600000,
        "netIncome": 11800000,
        "netIncomeRatio": 0.0436229205,
        "eps": 0.12,
        "epsdiluted": 0.12,
        "weightedAverageShsOut": 94800000,
        "weightedAverageShsOutDil": 94800000,
        "link": "https://www.sec.gov/Archives/edgar/data/922864/000095013400006821/0000950134-00-006821-index.htm",
        "finalLink": "https://www.sec.gov/Archives/edgar/data/922864/000095013400006821/e10-q.htm"
    },
    {
        "date": "2000-03-31",
        "symbol": "AIV",
        "reportedCurrency": "USD",
        "cik": "0000922864",
        "fillingDate": "2000-05-15",
        "acceptedDate": "2000-05-15 00:00:00",
        "calendarYear": "2000",
        "period": "Q1",
        "revenue": 234300000,
        "costOfRevenue": 96800000,
        "grossProfit": 137500000,
        "grossProfitRatio": 0.5868544601,
        "researchAndDevelopmentExpenses": 0,
        "generalAndAdministrativeExpenses": 4300000,
        "sellingAndMarketingExpenses": 67100000,
        "sellingGeneralAndAdministrativeExpenses": 71400000,
        "otherExpenses": 0,
        "operatingExpenses": 71400000,
        "costAndExpenses": 168200000,
        "interestIncome": 0,
        "interestExpense": -42800000,
        "depreciationAndAmortization": 67700000,
        "ebitda": 50800000,
        "ebitdaratio": 0.2168160478,
        "operatingIncome": 66100000,
        "operatingIncomeRatio": 0.2821169441,
        "totalOtherIncomeExpensesNet": -37600000,
        "incomeBeforeTax": 28500000,
        "incomeBeforeTaxRatio": 0.1216389245,
        "incomeTaxExpense": -80400000,
        "netIncome": 25900000,
        "netIncomeRatio": 0.1105420401,
        "eps": 0.27,
        "epsdiluted": 0.27,
        "weightedAverageShsOut": 94900000,
        "weightedAverageShsOutDil": 94900000,
        "link": "https://www.sec.gov/Archives/edgar/data/922864/000095013400004724/0000950134-00-004724-index.html",
        "finalLink": "https://www.sec.gov/Archives/edgar/data/922864/000095013400004724/"
    },
    {
        "date": "1999-12-31",
        "symbol": "AIV",
        "reportedCurrency": "USD",
        "cik": "0000922864",
        "fillingDate": "2000-03-15",
        "acceptedDate": "2000-03-15 00:00:00",
        "calendarYear": "1999",
        "period": "Q4",
        "revenue": 198900000,
        "costOfRevenue": 80800000,
        "grossProfit": 118100000,
        "grossProfitRatio": 0.5937657114,
        "researchAndDevelopmentExpenses": 0,
        "generalAndAdministrativeExpenses": -6200000,
        "sellingAndMarketingExpenses": 68600000,
        "sellingGeneralAndAdministrativeExpenses": 62400000,
        "otherExpenses": 0,
        "operatingExpenses": 62400000,
        "costAndExpenses": 143200000,
        "interestIncome": 0,
        "interestExpense": -29000000,
        "depreciationAndAmortization": 50100000,
        "ebitda": 44600000,
        "ebitdaratio": 0.2242332831,
        "operatingIncome": 55800000,
        "operatingIncomeRatio": 0.2805429864,
        "totalOtherIncomeExpensesNet": -31100000,
        "incomeBeforeTax": 24700000,
        "incomeBeforeTaxRatio": 0.1241830065,
        "incomeTaxExpense": -60099999.99999999,
        "netIncome": 23500000,
        "netIncomeRatio": 0.118149824,
        "eps": 0.25,
        "epsdiluted": 0.25,
        "weightedAverageShsOut": 95000000,
        "weightedAverageShsOutDil": 95000000,
        "link": "https://www.sec.gov/Archives/edgar/data/922864/000095013400001927/0000950134-00-001927-index.html",
        "finalLink": "https://www.sec.gov/Archives/edgar/data/922864/000095013400001927/"
    },
    {
        "date": "1999-09-30",
        "symbol": "AIV",
        "reportedCurrency": "USD",
        "cik": "0000922864",
        "fillingDate": "1999-11-15",
        "acceptedDate": "1999-11-15 00:00:00",
        "calendarYear": "1999",
        "period": "Q3",
        "revenue": 129700000,
        "costOfRevenue": 62900000,
        "grossProfit": 66800000,
        "grossProfitRatio": 0.5150346955,
        "researchAndDevelopmentExpenses": 0,
        "generalAndAdministrativeExpenses": 3000000,
        "sellingAndMarketingExpenses": 28500000,
        "sellingGeneralAndAdministrativeExpenses": 31500000,
        "otherExpenses": 0,
        "operatingExpenses": 31500000,
        "costAndExpenses": 94400000,
        "interestIncome": 0,
        "interestExpense": -15800000,
        "depreciationAndAmortization": 34000000,
        "ebitda": 36800000,
        "ebitdaratio": 0.2837316885,
        "operatingIncome": 35300000,
        "operatingIncomeRatio": 0.2721665382,
        "totalOtherIncomeExpensesNet": -15400000,
        "incomeBeforeTax": 19900000,
        "incomeBeforeTaxRatio": 0.1534309946,
        "incomeTaxExpense": -31200000,
        "netIncome": 18600000,
        "netIncomeRatio": 0.1434078643,
        "eps": 0.2,
        "epsdiluted": 0.2,
        "weightedAverageShsOut": 93700000,
        "weightedAverageShsOutDil": 93700000,
        "link": "https://www.sec.gov/Archives/edgar/data/922864/000095013499010205/0000950134-99-010205-index.html",
        "finalLink": "https://www.sec.gov/Archives/edgar/data/922864/000095013499010205/"
    },
    {
        "date": "1999-06-30",
        "symbol": "AIV",
        "reportedCurrency": "USD",
        "cik": "0000922864",
        "fillingDate": "1999-08-16",
        "acceptedDate": "1999-08-16 00:00:00",
        "calendarYear": "1999",
        "period": "Q2",
        "revenue": 122500000,
        "costOfRevenue": 44200000,
        "grossProfit": 78300000,
        "grossProfitRatio": 0.6391836735,
        "researchAndDevelopmentExpenses": 0,
        "generalAndAdministrativeExpenses": 2300000,
        "sellingAndMarketingExpenses": 28300000,
        "sellingGeneralAndAdministrativeExpenses": 30600000,
        "otherExpenses": 0,
        "operatingExpenses": 30600000,
        "costAndExpenses": 74800000,
        "interestIncome": 0,
        "interestExpense": -23700000,
        "depreciationAndAmortization": 33700000,
        "ebitda": 31400000,
        "ebitdaratio": 0.2563265306,
        "operatingIncome": 47700000,
        "operatingIncomeRatio": 0.3893877551,
        "totalOtherIncomeExpensesNet": -23700000,
        "incomeBeforeTax": 24000000,
        "incomeBeforeTaxRatio": 0.1959183673,
        "incomeTaxExpense": -47400000,
        "netIncome": 21400000,
        "netIncomeRatio": 0.1746938776,
        "eps": 0.24,
        "epsdiluted": 0.24,
        "weightedAverageShsOut": 91000000,
        "weightedAverageShsOutDil": 91000000,
        "link": "https://www.sec.gov/Archives/edgar/data/922864/000095013499007572/0000950134-99-007572-index.html",
        "finalLink": "https://www.sec.gov/Archives/edgar/data/922864/000095013499007572/"
    },
    {
        "date": "1999-03-31",
        "symbol": "AIV",
        "reportedCurrency": "USD",
        "cik": "0000922864",
        "fillingDate": "1999-05-17",
        "acceptedDate": "1999-05-17 00:00:00",
        "calendarYear": "1999",
        "period": "Q1",
        "revenue": 121100000,
        "costOfRevenue": 55600000,
        "grossProfit": 65500000,
        "grossProfitRatio": 0.5408753097,
        "researchAndDevelopmentExpenses": 0,
        "generalAndAdministrativeExpenses": 3100000,
        "sellingAndMarketingExpenses": 26500000,
        "sellingGeneralAndAdministrativeExpenses": 29600000,
        "otherExpenses": 0,
        "operatingExpenses": 29600000,
        "costAndExpenses": 85200000,
        "interestIncome": 0,
        "interestExpense": -20800000,
        "depreciationAndAmortization": 33400000,
        "ebitda": 26600000,
        "ebitdaratio": 0.2196531792,
        "operatingIncome": 35900000,
        "operatingIncomeRatio": 0.2964492155,
        "totalOtherIncomeExpensesNet": -20700000,
        "incomeBeforeTax": 15200000,
        "incomeBeforeTaxRatio": 0.1255161024,
        "incomeTaxExpense": -41500000,
        "netIncome": 14000000,
        "netIncomeRatio": 0.1156069364,
        "eps": 0.17,
        "epsdiluted": 0.17,
        "weightedAverageShsOut": 83600000,
        "weightedAverageShsOutDil": 83600000,
        "link": "https://www.sec.gov/Archives/edgar/data/922864/000095013499004397/0000950134-99-004397-index.html",
        "finalLink": "https://www.sec.gov/Archives/edgar/data/922864/"
    },
    {
        "date": "1998-12-31",
        "symbol": "AIV",
        "reportedCurrency": "USD",
        "cik": "0000922864",
        "fillingDate": "1999-03-31",
        "acceptedDate": "1999-03-31 00:00:00",
        "calendarYear": "1998",
        "period": "Q4",
        "revenue": 121600000,
        "costOfRevenue": 57800000,
        "grossProfit": 63800000,
        "grossProfitRatio": 0.5246710526,
        "researchAndDevelopmentExpenses": 0,
        "generalAndAdministrativeExpenses": 7300000,
        "sellingAndMarketingExpenses": 16000000,
        "sellingGeneralAndAdministrativeExpenses": 23300000,
        "otherExpenses": 0,
        "operatingExpenses": 23300000,
        "costAndExpenses": 81100000,
        "interestIncome": 0,
        "interestExpense": -29000000,
        "depreciationAndAmortization": 34300000,
        "ebitda": 17900000,
        "ebitdaratio": 0.1472039474,
        "operatingIncome": 40500000,
        "operatingIncomeRatio": 0.3330592105,
        "totalOtherIncomeExpensesNet": -27100000,
        "incomeBeforeTax": 13400000,
        "incomeBeforeTaxRatio": 0.1101973684,
        "incomeTaxExpense": -56100000,
        "netIncome": 12600000,
        "netIncomeRatio": 0.1036184211,
        "eps": 0.16,
        "epsdiluted": 0.16,
        "weightedAverageShsOut": 80500000,
        "weightedAverageShsOutDil": 80500000,
        "link": "https://www.sec.gov/Archives/edgar/data/922864/000095013499002364/0000950134-99-002364-index.html",
        "finalLink": "https://www.sec.gov/Archives/edgar/data/922864/"
    },
    {
        "date": "1998-09-30",
        "symbol": "AIV",
        "reportedCurrency": "USD",
        "cik": "0000922864",
        "fillingDate": "1998-11-16",
        "acceptedDate": "1998-11-16 00:00:00",
        "calendarYear": "1998",
        "period": "Q3",
        "revenue": 108800000,
        "costOfRevenue": 47600000,
        "grossProfit": 61200000,
        "grossProfitRatio": 0.5625,
        "researchAndDevelopmentExpenses": 0,
        "generalAndAdministrativeExpenses": 3300000,
        "sellingAndMarketingExpenses": 28200000,
        "sellingGeneralAndAdministrativeExpenses": 31500000,
        "otherExpenses": 0,
        "operatingExpenses": 31500000,
        "costAndExpenses": 79100000,
        "interestIncome": 0,
        "interestExpense": -12300000,
        "depreciationAndAmortization": 28600000,
        "ebitda": 32900000,
        "ebitdaratio": 0.3023897059,
        "operatingIncome": 29800000,
        "operatingIncomeRatio": 0.2738970588,
        "totalOtherIncomeExpensesNet": -12100000,
        "incomeBeforeTax": 17700000,
        "incomeBeforeTaxRatio": 0.1626838235,
        "incomeTaxExpense": -24400000,
        "netIncome": 16600000,
        "netIncomeRatio": 0.1525735294,
        "eps": 0.24,
        "epsdiluted": 0.24,
        "weightedAverageShsOut": 67800000,
        "weightedAverageShsOutDil": 67800000,
        "link": "https://www.sec.gov/Archives/edgar/data/922864/000095013498009057/0000950134-98-009057-index.html",
        "finalLink": "https://www.sec.gov/Archives/edgar/data/922864/"
    },
    {
        "date": "1998-06-30",
        "symbol": "AIV",
        "reportedCurrency": "USD",
        "cik": "0000922864",
        "fillingDate": "1998-08-14",
        "acceptedDate": "1998-08-14 00:00:00",
        "calendarYear": "1998",
        "period": "Q2",
        "revenue": 94700000,
        "costOfRevenue": 39500000,
        "grossProfit": 55200000,
        "grossProfitRatio": 0.5828933474,
        "researchAndDevelopmentExpenses": 0,
        "generalAndAdministrativeExpenses": 2100000,
        "sellingAndMarketingExpenses": 26000000,
        "sellingGeneralAndAdministrativeExpenses": 28100000,
        "otherExpenses": 0,
        "operatingExpenses": 28100000,
        "costAndExpenses": 67600000,
        "interestIncome": 0,
        "interestExpense": -12500000,
        "depreciationAndAmortization": 22800000,
        "ebitda": 23900000,
        "ebitdaratio": 0.252375924,
        "operatingIncome": 27100000,
        "operatingIncomeRatio": 0.2861668427,
        "totalOtherIncomeExpensesNet": -12500000,
        "incomeBeforeTax": 14600000,
        "incomeBeforeTaxRatio": 0.1541710665,
        "incomeTaxExpense": -25000000.000000004,
        "netIncome": 13600000,
        "netIncomeRatio": 0.1436114044,
        "eps": 0.21,
        "epsdiluted": 0.21,
        "weightedAverageShsOut": 65200000,
        "weightedAverageShsOutDil": 65200000,
        "link": "https://www.sec.gov/Archives/edgar/data/922864/000095013498007023/0000950134-98-007023-index.html",
        "finalLink": "https://www.sec.gov/Archives/edgar/data/922864/"
    },
    {
        "date": "1998-03-31",
        "symbol": "AIV",
        "reportedCurrency": "USD",
        "cik": "0000922864",
        "fillingDate": "1998-05-15",
        "acceptedDate": "1998-05-15 00:00:00",
        "calendarYear": "1998",
        "period": "Q1",
        "revenue": 76200000,
        "costOfRevenue": 30400000,
        "grossProfit": 45800000,
        "grossProfitRatio": 0.6010498688,
        "researchAndDevelopmentExpenses": 0,
        "generalAndAdministrativeExpenses": 2100000,
        "sellingAndMarketingExpenses": 12200000,
        "sellingGeneralAndAdministrativeExpenses": 14300000,
        "otherExpenses": 0,
        "operatingExpenses": 14300000,
        "costAndExpenses": 44700000,
        "interestIncome": 0,
        "interestExpense": -10000000,
        "depreciationAndAmortization": 15900000,
        "ebitda": 27500000,
        "ebitdaratio": 0.3608923885,
        "operatingIncome": 31400000,
        "operatingIncomeRatio": 0.4120734908,
        "totalOtherIncomeExpensesNet": -7500000,
        "incomeBeforeTax": 23900000,
        "incomeBeforeTaxRatio": 0.313648294,
        "incomeTaxExpense": -17500000,
        "netIncome": 21600000,
        "netIncomeRatio": 0.2834645669,
        "eps": 0.37,
        "epsdiluted": 0.37,
        "weightedAverageShsOut": 59100000,
        "weightedAverageShsOutDil": 59100000,
        "link": "https://www.sec.gov/Archives/edgar/data/922864/000104746998020830/0001047469-98-020830-index.html",
        "finalLink": "https://www.sec.gov/Archives/edgar/data/922864/"
    },
    {
        "date": "1997-12-31",
        "symbol": "AIV",
        "reportedCurrency": "USD",
        "cik": "0000922864",
        "fillingDate": "1998-03-24",
        "acceptedDate": "1998-03-24 00:00:00",
        "calendarYear": "1997",
        "period": "Q4",
        "revenue": 70700000,
        "costOfRevenue": 33100000,
        "grossProfit": 37600000,
        "grossProfitRatio": 0.531824611,
        "researchAndDevelopmentExpenses": 0,
        "generalAndAdministrativeExpenses": 2700000,
        "sellingAndMarketingExpenses": 15300000,
        "sellingGeneralAndAdministrativeExpenses": 18000000,
        "otherExpenses": 0,
        "operatingExpenses": 18000000,
        "costAndExpenses": 51100000,
        "interestIncome": 0,
        "interestExpense": -18000000,
        "depreciationAndAmortization": 16900000,
        "ebitda": 10700000,
        "ebitdaratio": 0.1513437058,
        "operatingIncome": 19600000,
        "operatingIncomeRatio": 0.2772277228,
        "totalOtherIncomeExpensesNet": -6300000,
        "incomeBeforeTax": 13300000,
        "incomeBeforeTaxRatio": 0.1881188119,
        "incomeTaxExpense": -24300000,
        "netIncome": 11800000,
        "netIncomeRatio": 0.1669024045,
        "eps": 0.23,
        "epsdiluted": 0.23,
        "weightedAverageShsOut": 50400000,
        "weightedAverageShsOutDil": 50400000,
        "link": "https://www.sec.gov/Archives/edgar/data/922864/000104746998011050/0001047469-98-011050-index.html",
        "finalLink": "https://www.sec.gov/Archives/edgar/data/922864/"
    },
    {
        "date": "1997-09-30",
        "symbol": "AIV",
        "reportedCurrency": "USD",
        "cik": "0000922864",
        "fillingDate": "1997-11-14",
        "acceptedDate": "1997-11-14 00:00:00",
        "calendarYear": "1997",
        "period": "Q3",
        "revenue": 50900000,
        "costOfRevenue": 23600000,
        "grossProfit": 27300000,
        "grossProfitRatio": 0.536345776,
        "researchAndDevelopmentExpenses": 0,
        "generalAndAdministrativeExpenses": 800000,
        "sellingAndMarketingExpenses": 9100000,
        "sellingGeneralAndAdministrativeExpenses": 9900000,
        "otherExpenses": 0,
        "operatingExpenses": 9900000,
        "costAndExpenses": 33500000,
        "interestIncome": 0,
        "interestExpense": -12800000,
        "depreciationAndAmortization": 9500000,
        "ebitda": 3700000,
        "ebitdaratio": 0.0726915521,
        "operatingIncome": 17500000,
        "operatingIncomeRatio": 0.3438113949,
        "totalOtherIncomeExpensesNet": -9500000,
        "incomeBeforeTax": 8000000,
        "incomeBeforeTaxRatio": 0.1571709234,
        "incomeTaxExpense": -22300000,
        "netIncome": 7000000,
        "netIncomeRatio": 0.137524558,
        "eps": 0.2,
        "epsdiluted": 0.2,
        "weightedAverageShsOut": 35200000,
        "weightedAverageShsOutDil": 35200000,
        "link": "https://www.sec.gov/Archives/edgar/data/922864/000104746997004989/0001047469-97-004989-index.html",
        "finalLink": "https://www.sec.gov/Archives/edgar/data/922864/"
    },
    {
        "date": "1997-06-30",
        "symbol": "AIV",
        "reportedCurrency": "USD",
        "cik": "0000922864",
        "fillingDate": "1997-08-14",
        "acceptedDate": "1997-08-14 00:00:00",
        "calendarYear": "1997",
        "period": "Q2",
        "revenue": 44800000,
        "costOfRevenue": 19300000,
        "grossProfit": 25500000,
        "grossProfitRatio": 0.5691964286,
        "researchAndDevelopmentExpenses": 0,
        "generalAndAdministrativeExpenses": 600000,
        "sellingAndMarketingExpenses": 7900000,
        "sellingGeneralAndAdministrativeExpenses": 8500000,
        "otherExpenses": 0,
        "operatingExpenses": 8500000,
        "costAndExpenses": 27800000,
        "interestIncome": 0,
        "interestExpense": -11200000,
        "depreciationAndAmortization": 8700000,
        "ebitda": 2800000,
        "ebitdaratio": 0.0625,
        "operatingIncome": 17000000,
        "operatingIncomeRatio": 0.3794642857,
        "totalOtherIncomeExpensesNet": -11000000,
        "incomeBeforeTax": 6000000,
        "incomeBeforeTaxRatio": 0.1339285714,
        "incomeTaxExpense": -22200000,
        "netIncome": 5300000,
        "netIncomeRatio": 0.1183035714,
        "eps": 0.18,
        "epsdiluted": 0.18,
        "weightedAverageShsOut": 29300000,
        "weightedAverageShsOutDil": 29300000,
        "link": "https://www.sec.gov/Archives/edgar/data/922864/000091205797028098/0000912057-97-028098-index.html",
        "finalLink": "https://www.sec.gov/Archives/edgar/data/922864/"
    },
    {
        "date": "1997-03-31",
        "symbol": "AIV",
        "reportedCurrency": "USD",
        "cik": "0000922864",
        "fillingDate": "1997-05-15",
        "acceptedDate": "1997-05-15 00:00:00",
        "calendarYear": "1997",
        "period": "Q1",
        "revenue": 40500000,
        "costOfRevenue": 17200000,
        "grossProfit": 23300000,
        "grossProfitRatio": 0.575308642,
        "researchAndDevelopmentExpenses": 0,
        "generalAndAdministrativeExpenses": 500000,
        "sellingAndMarketingExpenses": 7800000,
        "sellingGeneralAndAdministrativeExpenses": 8300000,
        "otherExpenses": 0,
        "operatingExpenses": 8300000,
        "costAndExpenses": 25500000,
        "interestIncome": 0,
        "interestExpense": -9500000,
        "depreciationAndAmortization": 8400000,
        "ebitda": 3500000,
        "ebitdaratio": 0.0864197531,
        "operatingIncome": 15000000,
        "operatingIncomeRatio": 0.3703703704,
        "totalOtherIncomeExpensesNet": -9300000,
        "incomeBeforeTax": 5700000,
        "incomeBeforeTaxRatio": 0.1407407407,
        "incomeTaxExpense": -18800000,
        "netIncome": 4600000,
        "netIncomeRatio": 0.1135802469,
        "eps": 0.19,
        "epsdiluted": 0.19,
        "weightedAverageShsOut": 23700000,
        "weightedAverageShsOutDil": 23700000,
        "link": "https://www.sec.gov/Archives/edgar/data/922864/000091205797017737/0000912057-97-017737-index.html",
        "finalLink": "https://www.sec.gov/Archives/edgar/data/922864/"
    },
    {
        "date": "1996-12-31",
        "symbol": "AIV",
        "reportedCurrency": "USD",
        "cik": "0000922864",
        "fillingDate": "1997-03-31",
        "acceptedDate": "1997-03-31 00:00:00",
        "calendarYear": "1996",
        "period": "Q4",
        "revenue": 33000000,
        "costOfRevenue": 14100000,
        "grossProfit": 18900000,
        "grossProfitRatio": 0.5727272727,
        "researchAndDevelopmentExpenses": 0,
        "generalAndAdministrativeExpenses": 500000,
        "sellingAndMarketingExpenses": 6100000,
        "sellingGeneralAndAdministrativeExpenses": 6600000,
        "otherExpenses": 0,
        "operatingExpenses": 6600000,
        "costAndExpenses": 20700000,
        "interestIncome": 0,
        "interestExpense": -7700000,
        "depreciationAndAmortization": 6400000,
        "ebitda": 2400000,
        "ebitdaratio": 0.0727272727,
        "operatingIncome": 12300000,
        "operatingIncomeRatio": 0.3727272727,
        "totalOtherIncomeExpensesNet": -7800000,
        "incomeBeforeTax": 4500000,
        "incomeBeforeTaxRatio": 0.1363636364,
        "incomeTaxExpense": -15500000,
        "netIncome": 3700000,
        "netIncomeRatio": 0.1121212121,
        "eps": 0.19,
        "epsdiluted": 0.19,
        "weightedAverageShsOut": 19600000,
        "weightedAverageShsOutDil": 19600000,
        "link": "https://www.sec.gov/Archives/edgar/data/922864/000091205797010886/0000912057-97-010886-index.html",
        "finalLink": "https://www.sec.gov/Archives/edgar/data/922864/"
    },
    {
        "date": "1996-09-30",
        "symbol": "AIV",
        "reportedCurrency": "USD",
        "cik": "0000922864",
        "fillingDate": "1996-11-14",
        "acceptedDate": "1996-11-14 00:00:00",
        "calendarYear": "1996",
        "period": "Q3",
        "revenue": 25900000,
        "costOfRevenue": 10600000,
        "grossProfit": 15300000,
        "grossProfitRatio": 0.5907335907,
        "researchAndDevelopmentExpenses": 0,
        "generalAndAdministrativeExpenses": 500000,
        "sellingAndMarketingExpenses": 4900000,
        "sellingGeneralAndAdministrativeExpenses": 5400000,
        "otherExpenses": 0,
        "operatingExpenses": 5400000,
        "costAndExpenses": 16000000,
        "interestIncome": 0,
        "interestExpense": -5800000,
        "depreciationAndAmortization": 5100000,
        "ebitda": 2600000,
        "ebitdaratio": 0.1003861004,
        "operatingIncome": 9900000,
        "operatingIncomeRatio": 0.3822393822,
        "totalOtherIncomeExpensesNet": -5800000,
        "incomeBeforeTax": 4100000,
        "incomeBeforeTaxRatio": 0.1583011583,
        "incomeTaxExpense": -11600000,
        "netIncome": 3300000,
        "netIncomeRatio": 0.1274131274,
        "eps": 0.19,
        "epsdiluted": 0.19,
        "weightedAverageShsOut": 17700000,
        "weightedAverageShsOutDil": 17700000,
        "link": "https://www.sec.gov/Archives/edgar/data/922864/000091205796026575/0000912057-96-026575-index.html",
        "finalLink": "https://www.sec.gov/Archives/edgar/data/922864/"
    },
    {
        "date": "1996-06-30",
        "symbol": "AIV",
        "reportedCurrency": "USD",
        "cik": "0000922864",
        "fillingDate": "1996-08-14",
        "acceptedDate": "1996-08-14 00:00:00",
        "calendarYear": "1996",
        "period": "Q2",
        "revenue": 25700000,
        "costOfRevenue": 11300000,
        "grossProfit": 14400000,
        "grossProfitRatio": 0.560311284,
        "researchAndDevelopmentExpenses": 0,
        "generalAndAdministrativeExpenses": 400000,
        "sellingAndMarketingExpenses": 4800000,
        "sellingGeneralAndAdministrativeExpenses": 5200000,
        "otherExpenses": 0,
        "operatingExpenses": 5200000,
        "costAndExpenses": 16500000,
        "interestIncome": 0,
        "interestExpense": -5500000,
        "depreciationAndAmortization": 5100000,
        "ebitda": 2700000,
        "ebitdaratio": 0.1050583658,
        "operatingIncome": 9200000,
        "operatingIncomeRatio": 0.3579766537,
        "totalOtherIncomeExpensesNet": -5400000,
        "incomeBeforeTax": 3800000,
        "incomeBeforeTaxRatio": 0.1478599222,
        "incomeTaxExpense": -10900000,
        "netIncome": 3100000,
        "netIncomeRatio": 0.1206225681,
        "eps": 0.18,
        "epsdiluted": 0.18,
        "weightedAverageShsOut": 17500000,
        "weightedAverageShsOutDil": 17500000,
        "link": "https://www.sec.gov/Archives/edgar/data/922864/000091205796017906/0000912057-96-017906-index.html",
        "finalLink": "https://www.sec.gov/Archives/edgar/data/922864/"
    }
]