[
    {
        "date": "2025-06-30",
        "symbol": "AMBC",
        "reportedCurrency": "USD",
        "cik": "0000874501",
        "fillingDate": "2025-08-07",
        "acceptedDate": "2025-08-07 16:54:44",
        "calendarYear": "2025",
        "period": "Q2",
        "revenue": 54957000,
        "costOfRevenue": 0,
        "grossProfit": 0,
        "grossProfitRatio": 0,
        "researchAndDevelopmentExpenses": 0,
        "generalAndAdministrativeExpenses": 40540000,
        "sellingAndMarketingExpenses": 0,
        "sellingGeneralAndAdministrativeExpenses": 40540000,
        "otherExpenses": 0,
        "operatingExpenses": 40540000,
        "costAndExpenses": 72361000,
        "interestIncome": 0,
        "interestExpense": 5570000,
        "depreciationAndAmortization": 9741000,
        "ebitda": -13233000,
        "ebitdaratio": -0.2407882526,
        "operatingIncome": -22974000,
        "operatingIncomeRatio": -0.418035919,
        "totalOtherIncomeExpensesNet": 0,
        "incomeBeforeTax": -22974000,
        "incomeBeforeTaxRatio": -0.418035919,
        "incomeTaxExpense": -2172000,
        "netIncome": -20980000,
        "netIncomeRatio": -0.3817530069,
        "eps": -0.44,
        "epsdiluted": -0.44,
        "weightedAverageShsOut": 48116503,
        "weightedAverageShsOutDil": 48116503,
        "link": "https://www.sec.gov/Archives/edgar/data/874501/000087450125000132/0000874501-25-000132-index.htm",
        "finalLink": "https://www.sec.gov/Archives/edgar/data/874501/000087450125000132/ambc-20250630.htm"
    },
    {
        "date": "2025-03-31",
        "symbol": "AMBC",
        "reportedCurrency": "USD",
        "cik": "0000874501",
        "fillingDate": "2025-05-12",
        "acceptedDate": "2025-05-12 17:09:39",
        "calendarYear": "2025",
        "period": "Q1",
        "revenue": 62756000,
        "costOfRevenue": 24702000,
        "grossProfit": 38054000,
        "grossProfitRatio": 0.6063802664,
        "researchAndDevelopmentExpenses": 0,
        "generalAndAdministrativeExpenses": 38531000,
        "sellingAndMarketingExpenses": 0,
        "sellingGeneralAndAdministrativeExpenses": 38531000,
        "otherExpenses": 9176000,
        "operatingExpenses": 47707000,
        "costAndExpenses": 72409000,
        "interestIncome": 2815000,
        "interestExpense": 5454000,
        "depreciationAndAmortization": 9239000,
        "ebitda": -414000,
        "ebitdaratio": -0.0065969788,
        "operatingIncome": -9653000,
        "operatingIncomeRatio": -0.1538179616,
        "totalOtherIncomeExpensesNet": -5454000,
        "incomeBeforeTax": -15107000,
        "incomeBeforeTaxRatio": -0.2407259864,
        "incomeTaxExpense": -617000,
        "netIncome": -46391000,
        "netIncomeRatio": -0.7392281216,
        "eps": -0.91,
        "epsdiluted": -0.91,
        "weightedAverageShsOut": 47313012,
        "weightedAverageShsOutDil": 47313012,
        "link": "https://www.sec.gov/Archives/edgar/data/874501/000087450125000086/0000874501-25-000086-index.htm",
        "finalLink": "https://www.sec.gov/Archives/edgar/data/874501/000087450125000086/ambc-20250331.htm"
    },
    {
        "date": "2024-12-31",
        "symbol": "AMBC",
        "reportedCurrency": "USD",
        "cik": "0000874501",
        "fillingDate": "2025-03-06",
        "acceptedDate": "2025-03-06 16:30:21",
        "calendarYear": "2024",
        "period": "Q4",
        "revenue": 65221999,
        "costOfRevenue": 26292000,
        "grossProfit": -85185000,
        "grossProfitRatio": -1.3060777239,
        "researchAndDevelopmentExpenses": 0,
        "generalAndAdministrativeExpenses": -9834000,
        "sellingAndMarketingExpenses": 0,
        "sellingGeneralAndAdministrativeExpenses": -9834000,
        "otherExpenses": -14506000,
        "operatingExpenses": -24340000,
        "costAndExpenses": 40444000,
        "interestIncome": 0,
        "interestExpense": -39621000,
        "depreciationAndAmortization": -15053000,
        "ebitda": -75898000,
        "ebitdaratio": -1.1636871173,
        "operatingIncome": -63000000,
        "operatingIncomeRatio": -0.9659317556,
        "totalOtherIncomeExpensesNet": -495373000,
        "incomeBeforeTax": -558373000,
        "incomeBeforeTaxRatio": -8.5611144792,
        "incomeTaxExpense": -10924000,
        "netIncome": -548449000,
        "netIncomeRatio": -8.4089572293,
        "eps": 1.67,
        "epsdiluted": -0.46,
        "weightedAverageShsOut": 46506973,
        "weightedAverageShsOutDil": 48129000,
        "link": "https://www.sec.gov/Archives/edgar/data/874501/000087450125000032/0000874501-25-000032-index.htm",
        "finalLink": "https://www.sec.gov/Archives/edgar/data/874501/000087450125000032/ambc-20241231.htm"
    },
    {
        "date": "2024-09-30",
        "symbol": "AMBC",
        "reportedCurrency": "USD",
        "cik": "0000874501",
        "fillingDate": "2024-11-12",
        "acceptedDate": "2024-11-12 16:21:10",
        "calendarYear": "2024",
        "period": "Q3",
        "revenue": 114000000,
        "costOfRevenue": 44000000,
        "grossProfit": 71000000,
        "grossProfitRatio": 0.6228070175,
        "researchAndDevelopmentExpenses": 0,
        "generalAndAdministrativeExpenses": 55000000,
        "sellingAndMarketingExpenses": 0,
        "sellingGeneralAndAdministrativeExpenses": 55000000,
        "otherExpenses": 42000000,
        "operatingExpenses": 97000000,
        "costAndExpenses": 120000000,
        "interestIncome": 0,
        "interestExpense": 20000000,
        "depreciationAndAmortization": 13000000,
        "ebitda": 6000000,
        "ebitdaratio": 0.0526315789,
        "operatingIncome": -6000000,
        "operatingIncomeRatio": -0.0526315789,
        "totalOtherIncomeExpensesNet": -21000000,
        "incomeBeforeTax": -27000000,
        "incomeBeforeTaxRatio": -0.2368421053,
        "incomeTaxExpense": 3000000,
        "netIncome": -27000000,
        "netIncomeRatio": -0.2368421053,
        "eps": -0.59,
        "epsdiluted": -0.59,
        "weightedAverageShsOut": 47688986,
        "weightedAverageShsOutDil": 47688986,
        "link": "https://www.sec.gov/Archives/edgar/data/874501/000087450124000245/0000874501-24-000245-index.htm",
        "finalLink": "https://www.sec.gov/Archives/edgar/data/874501/000087450124000245/ambc-20240930.htm"
    },
    {
        "date": "2024-06-30",
        "symbol": "AMBC",
        "reportedCurrency": "USD",
        "cik": "0000874501",
        "fillingDate": "2024-08-05",
        "acceptedDate": "2024-08-05 16:24:10",
        "calendarYear": "2024",
        "period": "Q2",
        "revenue": 104000000,
        "costOfRevenue": 23000000,
        "grossProfit": 81000000,
        "grossProfitRatio": 0.7788461538,
        "researchAndDevelopmentExpenses": 0,
        "generalAndAdministrativeExpenses": 47000000,
        "sellingAndMarketingExpenses": 0,
        "sellingGeneralAndAdministrativeExpenses": 47000000,
        "otherExpenses": 7000000,
        "operatingExpenses": 54000000,
        "costAndExpenses": 102000000,
        "interestIncome": 0,
        "interestExpense": 15000000,
        "depreciationAndAmortization": 9000000,
        "ebitda": 28000000,
        "ebitdaratio": 0.2692307692,
        "operatingIncome": 50000000,
        "operatingIncomeRatio": 0.4807692308,
        "totalOtherIncomeExpensesNet": 0,
        "incomeBeforeTax": 2000000,
        "incomeBeforeTaxRatio": 0.0192307692,
        "incomeTaxExpense": 2000000,
        "netIncome": -1000000,
        "netIncomeRatio": -0.0096153846,
        "eps": -0.0216,
        "epsdiluted": -0.0216,
        "weightedAverageShsOut": 46209250,
        "weightedAverageShsOutDil": 46209250,
        "link": "https://www.sec.gov/Archives/edgar/data/874501/000087450124000172/0000874501-24-000172-index.htm",
        "finalLink": "https://www.sec.gov/Archives/edgar/data/874501/000087450124000172/ambc-20240630.htm"
    },
    {
        "date": "2024-03-31",
        "symbol": "AMBC",
        "reportedCurrency": "USD",
        "cik": "0000874501",
        "fillingDate": "2024-05-06",
        "acceptedDate": "2024-05-06 16:14:03",
        "calendarYear": "2024",
        "period": "Q1",
        "revenue": 49551000,
        "costOfRevenue": 23779000,
        "grossProfit": 25772000,
        "grossProfitRatio": 0.5201105931,
        "researchAndDevelopmentExpenses": 0,
        "generalAndAdministrativeExpenses": 36000000,
        "sellingAndMarketingExpenses": 0,
        "sellingGeneralAndAdministrativeExpenses": 36000000,
        "otherExpenses": -19128000,
        "operatingExpenses": 16872000,
        "costAndExpenses": 52790000,
        "interestIncome": 0,
        "interestExpense": 14000000,
        "depreciationAndAmortization": 13000000,
        "ebitda": 57000000,
        "ebitdaratio": 1.1503299631,
        "operatingIncome": 32726000,
        "operatingIncomeRatio": 0.6604508486,
        "totalOtherIncomeExpensesNet": -35965000,
        "incomeBeforeTax": -3239000,
        "incomeBeforeTaxRatio": -0.0653669956,
        "incomeTaxExpense": 5000000,
        "netIncome": 20000000,
        "netIncomeRatio": 0.4036245484,
        "eps": 0.44,
        "epsdiluted": 0.43,
        "weightedAverageShsOut": 45827076,
        "weightedAverageShsOutDil": 46348776,
        "link": "https://www.sec.gov/Archives/edgar/data/874501/000087450124000128/0000874501-24-000128-index.htm",
        "finalLink": "https://www.sec.gov/Archives/edgar/data/874501/000087450124000128/ambc-20240331.htm"
    },
    {
        "date": "2023-12-31",
        "symbol": "AMBC",
        "reportedCurrency": "USD",
        "cik": "0000874501",
        "fillingDate": "2023-12-31",
        "acceptedDate": "2023-12-29 19:00:00",
        "calendarYear": "2023",
        "period": "Q4",
        "revenue": 43253000,
        "costOfRevenue": 16000000,
        "grossProfit": -65790000,
        "grossProfitRatio": -1.521050563,
        "researchAndDevelopmentExpenses": 0,
        "generalAndAdministrativeExpenses": 34000000,
        "sellingAndMarketingExpenses": 0,
        "sellingGeneralAndAdministrativeExpenses": 34000000,
        "otherExpenses": -34000000,
        "operatingExpenses": 0,
        "costAndExpenses": 52145000,
        "interestIncome": 0,
        "interestExpense": 16000000,
        "depreciationAndAmortization": 9000000,
        "ebitda": -7000000,
        "ebitdaratio": -0.1618384852,
        "operatingIncome": -8892000,
        "operatingIncomeRatio": -0.2055811158,
        "totalOtherIncomeExpensesNet": 67000,
        "incomeBeforeTax": -8825000,
        "incomeBeforeTaxRatio": -0.2040320903,
        "incomeTaxExpense": 274000,
        "netIncome": -16000000,
        "netIncomeRatio": -0.3699165376,
        "eps": -0.85,
        "epsdiluted": -0.24,
        "weightedAverageShsOut": 45589451,
        "weightedAverageShsOutDil": 45589451,
        "link": null,
        "finalLink": null
    },
    {
        "date": "2023-09-30",
        "symbol": "AMBC",
        "reportedCurrency": "USD",
        "cik": "0000874501",
        "fillingDate": "2023-11-07",
        "acceptedDate": "2023-11-07 16:20:17",
        "calendarYear": "2023",
        "period": "Q3",
        "revenue": 73000000,
        "costOfRevenue": 0,
        "grossProfit": 72000000,
        "grossProfitRatio": 0.9863013699,
        "researchAndDevelopmentExpenses": 0,
        "generalAndAdministrativeExpenses": 49000000,
        "sellingAndMarketingExpenses": 0,
        "sellingGeneralAndAdministrativeExpenses": 49000000,
        "otherExpenses": 0,
        "operatingExpenses": 49000000,
        "costAndExpenses": -10000000,
        "interestIncome": 0,
        "interestExpense": 16000000,
        "depreciationAndAmortization": 7000000,
        "ebitda": 90000000,
        "ebitdaratio": 1.2328767123,
        "operatingIncome": 83000000,
        "operatingIncomeRatio": 1.1369863014,
        "totalOtherIncomeExpensesNet": -16000000,
        "incomeBeforeTax": 67000000,
        "incomeBeforeTaxRatio": 0.9178082192,
        "incomeTaxExpense": 1000000,
        "netIncome": 66000000,
        "netIncomeRatio": 0.904109589,
        "eps": 1.44,
        "epsdiluted": 1.41,
        "weightedAverageShsOut": 45635373,
        "weightedAverageShsOutDil": 46810735,
        "link": "https://www.sec.gov/Archives/edgar/data/874501/000087450123000150/0000874501-23-000150-index.htm",
        "finalLink": "https://www.sec.gov/Archives/edgar/data/874501/000087450123000150/ambc-20230930.htm"
    },
    {
        "date": "2023-06-30",
        "symbol": "AMBC",
        "reportedCurrency": "USD",
        "cik": "0000874501",
        "fillingDate": "2023-08-07",
        "acceptedDate": "2023-08-07 16:12:02",
        "calendarYear": "2023",
        "period": "Q2",
        "revenue": 62000000,
        "costOfRevenue": 0,
        "grossProfit": 62000000,
        "grossProfitRatio": 1,
        "researchAndDevelopmentExpenses": 0,
        "generalAndAdministrativeExpenses": 36000000,
        "sellingAndMarketingExpenses": 0,
        "sellingGeneralAndAdministrativeExpenses": 36000000,
        "otherExpenses": -50000000,
        "operatingExpenses": 36000000,
        "costAndExpenses": 73000000,
        "interestIncome": 0,
        "interestExpense": 16000000,
        "depreciationAndAmortization": 7000000,
        "ebitda": 12000000,
        "ebitdaratio": 0.1935483871,
        "operatingIncome": -11000000,
        "operatingIncomeRatio": -0.1774193548,
        "totalOtherIncomeExpensesNet": -11000000,
        "incomeBeforeTax": -11000000,
        "incomeBeforeTaxRatio": -0.1774193548,
        "incomeTaxExpense": 2000000,
        "netIncome": -13000000,
        "netIncomeRatio": -0.2096774194,
        "eps": -0.28,
        "epsdiluted": -0.28,
        "weightedAverageShsOut": 45757234,
        "weightedAverageShsOutDil": 45757234,
        "link": "https://www.sec.gov/Archives/edgar/data/874501/000087450123000124/0000874501-23-000124-index.htm",
        "finalLink": "https://www.sec.gov/Archives/edgar/data/874501/000087450123000124/ambc-20230630.htm"
    },
    {
        "date": "2023-03-31",
        "symbol": "AMBC",
        "reportedCurrency": "USD",
        "cik": "0000874501",
        "fillingDate": "2023-05-09",
        "acceptedDate": "2023-05-09 16:19:36",
        "calendarYear": "2023",
        "period": "Q1",
        "revenue": 58000000,
        "costOfRevenue": 0,
        "grossProfit": 58000000,
        "grossProfitRatio": 1,
        "researchAndDevelopmentExpenses": 0,
        "generalAndAdministrativeExpenses": 36000000,
        "sellingAndMarketingExpenses": 0,
        "sellingGeneralAndAdministrativeExpenses": 36000000,
        "otherExpenses": -52000000,
        "operatingExpenses": 36000000,
        "costAndExpenses": 86000000,
        "interestIncome": 0,
        "interestExpense": 16000000,
        "depreciationAndAmortization": 7000000,
        "ebitda": -6000000,
        "ebitdaratio": -0.1034482759,
        "operatingIncome": -12000000,
        "operatingIncomeRatio": -0.2068965517,
        "totalOtherIncomeExpensesNet": -29000000,
        "incomeBeforeTax": -29000000,
        "incomeBeforeTaxRatio": -0.5,
        "incomeTaxExpense": 4000000,
        "netIncome": -33000000,
        "netIncomeRatio": -0.5689655172,
        "eps": -0.72,
        "epsdiluted": -0.72,
        "weightedAverageShsOut": 45564276,
        "weightedAverageShsOutDil": 45564276,
        "link": "https://www.sec.gov/Archives/edgar/data/874501/000087450123000092/0000874501-23-000092-index.htm",
        "finalLink": "https://www.sec.gov/Archives/edgar/data/874501/000087450123000092/ambc-20230331.htm"
    },
    {
        "date": "2022-12-31",
        "symbol": "AMBC",
        "reportedCurrency": "USD",
        "cik": "0000874501",
        "fillingDate": "2023-03-01",
        "acceptedDate": "2023-02-28 18:30:54",
        "calendarYear": "2022",
        "period": "Q4",
        "revenue": 195000000,
        "costOfRevenue": 0,
        "grossProfit": 195000000,
        "grossProfitRatio": 1,
        "researchAndDevelopmentExpenses": 0,
        "generalAndAdministrativeExpenses": 51000000,
        "sellingAndMarketingExpenses": 0,
        "sellingGeneralAndAdministrativeExpenses": 51000000,
        "otherExpenses": -41000000,
        "operatingExpenses": 10000000,
        "costAndExpenses": 21000000,
        "interestIncome": 0,
        "interestExpense": 30000000,
        "depreciationAndAmortization": 14000000,
        "ebitda": 218000000,
        "ebitdaratio": 1.1179487179,
        "operatingIncome": 205000000,
        "operatingIncomeRatio": 1.0512820513,
        "totalOtherIncomeExpensesNet": -32000000,
        "incomeBeforeTax": 173000000,
        "incomeBeforeTaxRatio": 0.8871794872,
        "incomeTaxExpense": -1000000,
        "netIncome": 176000000,
        "netIncomeRatio": 0.9025641026,
        "eps": 3.93,
        "epsdiluted": 3.86,
        "weightedAverageShsOut": 45341861,
        "weightedAverageShsOutDil": 46078826,
        "link": "https://www.sec.gov/Archives/edgar/data/874501/000087450123000040/0000874501-23-000040-index.htm",
        "finalLink": "https://www.sec.gov/Archives/edgar/data/874501/000087450123000040/ambc-20221231.htm"
    },
    {
        "date": "2022-09-30",
        "symbol": "AMBC",
        "reportedCurrency": "USD",
        "cik": "0000874501",
        "fillingDate": "2022-11-08",
        "acceptedDate": "2022-11-08 16:18:59",
        "calendarYear": "2022",
        "period": "Q3",
        "revenue": 79000000,
        "costOfRevenue": 0,
        "grossProfit": 79000000,
        "grossProfitRatio": 1,
        "researchAndDevelopmentExpenses": 0,
        "generalAndAdministrativeExpenses": 17000000,
        "sellingAndMarketingExpenses": 0,
        "sellingGeneralAndAdministrativeExpenses": 17000000,
        "otherExpenses": 37000000,
        "operatingExpenses": 37000000,
        "costAndExpenses": -261000000,
        "interestIncome": 0,
        "interestExpense": 49000000,
        "depreciationAndAmortization": 6000000,
        "ebitda": 397000000,
        "ebitdaratio": 5.0253164557,
        "operatingIncome": 718000000,
        "operatingIncomeRatio": 9.0886075949,
        "totalOtherIncomeExpensesNet": -16000000,
        "incomeBeforeTax": 342000000,
        "incomeBeforeTaxRatio": 4.3291139241,
        "incomeTaxExpense": 2000000,
        "netIncome": 340000000,
        "netIncomeRatio": 4.3037974684,
        "eps": 7.5,
        "epsdiluted": 7.42,
        "weightedAverageShsOut": 45307019,
        "weightedAverageShsOutDil": 45846405,
        "link": "https://www.sec.gov/Archives/edgar/data/874501/000087450122000158/0000874501-22-000158-index.htm",
        "finalLink": "https://www.sec.gov/Archives/edgar/data/874501/000087450122000158/ambc-20220930.htm"
    },
    {
        "date": "2022-06-30",
        "symbol": "AMBC",
        "reportedCurrency": "USD",
        "cik": "0000874501",
        "fillingDate": "2022-08-08",
        "acceptedDate": "2022-08-08 16:47:58",
        "calendarYear": "2022",
        "period": "Q2",
        "revenue": 29000000,
        "costOfRevenue": 0,
        "grossProfit": 29000000,
        "grossProfitRatio": 1,
        "researchAndDevelopmentExpenses": 0,
        "generalAndAdministrativeExpenses": 16000000,
        "sellingAndMarketingExpenses": 0,
        "sellingGeneralAndAdministrativeExpenses": 16000000,
        "otherExpenses": 34000000,
        "operatingExpenses": 34000000,
        "costAndExpenses": 23000000,
        "interestIncome": 0,
        "interestExpense": 45000000,
        "depreciationAndAmortization": 13000000,
        "ebitda": -21000000,
        "ebitdaratio": -0.724137931,
        "operatingIncome": 51000000,
        "operatingIncomeRatio": 1.7586206897,
        "totalOtherIncomeExpensesNet": 23000000,
        "incomeBeforeTax": 6000000,
        "incomeBeforeTaxRatio": 0.2068965517,
        "incomeTaxExpense": 1000000,
        "netIncome": 5000000,
        "netIncomeRatio": 0.1724137931,
        "eps": 0.11,
        "epsdiluted": 0.11,
        "weightedAverageShsOut": 45519093,
        "weightedAverageShsOutDil": 45685349,
        "link": "https://www.sec.gov/Archives/edgar/data/874501/000087450122000129/0000874501-22-000129-index.htm",
        "finalLink": "https://www.sec.gov/Archives/edgar/data/874501/000087450122000129/ambc-20220630.htm"
    },
    {
        "date": "2022-03-31",
        "symbol": "AMBC",
        "reportedCurrency": "USD",
        "cik": "0000874501",
        "fillingDate": "2022-05-10",
        "acceptedDate": "2022-05-10 16:39:21",
        "calendarYear": "2022",
        "period": "Q1",
        "revenue": 120000000,
        "costOfRevenue": 0,
        "grossProfit": 120000000,
        "grossProfitRatio": 1,
        "researchAndDevelopmentExpenses": 0,
        "generalAndAdministrativeExpenses": 16000000,
        "sellingAndMarketingExpenses": 0,
        "sellingGeneralAndAdministrativeExpenses": 16000000,
        "otherExpenses": -90000000,
        "operatingExpenses": -74000000,
        "costAndExpenses": 115000000,
        "interestIncome": 0,
        "interestExpense": 44000000,
        "depreciationAndAmortization": 14000000,
        "ebitda": 61000000,
        "ebitdaratio": 0.5083333333,
        "operatingIncome": 46000000,
        "operatingIncomeRatio": 0.3833333333,
        "totalOtherIncomeExpensesNet": -45000000,
        "incomeBeforeTax": 3000000,
        "incomeBeforeTaxRatio": 0.025,
        "incomeTaxExpense": 44000000,
        "netIncome": -41000000,
        "netIncomeRatio": -0.3416666667,
        "eps": -0.88,
        "epsdiluted": -0.87,
        "weightedAverageShsOut": 46731459,
        "weightedAverageShsOutDil": 47359731,
        "link": "https://www.sec.gov/Archives/edgar/data/874501/000087450122000101/0000874501-22-000101-index.htm",
        "finalLink": "https://www.sec.gov/Archives/edgar/data/874501/000087450122000101/ambc-20220331.htm"
    },
    {
        "date": "2021-12-31",
        "symbol": "AMBC",
        "reportedCurrency": "USD",
        "cik": "0000874501",
        "fillingDate": "2022-02-24",
        "acceptedDate": "2022-02-24 16:23:15",
        "calendarYear": "2021",
        "period": "Q4",
        "revenue": 54000000,
        "costOfRevenue": 1000000,
        "grossProfit": 53000000,
        "grossProfitRatio": 0.9814814815,
        "researchAndDevelopmentExpenses": 0,
        "generalAndAdministrativeExpenses": 17000000,
        "sellingAndMarketingExpenses": 0,
        "sellingGeneralAndAdministrativeExpenses": 17000000,
        "otherExpenses": -44000000,
        "operatingExpenses": -27000000,
        "costAndExpenses": 73000000,
        "interestIncome": 0,
        "interestExpense": 43000000,
        "depreciationAndAmortization": 12000000,
        "ebitda": 37000000,
        "ebitdaratio": 0.6851851852,
        "operatingIncome": 26000000,
        "operatingIncomeRatio": 0.4814814815,
        "totalOtherIncomeExpensesNet": -21000000,
        "incomeBeforeTax": -19000000,
        "incomeBeforeTaxRatio": -0.3518518519,
        "incomeTaxExpense": 3000000,
        "netIncome": -22000000,
        "netIncomeRatio": -0.4074074074,
        "eps": -0.48,
        "epsdiluted": -0.47,
        "weightedAverageShsOut": 46304139,
        "weightedAverageShsOutDil": 46629380,
        "link": "https://www.sec.gov/Archives/edgar/data/874501/000087450122000019/0000874501-22-000019-index.htm",
        "finalLink": "https://www.sec.gov/Archives/edgar/data/874501/000087450122000019/ambc-20211231.htm"
    },
    {
        "date": "2021-09-30",
        "symbol": "AMBC",
        "reportedCurrency": "USD",
        "cik": "0000874501",
        "fillingDate": "2021-11-08",
        "acceptedDate": "2021-11-08 17:16:02",
        "calendarYear": "2021",
        "period": "Q3",
        "revenue": 52000000,
        "costOfRevenue": 0,
        "grossProfit": 52000000,
        "grossProfitRatio": 1,
        "researchAndDevelopmentExpenses": 0,
        "generalAndAdministrativeExpenses": 15000000,
        "sellingAndMarketingExpenses": 0,
        "sellingGeneralAndAdministrativeExpenses": 15000000,
        "otherExpenses": 32000000,
        "operatingExpenses": 32000000,
        "costAndExpenses": 32000000,
        "interestIncome": 0,
        "interestExpense": 44000000,
        "depreciationAndAmortization": 11000000,
        "ebitda": 79000000,
        "ebitdaratio": 1.5192307692,
        "operatingIncome": 63000000,
        "operatingIncomeRatio": 1.2115384615,
        "totalOtherIncomeExpensesNet": -1000000,
        "incomeBeforeTax": 19000000,
        "incomeBeforeTaxRatio": 0.3653846154,
        "incomeTaxExpense": 2000000,
        "netIncome": 17000000,
        "netIncomeRatio": 0.3269230769,
        "eps": 0.35,
        "epsdiluted": 0.35,
        "weightedAverageShsOut": 46615552,
        "weightedAverageShsOutDil": 47044132,
        "link": "https://www.sec.gov/Archives/edgar/data/874501/000087450121000152/0000874501-21-000152-index.htm",
        "finalLink": "https://www.sec.gov/Archives/edgar/data/874501/000087450121000152/ambc-20210930.htm"
    },
    {
        "date": "2021-06-30",
        "symbol": "AMBC",
        "reportedCurrency": "USD",
        "cik": "0000874501",
        "fillingDate": "2021-08-05",
        "acceptedDate": "2021-08-05 16:24:55",
        "calendarYear": "2021",
        "period": "Q2",
        "revenue": 50000000,
        "costOfRevenue": 0,
        "grossProfit": 50000000,
        "grossProfitRatio": 1,
        "researchAndDevelopmentExpenses": 0,
        "generalAndAdministrativeExpenses": 14000000,
        "sellingAndMarketingExpenses": 0,
        "sellingGeneralAndAdministrativeExpenses": 14000000,
        "otherExpenses": 28000000,
        "operatingExpenses": 28000000,
        "costAndExpenses": 66000000,
        "interestIncome": 0,
        "interestExpense": 50000000,
        "depreciationAndAmortization": 14000000,
        "ebitda": 41000000,
        "ebitdaratio": 0.82,
        "operatingIncome": 33000000,
        "operatingIncomeRatio": 0.66,
        "totalOtherIncomeExpensesNet": -40000000,
        "incomeBeforeTax": -18000000,
        "incomeBeforeTaxRatio": -0.36,
        "incomeTaxExpense": 11000000,
        "netIncome": -28000000,
        "netIncomeRatio": -0.56,
        "eps": -0.6,
        "epsdiluted": -0.6,
        "weightedAverageShsOut": 46576673,
        "weightedAverageShsOutDil": 46576673,
        "link": "https://www.sec.gov/Archives/edgar/data/874501/000087450121000131/0000874501-21-000131-index.htm",
        "finalLink": "https://www.sec.gov/Archives/edgar/data/874501/000087450121000131/ambc-20210630.htm"
    },
    {
        "date": "2021-03-31",
        "symbol": "AMBC",
        "reportedCurrency": "USD",
        "cik": "0000874501",
        "fillingDate": "2021-05-10",
        "acceptedDate": "2021-05-10 07:10:08",
        "calendarYear": "2021",
        "period": "Q1",
        "revenue": 95000000,
        "costOfRevenue": 0,
        "grossProfit": 95000000,
        "grossProfitRatio": 1,
        "researchAndDevelopmentExpenses": 0,
        "generalAndAdministrativeExpenses": 16000000,
        "sellingAndMarketingExpenses": 0,
        "sellingGeneralAndAdministrativeExpenses": 16000000,
        "otherExpenses": 33000000,
        "operatingExpenses": 33000000,
        "costAndExpenses": 77000000,
        "interestIncome": 0,
        "interestExpense": 50000000,
        "depreciationAndAmortization": 19000000,
        "ebitda": 103000000,
        "ebitdaratio": 1.0842105263,
        "operatingIncome": 69000000,
        "operatingIncomeRatio": 0.7263157895,
        "totalOtherIncomeExpensesNet": -43000000,
        "incomeBeforeTax": 19000000,
        "incomeBeforeTaxRatio": 0.2,
        "incomeTaxExpense": 2000000,
        "netIncome": 17000000,
        "netIncomeRatio": 0.1789473684,
        "eps": 0.37,
        "epsdiluted": 0.36,
        "weightedAverageShsOut": 46314049,
        "weightedAverageShsOutDil": 46858064,
        "link": "https://www.sec.gov/Archives/edgar/data/874501/000087450121000083/0000874501-21-000083-index.htm",
        "finalLink": "https://www.sec.gov/Archives/edgar/data/874501/000087450121000083/ambc-20210331.htm"
    },
    {
        "date": "2020-12-31",
        "symbol": "AMBC",
        "reportedCurrency": "USD",
        "cik": "0000874501",
        "fillingDate": "2021-03-01",
        "acceptedDate": "2021-03-01 16:43:02",
        "calendarYear": "2020",
        "period": "Q4",
        "revenue": 87000000,
        "costOfRevenue": 0,
        "grossProfit": 63000000,
        "grossProfitRatio": 0.724137931,
        "researchAndDevelopmentExpenses": 0,
        "generalAndAdministrativeExpenses": 0,
        "sellingAndMarketingExpenses": 0,
        "sellingGeneralAndAdministrativeExpenses": 0,
        "otherExpenses": 87000000,
        "operatingExpenses": 87000000,
        "costAndExpenses": 87000000,
        "interestIncome": 0,
        "interestExpense": 50000000,
        "depreciationAndAmortization": 17000000,
        "ebitda": 0,
        "ebitdaratio": 0,
        "operatingIncome": 0,
        "operatingIncomeRatio": 0,
        "totalOtherIncomeExpensesNet": -13000000,
        "incomeBeforeTax": -13000000,
        "incomeBeforeTaxRatio": -0.1494252874,
        "incomeTaxExpense": 2000000,
        "netIncome": -14000000,
        "netIncomeRatio": -0.1609195402,
        "eps": -0.30314973877803547,
        "epsdiluted": -0.30314973877803547,
        "weightedAverageShsOut": 46181798,
        "weightedAverageShsOutDil": 46181798,
        "link": "https://www.sec.gov/Archives/edgar/data/874501/000087450121000028/0000874501-21-000028-index.htm",
        "finalLink": "https://www.sec.gov/Archives/edgar/data/874501/000087450121000028/ambc-20201231.htm"
    },
    {
        "date": "2020-09-30",
        "symbol": "AMBC",
        "reportedCurrency": "USD",
        "cik": "0000874501",
        "fillingDate": "2020-11-09",
        "acceptedDate": "2020-11-09 16:21:32",
        "calendarYear": "2020",
        "period": "Q3",
        "revenue": 63000000,
        "costOfRevenue": 0,
        "grossProfit": 63000000,
        "grossProfitRatio": 1,
        "researchAndDevelopmentExpenses": 0,
        "generalAndAdministrativeExpenses": 13000000,
        "sellingAndMarketingExpenses": 0,
        "sellingGeneralAndAdministrativeExpenses": 13000000,
        "otherExpenses": 23000000,
        "operatingExpenses": 23000000,
        "costAndExpenses": 170000000,
        "interestIncome": 0,
        "interestExpense": 50000000,
        "depreciationAndAmortization": 15000000,
        "ebitda": -42000000,
        "ebitdaratio": -0.6666666667,
        "operatingIncome": -58000000,
        "operatingIncomeRatio": -0.9206349206,
        "totalOtherIncomeExpensesNet": -109000000,
        "incomeBeforeTax": -108000000,
        "incomeBeforeTaxRatio": -1.7142857143,
        "incomeTaxExpense": 42000000,
        "netIncome": -108000000,
        "netIncomeRatio": -1.7142857143,
        "eps": -2.34,
        "epsdiluted": -2.34,
        "weightedAverageShsOut": 46178730,
        "weightedAverageShsOutDil": 46178730,
        "link": "https://www.sec.gov/Archives/edgar/data/874501/000087450120000131/0000874501-20-000131-index.htm",
        "finalLink": "https://www.sec.gov/Archives/edgar/data/874501/000087450120000131/ambc-20200930.htm"
    },
    {
        "date": "2020-06-30",
        "symbol": "AMBC",
        "reportedCurrency": "USD",
        "cik": "0000874501",
        "fillingDate": "2020-08-06",
        "acceptedDate": "2020-08-06 16:33:53",
        "calendarYear": "2020",
        "period": "Q2",
        "revenue": 75000000,
        "costOfRevenue": 0,
        "grossProfit": 75000000,
        "grossProfitRatio": 1,
        "researchAndDevelopmentExpenses": 0,
        "generalAndAdministrativeExpenses": 0,
        "sellingAndMarketingExpenses": 0,
        "sellingGeneralAndAdministrativeExpenses": 20000000,
        "otherExpenses": 21000000,
        "operatingExpenses": 21000000,
        "costAndExpenses": 109000000,
        "interestIncome": 0,
        "interestExpense": 58000000,
        "depreciationAndAmortization": 14000000,
        "ebitda": 93000000,
        "ebitdaratio": 1.24,
        "operatingIncome": 25000000,
        "operatingIncomeRatio": 0.3333333333,
        "totalOtherIncomeExpensesNet": -87000000,
        "incomeBeforeTax": -33000000,
        "incomeBeforeTaxRatio": -0.44,
        "incomeTaxExpense": 2000000,
        "netIncome": -35000000,
        "netIncomeRatio": -0.4666666667,
        "eps": -0.77,
        "epsdiluted": -0.76,
        "weightedAverageShsOut": 45622757,
        "weightedAverageShsOutDil": 46166666,
        "link": "https://www.sec.gov/Archives/edgar/data/874501/000087450120000116/0000874501-20-000116-index.htm",
        "finalLink": "https://www.sec.gov/Archives/edgar/data/874501/000087450120000116/a02-021ambcx2q20x10q.htm"
    },
    {
        "date": "2020-03-31",
        "symbol": "AMBC",
        "reportedCurrency": "USD",
        "cik": "0000874501",
        "fillingDate": "2020-05-11",
        "acceptedDate": "2020-05-11 17:05:48",
        "calendarYear": "2020",
        "period": "Q1",
        "revenue": -70000000,
        "costOfRevenue": 0,
        "grossProfit": -70000000,
        "grossProfitRatio": 1,
        "researchAndDevelopmentExpenses": 0,
        "generalAndAdministrativeExpenses": 14000000,
        "sellingAndMarketingExpenses": 0,
        "sellingGeneralAndAdministrativeExpenses": 14000000,
        "otherExpenses": 24000000,
        "operatingExpenses": 24000000,
        "costAndExpenses": 217000000,
        "interestIncome": 0,
        "interestExpense": 63000000,
        "depreciationAndAmortization": 13000000,
        "ebitda": -211000000,
        "ebitdaratio": 3.0142857143,
        "operatingIncome": -224000000,
        "operatingIncomeRatio": 3.2,
        "totalOtherIncomeExpensesNet": -222000000,
        "incomeBeforeTax": -287000000,
        "incomeBeforeTaxRatio": 4.1,
        "incomeTaxExpense": -7000000,
        "netIncome": -280000000,
        "netIncomeRatio": 4,
        "eps": -6.08,
        "epsdiluted": -6.08,
        "weightedAverageShsOut": 46060324,
        "weightedAverageShsOutDil": 46060324,
        "link": "https://www.sec.gov/Archives/edgar/data/874501/000087450120000085/0000874501-20-000085-index.htm",
        "finalLink": "https://www.sec.gov/Archives/edgar/data/874501/000087450120000085/a02-020ambcx1q20x10q.htm"
    },
    {
        "date": "2019-12-31",
        "symbol": "AMBC",
        "reportedCurrency": "USD",
        "cik": "0000874501",
        "fillingDate": "2020-03-02",
        "acceptedDate": "2020-03-02 17:19:53",
        "calendarYear": "2019",
        "period": "Q4",
        "revenue": 91344000,
        "costOfRevenue": 0,
        "grossProfit": 85000000,
        "grossProfitRatio": 0.9305482571,
        "researchAndDevelopmentExpenses": 0,
        "generalAndAdministrativeExpenses": 0,
        "sellingAndMarketingExpenses": 0,
        "sellingGeneralAndAdministrativeExpenses": 0,
        "otherExpenses": 91344000,
        "operatingExpenses": 91344000,
        "costAndExpenses": 91344000,
        "interestIncome": 0,
        "interestExpense": 66716000,
        "depreciationAndAmortization": 14703000,
        "ebitda": 0,
        "ebitdaratio": 0,
        "operatingIncome": 0,
        "operatingIncomeRatio": 0,
        "totalOtherIncomeExpensesNet": -110738000,
        "incomeBeforeTax": -110738000,
        "incomeBeforeTaxRatio": -1.2123182694,
        "incomeTaxExpense": -1252000,
        "netIncome": -110486000,
        "netIncomeRatio": -1.2095594675,
        "eps": -2.40180325456232,
        "epsdiluted": -2.40180325456232,
        "weightedAverageShsOut": 46001270,
        "weightedAverageShsOutDil": 46001270,
        "link": "https://www.sec.gov/Archives/edgar/data/874501/000087450120000034/0000874501-20-000034-index.htm",
        "finalLink": "https://www.sec.gov/Archives/edgar/data/874501/000087450120000034/a01-008ambcx4q19x10k.htm"
    },
    {
        "date": "2019-09-30",
        "symbol": "AMBC",
        "reportedCurrency": "USD",
        "cik": "0000874501",
        "fillingDate": "2019-11-07",
        "acceptedDate": "2019-11-07 16:55:24",
        "calendarYear": "2019",
        "period": "Q3",
        "revenue": 216162000,
        "costOfRevenue": 0,
        "grossProfit": 216162000,
        "grossProfitRatio": 1,
        "researchAndDevelopmentExpenses": 0,
        "generalAndAdministrativeExpenses": 0,
        "sellingAndMarketingExpenses": 0,
        "sellingGeneralAndAdministrativeExpenses": 26000000,
        "otherExpenses": 25622000,
        "operatingExpenses": 25622000,
        "costAndExpenses": 147107000,
        "interestIncome": 0,
        "interestExpense": 68000000,
        "depreciationAndAmortization": 17000000,
        "ebitda": 152980000,
        "ebitdaratio": 0.7077099583,
        "operatingIncome": 135980000,
        "operatingIncomeRatio": 0.6290652381,
        "totalOtherIncomeExpensesNet": 20055000,
        "incomeBeforeTax": 69055000,
        "incomeBeforeTaxRatio": 0.3194594795,
        "incomeTaxExpense": 2939000,
        "netIncome": 66000000,
        "netIncomeRatio": 0.3053265606,
        "eps": 1.44,
        "epsdiluted": 1.41,
        "weightedAverageShsOut": 45997694,
        "weightedAverageShsOutDil": 47020058,
        "link": "https://www.sec.gov/Archives/edgar/data/874501/000087450119000123/0000874501-19-000123-index.htm",
        "finalLink": "https://www.sec.gov/Archives/edgar/data/874501/000087450119000123/a02-019ambcx20190930x1.htm"
    },
    {
        "date": "2019-06-30",
        "symbol": "AMBC",
        "reportedCurrency": "USD",
        "cik": "0000874501",
        "fillingDate": "2019-08-08",
        "acceptedDate": "2019-08-08 16:32:31",
        "calendarYear": "2019",
        "period": "Q2",
        "revenue": 89126000,
        "costOfRevenue": 0,
        "grossProfit": 89126000,
        "grossProfitRatio": 1,
        "researchAndDevelopmentExpenses": 0,
        "generalAndAdministrativeExpenses": 0,
        "sellingAndMarketingExpenses": 0,
        "sellingGeneralAndAdministrativeExpenses": 29000000,
        "otherExpenses": 29090000,
        "operatingExpenses": 29090000,
        "costAndExpenses": 189233000,
        "interestIncome": 381000,
        "interestExpense": 67381000,
        "depreciationAndAmortization": 227000000,
        "ebitda": 0,
        "ebitdaratio": 0,
        "operatingIncome": -32726000,
        "operatingIncomeRatio": -0.3671880259,
        "totalOtherIncomeExpensesNet": -67381000,
        "incomeBeforeTax": -100107000,
        "incomeBeforeTaxRatio": -1.1232075937,
        "incomeTaxExpense": 28322000,
        "netIncome": -128429000,
        "netIncomeRatio": -1.4409824294,
        "eps": -2.79,
        "epsdiluted": -2.79,
        "weightedAverageShsOut": 45986043,
        "weightedAverageShsOutDil": 45986043,
        "link": "https://www.sec.gov/Archives/edgar/data/874501/000087450119000114/0000874501-19-000114-index.htm",
        "finalLink": "https://www.sec.gov/Archives/edgar/data/874501/000087450119000114/a02-018ambcx20190630x1.htm"
    },
    {
        "date": "2019-03-31",
        "symbol": "AMBC",
        "reportedCurrency": "USD",
        "cik": "0000874501",
        "fillingDate": "2019-05-09",
        "acceptedDate": "2019-05-09 16:57:26",
        "calendarYear": "2019",
        "period": "Q1",
        "revenue": 100368000,
        "costOfRevenue": 0,
        "grossProfit": 100368000,
        "grossProfitRatio": 1,
        "researchAndDevelopmentExpenses": 0,
        "generalAndAdministrativeExpenses": 0,
        "sellingAndMarketingExpenses": 0,
        "sellingGeneralAndAdministrativeExpenses": 25000000,
        "otherExpenses": 24915000,
        "operatingExpenses": 24915000,
        "costAndExpenses": 141578000,
        "interestIncome": 0,
        "interestExpense": 71000000,
        "depreciationAndAmortization": 36000000,
        "ebitda": 0,
        "ebitdaratio": 0,
        "operatingIncome": 26768000,
        "operatingIncomeRatio": 0.2666985493,
        "totalOtherIncomeExpensesNet": -41000000,
        "incomeBeforeTax": -41210000,
        "incomeBeforeTaxRatio": -0.4105890324,
        "incomeTaxExpense": 1991000,
        "netIncome": -43201000,
        "netIncomeRatio": -0.4304260322,
        "eps": -0.94,
        "epsdiluted": -0.94,
        "weightedAverageShsOut": 45744729,
        "weightedAverageShsOutDil": 45832297,
        "link": "https://www.sec.gov/Archives/edgar/data/874501/000087450119000068/0000874501-19-000068-index.htm",
        "finalLink": "https://www.sec.gov/Archives/edgar/data/874501/000087450119000068/a02-017ambcx20190331x1.htm"
    },
    {
        "date": "2018-12-31",
        "symbol": "AMBC",
        "reportedCurrency": "USD",
        "cik": "0000874501",
        "fillingDate": "2019-02-28",
        "acceptedDate": "2019-02-28 17:13:16",
        "calendarYear": "2018",
        "period": "Q4",
        "revenue": 51951000,
        "costOfRevenue": 0,
        "grossProfit": 51951000,
        "grossProfitRatio": 1,
        "researchAndDevelopmentExpenses": 0,
        "generalAndAdministrativeExpenses": 0,
        "sellingAndMarketingExpenses": 0,
        "sellingGeneralAndAdministrativeExpenses": 21339000,
        "otherExpenses": -29194000,
        "operatingExpenses": -7855000,
        "costAndExpenses": 74087000,
        "interestIncome": 0,
        "interestExpense": 66064000,
        "depreciationAndAmortization": 28982000,
        "ebitda": 73078000,
        "ebitdaratio": 1.4066716714,
        "operatingIncome": 44096000,
        "operatingIncomeRatio": 0.8487998306,
        "totalOtherIncomeExpensesNet": -61824000,
        "incomeBeforeTax": -22136000,
        "incomeBeforeTaxRatio": -0.4260938192,
        "incomeTaxExpense": -1677000,
        "netIncome": -20459000,
        "netIncomeRatio": -0.3938134011,
        "eps": -0.45,
        "epsdiluted": -0.45,
        "weightedAverageShsOut": 45536941,
        "weightedAverageShsOutDil": 45756090,
        "link": "https://www.sec.gov/Archives/edgar/data/874501/000087450119000023/0000874501-19-000023-index.htm",
        "finalLink": "https://www.sec.gov/Archives/edgar/data/874501/000087450119000023/a01-007ambcx20181231x10k.htm"
    },
    {
        "date": "2018-09-30",
        "symbol": "AMBC",
        "reportedCurrency": "USD",
        "cik": "0000874501",
        "fillingDate": "2018-11-07",
        "acceptedDate": "2018-11-07 16:36:52",
        "calendarYear": "2018",
        "period": "Q3",
        "revenue": 134015000,
        "costOfRevenue": 0,
        "grossProfit": 134015000,
        "grossProfitRatio": 1,
        "researchAndDevelopmentExpenses": 0,
        "generalAndAdministrativeExpenses": 0,
        "sellingAndMarketingExpenses": 0,
        "sellingGeneralAndAdministrativeExpenses": 28368000,
        "otherExpenses": 28368000,
        "operatingExpenses": 28368000,
        "costAndExpenses": 153963000,
        "interestIncome": 0,
        "interestExpense": 65673000,
        "depreciationAndAmortization": 26589000,
        "ebitda": 72314000,
        "ebitdaratio": 0.5395963138,
        "operatingIncome": 45725000,
        "operatingIncomeRatio": 0.34119315,
        "totalOtherIncomeExpensesNet": -19948000,
        "incomeBeforeTax": -19948000,
        "incomeBeforeTaxRatio": -0.1488490094,
        "incomeTaxExpense": 2211000,
        "netIncome": -22159000,
        "netIncomeRatio": -0.1653471626,
        "eps": -0.48,
        "epsdiluted": -0.48,
        "weightedAverageShsOut": 45746716,
        "weightedAverageShsOutDil": 45749252,
        "link": "https://www.sec.gov/Archives/edgar/data/874501/000087450118000134/0000874501-18-000134-index.htm",
        "finalLink": "https://www.sec.gov/Archives/edgar/data/874501/000087450118000134/a02-016ambcx20180930x1.htm"
    },
    {
        "date": "2018-06-30",
        "symbol": "AMBC",
        "reportedCurrency": "USD",
        "cik": "0000874501",
        "fillingDate": "2018-08-08",
        "acceptedDate": "2018-08-08 17:22:42",
        "calendarYear": "2018",
        "period": "Q2",
        "revenue": 150632000,
        "costOfRevenue": 0,
        "grossProfit": 150632000,
        "grossProfitRatio": 1,
        "researchAndDevelopmentExpenses": 0,
        "generalAndAdministrativeExpenses": 0,
        "sellingAndMarketingExpenses": 0,
        "sellingGeneralAndAdministrativeExpenses": 26063000,
        "otherExpenses": 26063000,
        "operatingExpenses": 26063000,
        "costAndExpenses": 144324000,
        "interestIncome": 0,
        "interestExpense": 62446000,
        "depreciationAndAmortization": 23424000,
        "ebitda": 92178000,
        "ebitdaratio": 0.6119416857,
        "operatingIncome": 68754000,
        "operatingIncomeRatio": 0.4564368793,
        "totalOtherIncomeExpensesNet": -63460000,
        "incomeBeforeTax": 6308000,
        "incomeBeforeTaxRatio": 0.041876892,
        "incomeTaxExpense": 1995000,
        "netIncome": 4313000,
        "netIncomeRatio": 0.0286326942,
        "eps": 0.09,
        "epsdiluted": 0.09,
        "weightedAverageShsOut": 45683058,
        "weightedAverageShsOutDil": 46472375,
        "link": "https://www.sec.gov/Archives/edgar/data/874501/000087450118000115/0000874501-18-000115-index.htm",
        "finalLink": "https://www.sec.gov/Archives/edgar/data/874501/000087450118000115/a02-015ambcx20180630x10q.htm"
    },
    {
        "date": "2018-03-31",
        "symbol": "AMBC",
        "reportedCurrency": "USD",
        "cik": "0000874501",
        "fillingDate": "2018-05-09",
        "acceptedDate": "2018-05-09 16:41:06",
        "calendarYear": "2018",
        "period": "Q1",
        "revenue": 170942000,
        "costOfRevenue": 0,
        "grossProfit": 170942000,
        "grossProfitRatio": 1,
        "researchAndDevelopmentExpenses": 0,
        "generalAndAdministrativeExpenses": 36434000,
        "sellingAndMarketingExpenses": 0,
        "sellingGeneralAndAdministrativeExpenses": 36434000,
        "otherExpenses": 36434000,
        "operatingExpenses": 36434000,
        "costAndExpenses": -137367000,
        "interestIncome": 0,
        "interestExpense": 48073000,
        "depreciationAndAmortization": 28817000,
        "ebitda": 385199000,
        "ebitdaratio": 2.2533900387,
        "operatingIncome": 356382000,
        "operatingIncomeRatio": 2.0848123925,
        "totalOtherIncomeExpensesNet": -48372000,
        "incomeBeforeTax": 308309000,
        "incomeBeforeTaxRatio": 1.8035883516,
        "incomeTaxExpense": 2605000,
        "netIncome": 305704000,
        "netIncomeRatio": 1.7883492647,
        "eps": 6.72,
        "epsdiluted": 6.7,
        "weightedAverageShsOut": 45471083,
        "weightedAverageShsOutDil": 45653471,
        "link": "https://www.sec.gov/Archives/edgar/data/874501/000087450118000065/0000874501-18-000065-index.htm",
        "finalLink": "https://www.sec.gov/Archives/edgar/data/874501/000087450118000065/a02-014ambcx20180331x10q.htm"
    },
    {
        "date": "2017-12-31",
        "symbol": "AMBC",
        "reportedCurrency": "USD",
        "cik": "0000874501",
        "fillingDate": "2018-02-28",
        "acceptedDate": "2018-02-28 17:01:41",
        "calendarYear": "2017",
        "period": "Q4",
        "revenue": 189204000,
        "costOfRevenue": 0,
        "grossProfit": 189204000,
        "grossProfitRatio": 1,
        "researchAndDevelopmentExpenses": 0,
        "generalAndAdministrativeExpenses": 28694000,
        "sellingAndMarketingExpenses": 0,
        "sellingGeneralAndAdministrativeExpenses": 28694000,
        "otherExpenses": -224815000,
        "operatingExpenses": -196121000,
        "costAndExpenses": 196121000,
        "interestIncome": 0,
        "interestExpense": 30990000,
        "depreciationAndAmortization": 34168000,
        "ebitda": 58467000,
        "ebitdaratio": 0.3090156656,
        "operatingIncome": -6917000,
        "operatingIncomeRatio": -0.0365584237,
        "totalOtherIncomeExpensesNet": -160218000,
        "incomeBeforeTax": -6917000,
        "incomeBeforeTaxRatio": -0.0365584237,
        "incomeTaxExpense": 12562000,
        "netIncome": -19479000,
        "netIncomeRatio": -0.1029523689,
        "eps": -0.43,
        "epsdiluted": -0.43,
        "weightedAverageShsOut": 45142839,
        "weightedAverageShsOutDil": 45404315,
        "link": "https://www.sec.gov/Archives/edgar/data/874501/000087450118000027/0000874501-18-000027-index.htm",
        "finalLink": "https://www.sec.gov/Archives/edgar/data/874501/000087450118000027/a01-006ambcx20171231x10k.htm"
    },
    {
        "date": "2017-09-30",
        "symbol": "AMBC",
        "reportedCurrency": "USD",
        "cik": "0000874501",
        "fillingDate": "2017-11-08",
        "acceptedDate": "2017-11-08 17:19:51",
        "calendarYear": "2017",
        "period": "Q3",
        "revenue": 132966000,
        "costOfRevenue": 0,
        "grossProfit": 132966000,
        "grossProfitRatio": 1,
        "researchAndDevelopmentExpenses": 0,
        "generalAndAdministrativeExpenses": 33791000,
        "sellingAndMarketingExpenses": 0,
        "sellingGeneralAndAdministrativeExpenses": 33791000,
        "otherExpenses": 33791000,
        "operatingExpenses": 33791000,
        "costAndExpenses": 318432000,
        "interestIncome": 0,
        "interestExpense": 29145000,
        "depreciationAndAmortization": 45923000,
        "ebitda": -110398000,
        "ebitdaratio": -0.8302724005,
        "operatingIncome": -185466000,
        "operatingIncomeRatio": -1.3948377781,
        "totalOtherIncomeExpensesNet": 0,
        "incomeBeforeTax": -185466000,
        "incomeBeforeTaxRatio": -1.3948377781,
        "incomeTaxExpense": 5439000,
        "netIncome": -190905000,
        "netIncomeRatio": -1.4357429719,
        "eps": -4.2,
        "epsdiluted": -4.2,
        "weightedAverageShsOut": 45404315,
        "weightedAverageShsOutDil": 45404315,
        "link": "https://www.sec.gov/Archives/edgar/data/874501/000087450117000107/0000874501-17-000107-index.htm",
        "finalLink": "https://www.sec.gov/Archives/edgar/data/874501/000087450117000107/a02-013ambcx20170930x10q.htm"
    },
    {
        "date": "2017-06-30",
        "symbol": "AMBC",
        "reportedCurrency": "USD",
        "cik": "0000874501",
        "fillingDate": "2017-08-09",
        "acceptedDate": "2017-08-09 16:15:52",
        "calendarYear": "2017",
        "period": "Q2",
        "revenue": 170669000,
        "costOfRevenue": 0,
        "grossProfit": 170669000,
        "grossProfitRatio": 1,
        "researchAndDevelopmentExpenses": 0,
        "generalAndAdministrativeExpenses": 31051000,
        "sellingAndMarketingExpenses": 0,
        "sellingGeneralAndAdministrativeExpenses": 31051000,
        "otherExpenses": 31051000,
        "operatingExpenses": 31051000,
        "costAndExpenses": 156677000,
        "interestIncome": 0,
        "interestExpense": 28234000,
        "depreciationAndAmortization": 33734000,
        "ebitda": 75960000,
        "ebitdaratio": 0.44507204,
        "operatingIncome": 13992000,
        "operatingIncomeRatio": 0.0819832541,
        "totalOtherIncomeExpensesNet": 0,
        "incomeBeforeTax": 13992000,
        "incomeBeforeTaxRatio": 0.0819832541,
        "incomeTaxExpense": 6882000,
        "netIncome": 7110000,
        "netIncomeRatio": 0.0416595867,
        "eps": 0.16,
        "epsdiluted": 0.16,
        "weightedAverageShsOut": 45369213,
        "weightedAverageShsOutDil": 45773509,
        "link": "https://www.sec.gov/Archives/edgar/data/874501/000087450117000096/0000874501-17-000096-index.htm",
        "finalLink": "https://www.sec.gov/Archives/edgar/data/874501/000087450117000096/a02-012ambcx20170630x10q.htm"
    },
    {
        "date": "2017-03-31",
        "symbol": "AMBC",
        "reportedCurrency": "USD",
        "cik": "0000874501",
        "fillingDate": "2017-05-10",
        "acceptedDate": "2017-05-10 16:22:20",
        "calendarYear": "2017",
        "period": "Q1",
        "revenue": 123487000,
        "costOfRevenue": 0,
        "grossProfit": 123487000,
        "grossProfitRatio": 1,
        "researchAndDevelopmentExpenses": 0,
        "generalAndAdministrativeExpenses": 27980000,
        "sellingAndMarketingExpenses": 0,
        "sellingGeneralAndAdministrativeExpenses": 27980000,
        "otherExpenses": 27980000,
        "operatingExpenses": 27980000,
        "costAndExpenses": 229347000,
        "interestIncome": 0,
        "interestExpense": 31572000,
        "depreciationAndAmortization": 37795000,
        "ebitda": -36493000,
        "ebitdaratio": -0.295520986,
        "operatingIncome": -105860000,
        "operatingIncomeRatio": -0.8572562294,
        "totalOtherIncomeExpensesNet": 0,
        "incomeBeforeTax": -105860000,
        "incomeBeforeTaxRatio": -0.8572562294,
        "incomeTaxExpense": 19581000,
        "netIncome": -125441000,
        "netIncomeRatio": -1.015823528,
        "eps": -2.77,
        "epsdiluted": -2.77,
        "weightedAverageShsOut": 45221840,
        "weightedAverageShsOutDil": 45292253,
        "link": "https://www.sec.gov/Archives/edgar/data/874501/000087450117000060/0000874501-17-000060-index.htm",
        "finalLink": "https://www.sec.gov/Archives/edgar/data/874501/000087450117000060/a02-011ambcx20170331x10q.htm"
    },
    {
        "date": "2016-12-31",
        "symbol": "AMBC",
        "reportedCurrency": "USD",
        "cik": "0000874501",
        "fillingDate": "2017-02-28",
        "acceptedDate": "2017-02-28 16:52:58",
        "calendarYear": "2016",
        "period": "Q4",
        "revenue": 237487000,
        "costOfRevenue": 0,
        "grossProfit": 237487000,
        "grossProfitRatio": 1,
        "researchAndDevelopmentExpenses": 0,
        "generalAndAdministrativeExpenses": 36190000,
        "sellingAndMarketingExpenses": 0,
        "sellingGeneralAndAdministrativeExpenses": 36190000,
        "otherExpenses": -359736000,
        "operatingExpenses": -323546000,
        "costAndExpenses": 323546000,
        "interestIncome": 0,
        "interestExpense": 31712000,
        "depreciationAndAmortization": 40152000,
        "ebitda": -13895000,
        "ebitdaratio": -0.0585084657,
        "operatingIncome": -86059000,
        "operatingIncomeRatio": -0.3623735194,
        "totalOtherIncomeExpensesNet": -33903000,
        "incomeBeforeTax": -86059000,
        "incomeBeforeTaxRatio": -0.3623735194,
        "incomeTaxExpense": 8832000,
        "netIncome": -94693000,
        "netIncomeRatio": -0.3987291936,
        "eps": -2.09,
        "epsdiluted": -2.09,
        "weightedAverageShsOut": 45223397,
        "weightedAverageShsOutDil": 45230242,
        "link": "https://www.sec.gov/Archives/edgar/data/874501/000087450117000022/0000874501-17-000022-index.htm",
        "finalLink": "https://www.sec.gov/Archives/edgar/data/874501/000087450117000022/a01-005ambcx20161231x10k.htm"
    },
    {
        "date": "2016-09-30",
        "symbol": "AMBC",
        "reportedCurrency": "USD",
        "cik": "0000874501",
        "fillingDate": "2016-11-03",
        "acceptedDate": "2016-11-03 16:26:32",
        "calendarYear": "2016",
        "period": "Q3",
        "revenue": 145004000,
        "costOfRevenue": 0,
        "grossProfit": 145004000,
        "grossProfitRatio": 1,
        "researchAndDevelopmentExpenses": 0,
        "generalAndAdministrativeExpenses": 21466000,
        "sellingAndMarketingExpenses": 0,
        "sellingGeneralAndAdministrativeExpenses": 21466000,
        "otherExpenses": 21466000000,
        "operatingExpenses": 21466000000,
        "costAndExpenses": 28284000,
        "interestIncome": 0,
        "interestExpense": 31493000,
        "depreciationAndAmortization": 44838000,
        "ebitda": 0,
        "ebitdaratio": 0,
        "operatingIncome": 116720000,
        "operatingIncomeRatio": 0.8049433119,
        "totalOtherIncomeExpensesNet": 0,
        "incomeBeforeTax": 116720000,
        "incomeBeforeTaxRatio": 0.8049433119,
        "incomeTaxExpense": 15282000,
        "netIncome": 101474000,
        "netIncomeRatio": 0.6998013848,
        "eps": 2.24,
        "epsdiluted": 2.22,
        "weightedAverageShsOut": 45229570,
        "weightedAverageShsOutDil": 45792083,
        "link": "https://www.sec.gov/Archives/edgar/data/874501/000087450116000286/0000874501-16-000286-index.htm",
        "finalLink": "https://www.sec.gov/Archives/edgar/data/874501/000087450116000286/a02-010ambcx20160930x10q.htm"
    },
    {
        "date": "2016-06-30",
        "symbol": "AMBC",
        "reportedCurrency": "USD",
        "cik": "0000874501",
        "fillingDate": "2016-08-09",
        "acceptedDate": "2016-08-09 16:40:26",
        "calendarYear": "2016",
        "period": "Q2",
        "revenue": 103146000,
        "costOfRevenue": 0,
        "grossProfit": 103146000,
        "grossProfitRatio": 1,
        "researchAndDevelopmentExpenses": 0,
        "generalAndAdministrativeExpenses": 27995000,
        "sellingAndMarketingExpenses": 0,
        "sellingGeneralAndAdministrativeExpenses": 27995000,
        "otherExpenses": 27995000000,
        "operatingExpenses": 27995000000,
        "costAndExpenses": 41635000,
        "interestIncome": 0,
        "interestExpense": 30709000,
        "depreciationAndAmortization": 39345000,
        "ebitda": 131565000,
        "ebitdaratio": 1.2755220755,
        "operatingIncome": 61511000,
        "operatingIncomeRatio": 0.5963488647,
        "totalOtherIncomeExpensesNet": 0,
        "incomeBeforeTax": 61511000,
        "incomeBeforeTaxRatio": 0.5963488647,
        "incomeTaxExpense": 3156000,
        "netIncome": 58647000,
        "netIncomeRatio": 0.5685823978,
        "eps": 1.3,
        "epsdiluted": 1.29,
        "weightedAverageShsOut": 45212484,
        "weightedAverageShsOutDil": 45375088,
        "link": "https://www.sec.gov/Archives/edgar/data/874501/000087450116000272/0000874501-16-000272-index.htm",
        "finalLink": "https://www.sec.gov/Archives/edgar/data/874501/000087450116000272/a02-009ambcx20160630x10q.htm"
    },
    {
        "date": "2016-03-31",
        "symbol": "AMBC",
        "reportedCurrency": "USD",
        "cik": "0000874501",
        "fillingDate": "2016-05-11",
        "acceptedDate": "2016-05-11 06:22:03",
        "calendarYear": "2016",
        "period": "Q1",
        "revenue": 15667000,
        "costOfRevenue": 0,
        "grossProfit": 15667000,
        "grossProfitRatio": 1,
        "researchAndDevelopmentExpenses": 0,
        "generalAndAdministrativeExpenses": 28009000,
        "sellingAndMarketingExpenses": 0,
        "sellingGeneralAndAdministrativeExpenses": 28009000,
        "otherExpenses": 28009000000,
        "operatingExpenses": 28009000000,
        "costAndExpenses": 2813000,
        "interestIncome": 0,
        "interestExpense": 30430000,
        "depreciationAndAmortization": 50890000,
        "ebitda": 0,
        "ebitdaratio": 0,
        "operatingIncome": 12854000,
        "operatingIncomeRatio": 0.8204506287,
        "totalOtherIncomeExpensesNet": 0,
        "incomeBeforeTax": 12854000,
        "incomeBeforeTaxRatio": 0.8204506287,
        "incomeTaxExpense": 3439000,
        "netIncome": 9415000,
        "netIncomeRatio": 0.6009446608,
        "eps": 0.21,
        "epsdiluted": 0.21,
        "weightedAverageShsOut": 45176978,
        "weightedAverageShsOutDil": 45243997,
        "link": "https://www.sec.gov/Archives/edgar/data/874501/000087450116000235/0000874501-16-000235-index.htm",
        "finalLink": "https://www.sec.gov/Archives/edgar/data/874501/000087450116000235/a02-007ambcx20160331x10q.htm"
    },
    {
        "date": "2015-12-31",
        "symbol": "AMBC",
        "reportedCurrency": "USD",
        "cik": "0000874501",
        "fillingDate": "2016-02-29",
        "acceptedDate": "2016-02-29 15:32:55",
        "calendarYear": "2015",
        "period": "Q4",
        "revenue": 170725000,
        "costOfRevenue": 0,
        "grossProfit": 170725000,
        "grossProfitRatio": 1,
        "researchAndDevelopmentExpenses": 0,
        "generalAndAdministrativeExpenses": 0,
        "sellingAndMarketingExpenses": 0,
        "sellingGeneralAndAdministrativeExpenses": 27300000,
        "otherExpenses": 102702000000,
        "operatingExpenses": 102702000000,
        "costAndExpenses": -224851000,
        "interestIncome": 0,
        "interestExpense": 30557000,
        "depreciationAndAmortization": 54357000,
        "ebitda": 481567000,
        "ebitdaratio": 2.8207175282,
        "operatingIncome": 395576000,
        "operatingIncomeRatio": 2.3170361693,
        "totalOtherIncomeExpensesNet": 0,
        "incomeBeforeTax": 395576000,
        "incomeBeforeTaxRatio": 2.3170361693,
        "incomeTaxExpense": 8900000,
        "netIncome": 386984000,
        "netIncomeRatio": 2.2667096207,
        "eps": 8.57,
        "epsdiluted": 8.56,
        "weightedAverageShsOut": 45173159,
        "weightedAverageShsOutDil": 45191070,
        "link": "https://www.sec.gov/Archives/edgar/data/874501/000087450116000126/0000874501-16-000126-index.htm",
        "finalLink": "https://www.sec.gov/Archives/edgar/data/874501/000087450116000126/a01-002ambcx20151231x10k.htm"
    },
    {
        "date": "2015-09-30",
        "symbol": "AMBC",
        "reportedCurrency": "USD",
        "cik": "0000874501",
        "fillingDate": "2015-11-09",
        "acceptedDate": "2015-11-09 16:22:24",
        "calendarYear": "2015",
        "period": "Q3",
        "revenue": 86270000,
        "costOfRevenue": 0,
        "grossProfit": 86270000,
        "grossProfitRatio": 1,
        "researchAndDevelopmentExpenses": 0,
        "generalAndAdministrativeExpenses": 0,
        "sellingAndMarketingExpenses": 0,
        "sellingGeneralAndAdministrativeExpenses": 25006000,
        "otherExpenses": 25006000000,
        "operatingExpenses": 25006000000,
        "costAndExpenses": 474463000,
        "interestIncome": 0,
        "interestExpense": 29899000,
        "depreciationAndAmortization": 40327000,
        "ebitda": 0,
        "ebitdaratio": 0,
        "operatingIncome": -388193000,
        "operatingIncomeRatio": -4.4997449867,
        "totalOtherIncomeExpensesNet": 0,
        "incomeBeforeTax": -388193000,
        "incomeBeforeTaxRatio": -4.4997449867,
        "incomeTaxExpense": 2838000,
        "netIncome": -390987000,
        "netIncomeRatio": -4.5321316796,
        "eps": -8.66,
        "epsdiluted": -8.66,
        "weightedAverageShsOut": 45148614,
        "weightedAverageShsOutDil": 45174521,
        "link": "https://www.sec.gov/Archives/edgar/data/874501/000087450115000084/0000874501-15-000084-index.htm",
        "finalLink": "https://www.sec.gov/Archives/edgar/data/874501/000087450115000084/a02-006ambcx20150930x10q.htm"
    },
    {
        "date": "2015-06-30",
        "symbol": "AMBC",
        "reportedCurrency": "USD",
        "cik": "0000874501",
        "fillingDate": "2015-08-10",
        "acceptedDate": "2015-08-10 17:04:49",
        "calendarYear": "2015",
        "period": "Q2",
        "revenue": 231998000,
        "costOfRevenue": 0,
        "grossProfit": 231998000,
        "grossProfitRatio": 1,
        "researchAndDevelopmentExpenses": 0,
        "generalAndAdministrativeExpenses": 0,
        "sellingAndMarketingExpenses": 0,
        "sellingGeneralAndAdministrativeExpenses": 25873000,
        "otherExpenses": 25873000000,
        "operatingExpenses": 25873000000,
        "costAndExpenses": -54097000,
        "interestIncome": 0,
        "interestExpense": 28173000,
        "depreciationAndAmortization": 38786000,
        "ebitda": 0,
        "ebitdaratio": 0,
        "operatingIncome": 286095000,
        "operatingIncomeRatio": 1.2331787343,
        "totalOtherIncomeExpensesNet": 0,
        "incomeBeforeTax": 286095000,
        "incomeBeforeTaxRatio": 1.2331787343,
        "incomeTaxExpense": 3917000,
        "netIncome": 282695000,
        "netIncomeRatio": 1.2185234355,
        "eps": 6.26,
        "epsdiluted": 6.05,
        "weightedAverageShsOut": 45190089,
        "weightedAverageShsOutDil": 46702772,
        "link": "https://www.sec.gov/Archives/edgar/data/874501/000087450115000068/0000874501-15-000068-index.htm",
        "finalLink": "https://www.sec.gov/Archives/edgar/data/874501/000087450115000068/a02-005ambcx20150630x10q.htm"
    },
    {
        "date": "2015-03-31",
        "symbol": "AMBC",
        "reportedCurrency": "USD",
        "cik": "0000874501",
        "fillingDate": "2015-05-11",
        "acceptedDate": "2015-05-11 16:22:16",
        "calendarYear": "2015",
        "period": "Q1",
        "revenue": 155584000,
        "costOfRevenue": 0,
        "grossProfit": 155584000,
        "grossProfitRatio": 1,
        "researchAndDevelopmentExpenses": 0,
        "generalAndAdministrativeExpenses": 0,
        "sellingAndMarketingExpenses": 0,
        "sellingGeneralAndAdministrativeExpenses": 24523000,
        "otherExpenses": 24523000000,
        "operatingExpenses": 24523000000,
        "costAndExpenses": -60996000,
        "interestIncome": 0,
        "interestExpense": 27908000,
        "depreciationAndAmortization": 38223000,
        "ebitda": 0,
        "ebitdaratio": 0,
        "operatingIncome": 216580000,
        "operatingIncomeRatio": 1.3920454545,
        "totalOtherIncomeExpensesNet": 0,
        "incomeBeforeTax": 216580000,
        "incomeBeforeTaxRatio": 1.3920454545,
        "incomeTaxExpense": 1709000,
        "netIncome": 214711000,
        "netIncomeRatio": 1.3800326512,
        "eps": 4.75,
        "epsdiluted": 4.57,
        "weightedAverageShsOut": 45156202,
        "weightedAverageShsOutDil": 46948999,
        "link": "https://www.sec.gov/Archives/edgar/data/874501/000087450115000049/0000874501-15-000049-index.htm",
        "finalLink": "https://www.sec.gov/Archives/edgar/data/874501/000087450115000049/ambc-20150331x10q.htm"
    },
    {
        "date": "2014-12-31",
        "symbol": "AMBC",
        "reportedCurrency": "USD",
        "cik": "0000874501",
        "fillingDate": "2015-03-02",
        "acceptedDate": "2015-03-02 07:44:15",
        "calendarYear": "2014",
        "period": "Q4",
        "revenue": 81584000,
        "costOfRevenue": 0,
        "grossProfit": 81584000,
        "grossProfitRatio": 1,
        "researchAndDevelopmentExpenses": 0,
        "generalAndAdministrativeExpenses": 0,
        "sellingAndMarketingExpenses": 0,
        "sellingGeneralAndAdministrativeExpenses": 26200000,
        "otherExpenses": 101474000000,
        "operatingExpenses": 101474000000,
        "costAndExpenses": -378010000,
        "interestIncome": 0,
        "interestExpense": 31354000,
        "depreciationAndAmortization": 41952000,
        "ebitda": 534259000,
        "ebitdaratio": 6.5485757011,
        "operatingIncome": 459594000,
        "operatingIncomeRatio": 5.6333839969,
        "totalOtherIncomeExpensesNet": 348282000,
        "incomeBeforeTax": 459594000,
        "incomeBeforeTaxRatio": 5.6333839969,
        "incomeTaxExpense": 6143000,
        "netIncome": 453584000,
        "netIncomeRatio": 5.5597175917,
        "eps": 10.05,
        "epsdiluted": 9.73,
        "weightedAverageShsOut": 45121414,
        "weightedAverageShsOutDil": 46612898,
        "link": "https://www.sec.gov/Archives/edgar/data/874501/000087450115000013/0000874501-15-000013-index.htm",
        "finalLink": "https://www.sec.gov/Archives/edgar/data/874501/000087450115000013/ambc-20141231x10k.htm"
    },
    {
        "date": "2014-09-30",
        "symbol": "AMBC",
        "reportedCurrency": "USD",
        "cik": "0000874501",
        "fillingDate": "2014-11-10",
        "acceptedDate": "2014-11-10 16:35:13",
        "calendarYear": "2014",
        "period": "Q3",
        "revenue": 155339000,
        "costOfRevenue": 0,
        "grossProfit": 155339000,
        "grossProfitRatio": 1,
        "researchAndDevelopmentExpenses": 0,
        "generalAndAdministrativeExpenses": 0,
        "sellingAndMarketingExpenses": 0,
        "sellingGeneralAndAdministrativeExpenses": 25000000,
        "otherExpenses": -38704000,
        "operatingExpenses": -38704000,
        "costAndExpenses": 70566000,
        "interestIncome": 0,
        "interestExpense": 31841000,
        "depreciationAndAmortization": 42650000,
        "ebitda": 159285000,
        "ebitdaratio": 1.0254025068,
        "operatingIncome": 116635000,
        "operatingIncomeRatio": 0.7508417075,
        "totalOtherIncomeExpensesNet": -60158000,
        "incomeBeforeTax": 84773000,
        "incomeBeforeTaxRatio": 0.5457290185,
        "incomeTaxExpense": 2344000,
        "netIncome": 82450000,
        "netIncomeRatio": 0.5307746284,
        "eps": 1.83,
        "epsdiluted": 1.77,
        "weightedAverageShsOut": 45115882,
        "weightedAverageShsOutDil": 46624689,
        "link": "https://www.sec.gov/Archives/edgar/data/874501/000087450114000069/0000874501-14-000069-index.htm",
        "finalLink": "https://www.sec.gov/Archives/edgar/data/874501/000087450114000069/ambc-20140930x10q.htm"
    },
    {
        "date": "2014-06-30",
        "symbol": "AMBC",
        "reportedCurrency": "USD",
        "cik": "0000874501",
        "fillingDate": "2014-08-11",
        "acceptedDate": "2014-08-11 16:54:55",
        "calendarYear": "2014",
        "period": "Q2",
        "revenue": 57333000,
        "costOfRevenue": 0,
        "grossProfit": 57333000,
        "grossProfitRatio": 1,
        "researchAndDevelopmentExpenses": 0,
        "generalAndAdministrativeExpenses": 0,
        "sellingAndMarketingExpenses": 0,
        "sellingGeneralAndAdministrativeExpenses": 23000000,
        "otherExpenses": -267559000,
        "operatingExpenses": -267559000,
        "costAndExpenses": 267745000,
        "interestIncome": 0,
        "interestExpense": 31953000,
        "depreciationAndAmortization": 36989000,
        "ebitda": -141470000,
        "ebitdaratio": -2.467514346,
        "operatingIncome": -210226000,
        "operatingIncomeRatio": -3.6667538765,
        "totalOtherIncomeExpensesNet": -186000,
        "incomeBeforeTax": -210412000,
        "incomeBeforeTaxRatio": -3.6699980814,
        "incomeTaxExpense": -2179000,
        "netIncome": -207905000,
        "netIncomeRatio": -3.626271083,
        "eps": -4.61,
        "epsdiluted": -4.61,
        "weightedAverageShsOut": 45091983,
        "weightedAverageShsOutDil": 45091983,
        "link": "https://www.sec.gov/Archives/edgar/data/874501/000087450114000044/0000874501-14-000044-index.htm",
        "finalLink": "https://www.sec.gov/Archives/edgar/data/874501/000087450114000044/ambc-20140630x10q.htm"
    },
    {
        "date": "2014-03-31",
        "symbol": "AMBC",
        "reportedCurrency": "USD",
        "cik": "0000874501",
        "fillingDate": "2014-05-12",
        "acceptedDate": "2014-05-12 17:05:38",
        "calendarYear": "2014",
        "period": "Q1",
        "revenue": 109138000,
        "costOfRevenue": 0,
        "grossProfit": 109138000,
        "grossProfitRatio": 1,
        "researchAndDevelopmentExpenses": 0,
        "generalAndAdministrativeExpenses": 0,
        "sellingAndMarketingExpenses": 0,
        "sellingGeneralAndAdministrativeExpenses": 25900000,
        "otherExpenses": 25786000000,
        "operatingExpenses": 25786000000,
        "costAndExpenses": -50160000,
        "interestIncome": 0,
        "interestExpense": 32328000,
        "depreciationAndAmortization": 31714000,
        "ebitda": 224088000,
        "ebitdaratio": 2.0532536788,
        "operatingIncome": 159321000,
        "operatingIncomeRatio": 1.4598123477,
        "totalOtherIncomeExpensesNet": 26205000,
        "incomeBeforeTax": 159298000,
        "incomeBeforeTaxRatio": 1.4596016053,
        "incomeTaxExpense": 3249000,
        "netIncome": 155942000,
        "netIncomeRatio": 1.4288515457,
        "eps": 3.46,
        "epsdiluted": 3.31,
        "weightedAverageShsOut": 45042823,
        "weightedAverageShsOutDil": 47045742,
        "link": "https://www.sec.gov/Archives/edgar/data/874501/000087450114000031/0000874501-14-000031-index.htm",
        "finalLink": "https://www.sec.gov/Archives/edgar/data/874501/000087450114000031/ambc-20140331x10q.htm"
    },
    {
        "date": "2013-12-31",
        "symbol": "AMBC",
        "reportedCurrency": "USD",
        "cik": "0000874501",
        "fillingDate": "2014-03-03",
        "acceptedDate": "2014-03-03 16:45:17",
        "calendarYear": "2013",
        "period": "Q4",
        "revenue": 153444000,
        "costOfRevenue": -13537000,
        "grossProfit": 166981000,
        "grossProfitRatio": 1.08822111,
        "researchAndDevelopmentExpenses": 0,
        "generalAndAdministrativeExpenses": 0,
        "sellingAndMarketingExpenses": 0,
        "sellingGeneralAndAdministrativeExpenses": 27300000,
        "otherExpenses": 139029000,
        "operatingExpenses": 63181000,
        "costAndExpenses": 63181000,
        "interestIncome": 0,
        "interestExpense": 57338000,
        "depreciationAndAmortization": -93437000,
        "ebitda": 47122000,
        "ebitdaratio": 0.3070957483,
        "operatingIncome": 93437000,
        "operatingIncomeRatio": 0.6089322489,
        "totalOtherIncomeExpensesNet": 60505000,
        "incomeBeforeTax": 74920000,
        "incomeBeforeTaxRatio": 0.488256302,
        "incomeTaxExpense": 6407000,
        "netIncome": 68563000,
        "netIncomeRatio": 0.4468275071,
        "eps": 1.49,
        "epsdiluted": 1.49,
        "weightedAverageShsOut": 46038269,
        "weightedAverageShsOutDil": 46038249,
        "link": "https://www.sec.gov/Archives/edgar/data/874501/000119312514080373/0001193125-14-080373-index.htm",
        "finalLink": "https://www.sec.gov/Archives/edgar/data/874501/000119312514080373/d656491d10k.htm"
    },
    {
        "date": "2013-09-30",
        "symbol": "AMBC",
        "reportedCurrency": "USD",
        "cik": "0000874501",
        "fillingDate": "2013-11-14",
        "acceptedDate": "2013-11-14 12:32:28",
        "calendarYear": "2013",
        "period": "Q3",
        "revenue": 171652000,
        "costOfRevenue": 0,
        "grossProfit": 171652000,
        "grossProfitRatio": 1,
        "researchAndDevelopmentExpenses": 0,
        "generalAndAdministrativeExpenses": 0,
        "sellingAndMarketingExpenses": 0,
        "sellingGeneralAndAdministrativeExpenses": 24300000,
        "otherExpenses": 25047000000,
        "operatingExpenses": 25047000000,
        "costAndExpenses": -59949000,
        "interestIncome": 0,
        "interestExpense": 31817000,
        "depreciationAndAmortization": 37473000,
        "ebitda": 300891000,
        "ebitdaratio": 1.7529128702,
        "operatingIncome": 231605000,
        "operatingIncomeRatio": 1.3492706173,
        "totalOtherIncomeExpensesNet": -4000,
        "incomeBeforeTax": 231601000,
        "incomeBeforeTaxRatio": 1.3492473143,
        "incomeTaxExpense": 594000,
        "netIncome": 230975000,
        "netIncomeRatio": 1.3456004008,
        "eps": 5.13,
        "epsdiluted": 4.98,
        "weightedAverageShsOut": 45002463,
        "weightedAverageShsOutDil": 46354875,
        "link": "https://www.sec.gov/Archives/edgar/data/874501/000119312513441641/0001193125-13-441641-index.htm",
        "finalLink": "https://www.sec.gov/Archives/edgar/data/874501/000119312513441641/d603747d10q.htm"
    },
    {
        "date": "2013-06-30",
        "symbol": "AMBC",
        "reportedCurrency": "USD",
        "cik": "0000874501",
        "fillingDate": "2013-08-14",
        "acceptedDate": "2013-08-14 18:24:13",
        "calendarYear": "2013",
        "period": "Q2",
        "revenue": 548284000,
        "costOfRevenue": 6509284000,
        "grossProfit": -5961000000,
        "grossProfitRatio": -10.8721027789,
        "researchAndDevelopmentExpenses": 0,
        "generalAndAdministrativeExpenses": 0,
        "sellingAndMarketingExpenses": 0,
        "sellingGeneralAndAdministrativeExpenses": 53500000,
        "otherExpenses": 33567000000,
        "operatingExpenses": 33567000000,
        "costAndExpenses": 33567000000,
        "interestIncome": 0,
        "interestExpense": 31855000000,
        "depreciationAndAmortization": -509461000,
        "ebitda": -813561000000,
        "ebitdaratio": -1483.8313720627,
        "operatingIncome": -813561000000,
        "operatingIncomeRatio": -1483.8313720627,
        "totalOtherIncomeExpensesNet": 767000000,
        "incomeBeforeTax": -812794000000,
        "incomeBeforeTaxRatio": -1482.4324620087,
        "incomeTaxExpense": -211000000,
        "netIncome": -812583000000,
        "netIncomeRatio": -1482.0476249535,
        "eps": -18056.41,
        "epsdiluted": -17529.61,
        "weightedAverageShsOut": 45002463,
        "weightedAverageShsOutDil": 46354875,
        "link": "https://www.sec.gov/Archives/edgar/data/874501/000119312513334909/0001193125-13-334909-index.htm",
        "finalLink": "https://www.sec.gov/Archives/edgar/data/874501/000119312513334909/d543676d10q.htm"
    },
    {
        "date": "2013-03-31",
        "symbol": "AMBC",
        "reportedCurrency": "USD",
        "cik": "0000874501",
        "fillingDate": "2013-05-15",
        "acceptedDate": "2013-05-15 17:05:16",
        "calendarYear": "2013",
        "period": "Q1",
        "revenue": 291427000,
        "costOfRevenue": 0,
        "grossProfit": 291427000,
        "grossProfitRatio": 1,
        "researchAndDevelopmentExpenses": 0,
        "generalAndAdministrativeExpenses": 0,
        "sellingAndMarketingExpenses": 0,
        "sellingGeneralAndAdministrativeExpenses": 0,
        "otherExpenses": 34429000000,
        "operatingExpenses": 34429000000,
        "costAndExpenses": 8518000,
        "interestIncome": 0,
        "interestExpense": 23165000,
        "depreciationAndAmortization": 727000,
        "ebitda": 306848000,
        "ebitdaratio": 1.0529154814,
        "operatingIncome": 284968000,
        "operatingIncomeRatio": 0.9778366452,
        "totalOtherIncomeExpensesNet": -2059000,
        "incomeBeforeTax": 282909000,
        "incomeBeforeTaxRatio": 0.970771411,
        "incomeTaxExpense": 657000,
        "netIncome": 282299000,
        "netIncomeRatio": 0.9686782625,
        "eps": 3.02,
        "epsdiluted": 3,
        "weightedAverageShsOut": 93517463,
        "weightedAverageShsOutDil": 94193669,
        "link": "https://www.sec.gov/Archives/edgar/data/874501/000119312513222662/0001193125-13-222662-index.htm",
        "finalLink": "https://www.sec.gov/Archives/edgar/data/874501/000119312513222662/d512246d10q.htm"
    },
    {
        "date": "2012-12-31",
        "symbol": "AMBC",
        "reportedCurrency": "USD",
        "cik": "0000874501",
        "fillingDate": "2013-03-22",
        "acceptedDate": "2013-03-22 16:53:33",
        "calendarYear": "2012",
        "period": "Q4",
        "revenue": 170187000,
        "costOfRevenue": 0,
        "grossProfit": 170187000,
        "grossProfitRatio": 1,
        "researchAndDevelopmentExpenses": 0,
        "generalAndAdministrativeExpenses": 0,
        "sellingAndMarketingExpenses": 0,
        "sellingGeneralAndAdministrativeExpenses": 27652000,
        "otherExpenses": 139029000,
        "operatingExpenses": 139029000,
        "costAndExpenses": 24793000,
        "interestIncome": 0,
        "interestExpense": 23358000,
        "depreciationAndAmortization": 772000,
        "ebitda": 166458000,
        "ebitdaratio": 0.9780888082,
        "operatingIncome": 148129000,
        "operatingIncomeRatio": 0.8703896302,
        "totalOtherIncomeExpensesNet": -46192000,
        "incomeBeforeTax": 145394000,
        "incomeBeforeTaxRatio": 0.8543190725,
        "incomeTaxExpense": 2093000,
        "netIncome": 143576000,
        "netIncomeRatio": 0.8436367055,
        "eps": 1.54,
        "epsdiluted": 1.52,
        "weightedAverageShsOut": 93517463,
        "weightedAverageShsOutDil": 94193669,
        "link": "https://www.sec.gov/Archives/edgar/data/874501/000119312513122346/0001193125-13-122346-index.htm",
        "finalLink": "https://www.sec.gov/Archives/edgar/data/874501/000119312513122346/d449863d10k.htm"
    },
    {
        "date": "2012-09-30",
        "symbol": "AMBC",
        "reportedCurrency": "USD",
        "cik": "0000874501",
        "fillingDate": "2012-11-14",
        "acceptedDate": "2012-11-14 21:41:53",
        "calendarYear": "2012",
        "period": "Q3",
        "revenue": 197162000,
        "costOfRevenue": 0,
        "grossProfit": 197162000,
        "grossProfitRatio": 1,
        "researchAndDevelopmentExpenses": 0,
        "generalAndAdministrativeExpenses": 0,
        "sellingAndMarketingExpenses": 0,
        "sellingGeneralAndAdministrativeExpenses": 26147000,
        "otherExpenses": 33347000000,
        "operatingExpenses": 33347000000,
        "costAndExpenses": 39122000,
        "interestIncome": 0,
        "interestExpense": 23268000,
        "depreciationAndAmortization": 748000,
        "ebitda": 158040000,
        "ebitdaratio": 0.8015743399,
        "operatingIncome": 159292000,
        "operatingIncomeRatio": 0.8079244479,
        "totalOtherIncomeExpensesNet": -1252000,
        "incomeBeforeTax": 158040000,
        "incomeBeforeTaxRatio": 0.8015743399,
        "incomeTaxExpense": 667000,
        "netIncome": 157544000,
        "netIncomeRatio": 0.7990586421,
        "eps": 1.68,
        "epsdiluted": 1.67,
        "weightedAverageShsOut": 93517463,
        "weightedAverageShsOutDil": 94193669,
        "link": "https://www.sec.gov/Archives/edgar/data/874501/000119312512470880/0001193125-12-470880-index.htm",
        "finalLink": "https://www.sec.gov/Archives/edgar/data/874501/000119312512470880/d411147d10q.htm"
    },
    {
        "date": "2012-06-30",
        "symbol": "AMBC",
        "reportedCurrency": "USD",
        "cik": "0000874501",
        "fillingDate": "2012-08-09",
        "acceptedDate": "2012-08-09 16:36:06",
        "calendarYear": "2012",
        "period": "Q2",
        "revenue": 171784000,
        "costOfRevenue": 5961000,
        "grossProfit": 165823000,
        "grossProfitRatio": 0.9652994458,
        "researchAndDevelopmentExpenses": 0,
        "generalAndAdministrativeExpenses": 0,
        "sellingAndMarketingExpenses": 0,
        "sellingGeneralAndAdministrativeExpenses": 0,
        "otherExpenses": 33567000000,
        "operatingExpenses": 33567000000,
        "costAndExpenses": 807600000,
        "interestIncome": 0,
        "interestExpense": 31855000,
        "depreciationAndAmortization": 726000,
        "ebitda": -813561000,
        "ebitdaratio": -4.7359532902,
        "operatingIncome": -812794000,
        "operatingIncomeRatio": -4.7314883808,
        "totalOtherIncomeExpensesNet": -767000,
        "incomeBeforeTax": -813561000,
        "incomeBeforeTaxRatio": -4.7359532902,
        "incomeTaxExpense": -211000,
        "netIncome": -811118000,
        "netIncomeRatio": -4.7217319424,
        "eps": -8.67,
        "epsdiluted": -8.61,
        "weightedAverageShsOut": 93517463,
        "weightedAverageShsOutDil": 94193669,
        "link": "https://www.sec.gov/Archives/edgar/data/874501/000119312512347714/0001193125-12-347714-index.htm",
        "finalLink": "https://www.sec.gov/Archives/edgar/data/874501/000119312512347714/d357769d10q.htm"
    },
    {
        "date": "2012-03-31",
        "symbol": "AMBC",
        "reportedCurrency": "USD",
        "cik": "0000874501",
        "fillingDate": "2012-05-10",
        "acceptedDate": "2012-05-10 17:04:42",
        "calendarYear": "2012",
        "period": "Q1",
        "revenue": 324136000,
        "costOfRevenue": 0,
        "grossProfit": 324136000,
        "grossProfitRatio": 1,
        "researchAndDevelopmentExpenses": 0,
        "generalAndAdministrativeExpenses": 0,
        "sellingAndMarketingExpenses": 0,
        "sellingGeneralAndAdministrativeExpenses": 0,
        "otherExpenses": 36534000000,
        "operatingExpenses": 36534000000,
        "costAndExpenses": 70514000,
        "interestIncome": 0,
        "interestExpense": 33839000,
        "depreciationAndAmortization": 820000,
        "ebitda": 253622000,
        "ebitdaratio": 0.7824555125,
        "operatingIncome": 256083000,
        "operatingIncomeRatio": 0.7900480045,
        "totalOtherIncomeExpensesNet": -2461000,
        "incomeBeforeTax": 253622000,
        "incomeBeforeTaxRatio": 0.7824555125,
        "incomeTaxExpense": 300000,
        "netIncome": 253320000,
        "netIncomeRatio": 0.7815238048,
        "eps": 2.71,
        "epsdiluted": 2.69,
        "weightedAverageShsOut": 93517463,
        "weightedAverageShsOutDil": 94193669,
        "link": "https://www.sec.gov/Archives/edgar/data/874501/000119312512225862/0001193125-12-225862-index.htm",
        "finalLink": "https://www.sec.gov/Archives/edgar/data/874501/000119312512225862/d338313d10q.htm"
    },
    {
        "date": "2011-12-31",
        "symbol": "AMBC",
        "reportedCurrency": "USD",
        "cik": "0000874501",
        "fillingDate": "2012-03-22",
        "acceptedDate": "2012-03-22 16:40:22",
        "calendarYear": "2011",
        "period": "Q4",
        "revenue": -81431000,
        "costOfRevenue": 0,
        "grossProfit": -81431000,
        "grossProfitRatio": 1,
        "researchAndDevelopmentExpenses": 0,
        "generalAndAdministrativeExpenses": 0,
        "sellingAndMarketingExpenses": 0,
        "sellingGeneralAndAdministrativeExpenses": 0,
        "otherExpenses": 141305000,
        "operatingExpenses": 141305000,
        "costAndExpenses": 882248000,
        "interestIncome": 0,
        "interestExpense": 33088000,
        "depreciationAndAmortization": 809000,
        "ebitda": -929782000,
        "ebitdaratio": 11.4180349007,
        "operatingIncome": -1003473000,
        "operatingIncomeRatio": 12.322985104,
        "totalOtherIncomeExpensesNet": 39794000,
        "incomeBeforeTax": -963679000,
        "incomeBeforeTaxRatio": 11.8343014331,
        "incomeTaxExpense": -481000,
        "netIncome": -963213000,
        "netIncomeRatio": 11.8285787968,
        "eps": -10.3,
        "epsdiluted": -10.23,
        "weightedAverageShsOut": 93517463,
        "weightedAverageShsOutDil": 94193669,
        "link": "https://www.sec.gov/Archives/edgar/data/874501/000119312512127521/0001193125-12-127521-index.htm",
        "finalLink": "https://www.sec.gov/Archives/edgar/data/874501/000119312512127521/d272123d10k.htm"
    },
    {
        "date": "2011-09-30",
        "symbol": "AMBC",
        "reportedCurrency": "USD",
        "cik": "0000874501",
        "fillingDate": "2011-11-09",
        "acceptedDate": "2011-11-09 16:19:41",
        "calendarYear": "2011",
        "period": "Q3",
        "revenue": 25717000,
        "costOfRevenue": 0,
        "grossProfit": 25717000,
        "grossProfitRatio": 1,
        "researchAndDevelopmentExpenses": 0,
        "generalAndAdministrativeExpenses": 0,
        "sellingAndMarketingExpenses": 0,
        "sellingGeneralAndAdministrativeExpenses": 0,
        "otherExpenses": 40340000,
        "operatingExpenses": 40340000,
        "costAndExpenses": 26215000,
        "interestIncome": 0,
        "interestExpense": 33074000,
        "depreciationAndAmortization": 738000,
        "ebitda": 33314000,
        "ebitdaratio": 1.295407707,
        "operatingIncome": 8021000,
        "operatingIncomeRatio": 0.3118948555,
        "totalOtherIncomeExpensesNet": -8519000,
        "incomeBeforeTax": -498000,
        "incomeBeforeTaxRatio": -0.0193646226,
        "incomeTaxExpense": 75011000,
        "netIncome": -75507000,
        "netIncomeRatio": -2.9360734145,
        "eps": -0.81,
        "epsdiluted": -0.8,
        "weightedAverageShsOut": 93517463,
        "weightedAverageShsOutDil": 94193669,
        "link": "https://www.sec.gov/Archives/edgar/data/874501/000119312511304591/0001193125-11-304591-index.htm",
        "finalLink": "https://www.sec.gov/Archives/edgar/data/874501/000119312511304591/d231159d10q.htm"
    },
    {
        "date": "2011-06-30",
        "symbol": "AMBC",
        "reportedCurrency": "USD",
        "cik": "0000874501",
        "fillingDate": "2011-08-09",
        "acceptedDate": "2011-08-09 16:45:45",
        "calendarYear": "2011",
        "period": "Q2",
        "revenue": 148195000,
        "costOfRevenue": 0,
        "grossProfit": 148195000,
        "grossProfitRatio": 1,
        "researchAndDevelopmentExpenses": 0,
        "generalAndAdministrativeExpenses": 0,
        "sellingAndMarketingExpenses": 0,
        "sellingGeneralAndAdministrativeExpenses": 0,
        "otherExpenses": 11836000,
        "operatingExpenses": 11836000,
        "costAndExpenses": 250071000,
        "interestIncome": 0,
        "interestExpense": 31670000,
        "depreciationAndAmortization": 1406000,
        "ebitda": -101876000,
        "ebitdaratio": -0.6874455953,
        "operatingIncome": -95406000,
        "operatingIncomeRatio": -0.6437869024,
        "totalOtherIncomeExpensesNet": 0,
        "incomeBeforeTax": -101876000,
        "incomeBeforeTaxRatio": -0.6874455953,
        "incomeTaxExpense": 542000,
        "netIncome": -102432000,
        "netIncomeRatio": -0.6911974088,
        "eps": -1.1,
        "epsdiluted": -1.09,
        "weightedAverageShsOut": 93517463,
        "weightedAverageShsOutDil": 94193669,
        "link": "https://www.sec.gov/Archives/edgar/data/874501/000119312511216638/0001193125-11-216638-index.htm",
        "finalLink": "https://www.sec.gov/Archives/edgar/data/874501/000119312511216638/d10q.htm"
    },
    {
        "date": "2011-03-31",
        "symbol": "AMBC",
        "reportedCurrency": "USD",
        "cik": "0000874501",
        "fillingDate": "2011-05-10",
        "acceptedDate": "2011-05-10 16:05:34",
        "calendarYear": "2011",
        "period": "Q1",
        "revenue": 203283000,
        "costOfRevenue": 0,
        "grossProfit": 203283000,
        "grossProfitRatio": 1,
        "researchAndDevelopmentExpenses": 0,
        "generalAndAdministrativeExpenses": 0,
        "sellingAndMarketingExpenses": 0,
        "sellingGeneralAndAdministrativeExpenses": 0,
        "otherExpenses": 42376000,
        "operatingExpenses": 42376000,
        "costAndExpenses": 1020179000,
        "interestIncome": 0,
        "interestExpense": 30260000,
        "depreciationAndAmortization": 780000,
        "ebitda": -816896000,
        "ebitdaratio": -4.0185160589,
        "operatingIncome": -792091000,
        "operatingIncomeRatio": -3.8964940502,
        "totalOtherIncomeExpensesNet": 0,
        "incomeBeforeTax": -816896000,
        "incomeBeforeTaxRatio": -4.0185160589,
        "incomeTaxExpense": 2350000,
        "netIncome": -819279000,
        "netIncomeRatio": -4.0302386328,
        "eps": -8.76,
        "epsdiluted": -8.7,
        "weightedAverageShsOut": 93517463,
        "weightedAverageShsOutDil": 94193669,
        "link": "https://www.sec.gov/Archives/edgar/data/874501/000119312511134187/0001193125-11-134187-index.htm",
        "finalLink": "https://www.sec.gov/Archives/edgar/data/874501/000119312511134187/d10q.htm"
    },
    {
        "date": "2010-12-31",
        "symbol": "AMBC",
        "reportedCurrency": "USD",
        "cik": "0000874501",
        "fillingDate": "2011-03-16",
        "acceptedDate": "2011-03-16 17:06:06",
        "calendarYear": "2010",
        "period": "Q4",
        "revenue": 190948000,
        "costOfRevenue": -229447000,
        "grossProfit": 420395000,
        "grossProfitRatio": 2.2016203364,
        "researchAndDevelopmentExpenses": 0,
        "generalAndAdministrativeExpenses": 0,
        "sellingAndMarketingExpenses": 0,
        "sellingGeneralAndAdministrativeExpenses": 0,
        "otherExpenses": 198423000,
        "operatingExpenses": 198423000,
        "costAndExpenses": 272382000,
        "interestIncome": 0,
        "interestExpense": 43575000,
        "depreciationAndAmortization": 959000,
        "ebitda": -36900000,
        "ebitdaratio": -0.1932463288,
        "operatingIncome": -49454000,
        "operatingIncomeRatio": -0.2589919769,
        "totalOtherIncomeExpensesNet": -31980000,
        "incomeBeforeTax": -81434000,
        "incomeBeforeTaxRatio": -0.4264721285,
        "incomeTaxExpense": -185000,
        "netIncome": 1424803000,
        "netIncomeRatio": 7.4617330373,
        "eps": 15.24,
        "epsdiluted": 15.13,
        "weightedAverageShsOut": 93517463,
        "weightedAverageShsOutDil": 94193669,
        "link": "https://www.sec.gov/Archives/edgar/data/874501/000119312511068809/0001193125-11-068809-index.htm",
        "finalLink": "https://www.sec.gov/Archives/edgar/data/874501/000119312511068809/d10k.htm"
    },
    {
        "date": "2010-09-30",
        "symbol": "AMBC",
        "reportedCurrency": "USD",
        "cik": "0000874501",
        "fillingDate": "2010-11-15",
        "acceptedDate": "2010-11-15 16:46:43",
        "calendarYear": "2010",
        "period": "Q3",
        "revenue": 361156000,
        "costOfRevenue": 0,
        "grossProfit": 361156000,
        "grossProfitRatio": 1,
        "researchAndDevelopmentExpenses": 0,
        "generalAndAdministrativeExpenses": 0,
        "sellingAndMarketingExpenses": 0,
        "sellingGeneralAndAdministrativeExpenses": 0,
        "otherExpenses": 41200000,
        "operatingExpenses": 41200000,
        "costAndExpenses": 285072000,
        "interestIncome": 0,
        "interestExpense": 61321000,
        "depreciationAndAmortization": 968000,
        "ebitda": 76084000,
        "ebitdaratio": 0.2106679662,
        "operatingIncome": 76084000,
        "operatingIncomeRatio": 0.2106679662,
        "totalOtherIncomeExpensesNet": 0,
        "incomeBeforeTax": 76084000,
        "incomeBeforeTaxRatio": 0.2106679662,
        "incomeTaxExpense": 65000,
        "netIncome": 76006000,
        "netIncomeRatio": 0.210451993,
        "eps": 0.81,
        "epsdiluted": 0.81,
        "weightedAverageShsOut": 93517463,
        "weightedAverageShsOutDil": 94193669,
        "link": "https://www.sec.gov/Archives/edgar/data/874501/000119312510260796/0001193125-10-260796-index.htm",
        "finalLink": "https://www.sec.gov/Archives/edgar/data/874501/000119312510260796/d10q.htm"
    },
    {
        "date": "2010-06-30",
        "symbol": "AMBC",
        "reportedCurrency": "USD",
        "cik": "0000874501",
        "fillingDate": "2010-08-09",
        "acceptedDate": "2010-08-09 16:34:42",
        "calendarYear": "2010",
        "period": "Q2",
        "revenue": 381170000,
        "costOfRevenue": 0,
        "grossProfit": 381170000,
        "grossProfitRatio": 1,
        "researchAndDevelopmentExpenses": 0,
        "generalAndAdministrativeExpenses": 0,
        "sellingAndMarketingExpenses": 0,
        "sellingGeneralAndAdministrativeExpenses": 0,
        "otherExpenses": 58931000,
        "operatingExpenses": 58931000,
        "costAndExpenses": 438866000,
        "interestIncome": 0,
        "interestExpense": 40840000,
        "depreciationAndAmortization": 972000,
        "ebitda": -15884000,
        "ebitdaratio": -0.041671695,
        "operatingIncome": -57696000,
        "operatingIncomeRatio": -0.1513655324,
        "totalOtherIncomeExpensesNet": 0,
        "incomeBeforeTax": -57696000,
        "incomeBeforeTaxRatio": -0.1513655324,
        "incomeTaxExpense": -122000,
        "netIncome": -57559000,
        "netIncomeRatio": -0.1510061128,
        "eps": -0.62,
        "epsdiluted": -0.61,
        "weightedAverageShsOut": 93517463,
        "weightedAverageShsOutDil": 94193669,
        "link": "https://www.sec.gov/Archives/edgar/data/874501/000119312510183435/0001193125-10-183435-index.htm",
        "finalLink": "https://www.sec.gov/Archives/edgar/data/874501/000119312510183435/d10q.htm"
    },
    {
        "date": "2010-03-31",
        "symbol": "AMBC",
        "reportedCurrency": "USD",
        "cik": "0000874501",
        "fillingDate": "2010-05-17",
        "acceptedDate": "2010-05-17 17:18:26",
        "calendarYear": "2010",
        "period": "Q1",
        "revenue": -499139000,
        "costOfRevenue": 0,
        "grossProfit": -499139000,
        "grossProfitRatio": 1,
        "researchAndDevelopmentExpenses": 0,
        "generalAndAdministrativeExpenses": 0,
        "sellingAndMarketingExpenses": 0,
        "sellingGeneralAndAdministrativeExpenses": 0,
        "otherExpenses": 50496000,
        "operatingExpenses": 50496000,
        "costAndExpenses": 190816000,
        "interestIncome": 0,
        "interestExpense": 35593000,
        "depreciationAndAmortization": 746000,
        "ebitda": -689955000,
        "ebitdaratio": 1.3822903039,
        "operatingIncome": -689955000,
        "operatingIncomeRatio": 1.3822903039,
        "totalOtherIncomeExpensesNet": 0,
        "incomeBeforeTax": -689955000,
        "incomeBeforeTaxRatio": 1.3822903039,
        "incomeTaxExpense": 107000,
        "netIncome": -690051000,
        "netIncomeRatio": 1.3824826351,
        "eps": -7.38,
        "epsdiluted": -7.33,
        "weightedAverageShsOut": 93517463,
        "weightedAverageShsOutDil": 94193669,
        "link": "https://www.sec.gov/Archives/edgar/data/874501/000119312510122352/0001193125-10-122352-index.htm",
        "finalLink": "https://www.sec.gov/Archives/edgar/data/874501/000119312510122352/d10q.htm"
    },
    {
        "date": "2009-12-31",
        "symbol": "AMBC",
        "reportedCurrency": "USD",
        "cik": "0000874501",
        "fillingDate": "2010-04-09",
        "acceptedDate": "2010-04-09 15:34:14",
        "calendarYear": "2009",
        "period": "Q4",
        "revenue": 566601000,
        "costOfRevenue": -3332012000,
        "grossProfit": 3898613000,
        "grossProfitRatio": 6.8807026461,
        "researchAndDevelopmentExpenses": 0,
        "generalAndAdministrativeExpenses": 0,
        "sellingAndMarketingExpenses": 0,
        "sellingGeneralAndAdministrativeExpenses": -37204000,
        "otherExpenses": 213014000,
        "operatingExpenses": 175810000,
        "costAndExpenses": 480433000,
        "interestIncome": 0,
        "interestExpense": 39456000,
        "depreciationAndAmortization": 760000,
        "ebitda": 126384000,
        "ebitdaratio": 0.2230564365,
        "operatingIncome": 86168000,
        "operatingIncomeRatio": 0.1520787997,
        "totalOtherIncomeExpensesNet": 0,
        "incomeBeforeTax": 86168000,
        "incomeBeforeTaxRatio": 0.1520787997,
        "incomeTaxExpense": -471956000,
        "netIncome": 558111000,
        "netIncomeRatio": 0.9850159107,
        "eps": 5.97,
        "epsdiluted": 5.93,
        "weightedAverageShsOut": 93517463,
        "weightedAverageShsOutDil": 94193669,
        "link": "https://www.sec.gov/Archives/edgar/data/874501/000119312510080450/0001193125-10-080450-index.htm",
        "finalLink": "https://www.sec.gov/Archives/edgar/data/874501/000119312510080450/d10k.htm"
    },
    {
        "date": "2009-09-30",
        "symbol": "AMBC",
        "reportedCurrency": "USD",
        "cik": "0000874501",
        "fillingDate": "2009-11-09",
        "acceptedDate": "2009-11-09 16:57:03",
        "calendarYear": "2009",
        "period": "Q3",
        "revenue": 2689511000,
        "costOfRevenue": 0,
        "grossProfit": 2689511000,
        "grossProfitRatio": 1,
        "researchAndDevelopmentExpenses": 0,
        "generalAndAdministrativeExpenses": 0,
        "sellingAndMarketingExpenses": 0,
        "sellingGeneralAndAdministrativeExpenses": 0,
        "otherExpenses": -535552000,
        "operatingExpenses": -535552000,
        "costAndExpenses": 535552000,
        "interestIncome": 0,
        "interestExpense": 39009000,
        "depreciationAndAmortization": 769000,
        "ebitda": 2191079000,
        "ebitdaratio": 0.8146756046,
        "operatingIncome": 2153959000,
        "operatingIncomeRatio": 0.8008738391,
        "totalOtherIncomeExpensesNet": 0,
        "incomeBeforeTax": 2153959000,
        "incomeBeforeTaxRatio": 0.8008738391,
        "incomeTaxExpense": -34284000,
        "netIncome": 2188257000,
        "netIncomeRatio": 0.8136263432,
        "eps": 23.4,
        "epsdiluted": 23.23,
        "weightedAverageShsOut": 93517463,
        "weightedAverageShsOutDil": 94193669,
        "link": "https://www.sec.gov/Archives/edgar/data/874501/000119312509229524/0001193125-09-229524-index.htm",
        "finalLink": "https://www.sec.gov/Archives/edgar/data/874501/000119312509229524/d10q.htm"
    },
    {
        "date": "2009-06-30",
        "symbol": "AMBC",
        "reportedCurrency": "USD",
        "cik": "0000874501",
        "fillingDate": "2009-08-10",
        "acceptedDate": "2009-08-10 17:17:28",
        "calendarYear": "2009",
        "period": "Q2",
        "revenue": -476881000,
        "costOfRevenue": 502202000,
        "grossProfit": -979083000,
        "grossProfitRatio": 2.0530971039,
        "researchAndDevelopmentExpenses": 0,
        "generalAndAdministrativeExpenses": 0,
        "sellingAndMarketingExpenses": 0,
        "sellingGeneralAndAdministrativeExpenses": 3337000,
        "otherExpenses": 48861000,
        "operatingExpenses": 48861000,
        "costAndExpenses": 1320490000,
        "interestIncome": 0,
        "interestExpense": 40578000,
        "depreciationAndAmortization": 744000,
        "ebitda": -1794922000,
        "ebitdaratio": 3.7638782002,
        "operatingIncome": -1822692000,
        "operatingIncomeRatio": 3.8221107572,
        "totalOtherIncomeExpensesNet": -11000,
        "incomeBeforeTax": -1822692000,
        "incomeBeforeTaxRatio": 3.8221107572,
        "incomeTaxExpense": 573861000,
        "netIncome": -2396564000,
        "netIncomeRatio": 5.0254969269,
        "eps": -25.63,
        "epsdiluted": -25.44,
        "weightedAverageShsOut": 93517463,
        "weightedAverageShsOutDil": 94193669,
        "link": "https://www.sec.gov/Archives/edgar/data/874501/000119312509170852/0001193125-09-170852-index.htm",
        "finalLink": "https://www.sec.gov/Archives/edgar/data/874501/000119312509170852/d10q.htm"
    },
    {
        "date": "2009-03-31",
        "symbol": "AMBC",
        "reportedCurrency": "USD",
        "cik": "0000874501",
        "fillingDate": "2009-05-18",
        "acceptedDate": "2009-05-18 13:42:14",
        "calendarYear": "2009",
        "period": "Q1",
        "revenue": 1129521000,
        "costOfRevenue": 0,
        "grossProfit": 1129521000,
        "grossProfitRatio": 1,
        "researchAndDevelopmentExpenses": 0,
        "generalAndAdministrativeExpenses": 0,
        "sellingAndMarketingExpenses": 0,
        "sellingGeneralAndAdministrativeExpenses": 33867000,
        "otherExpenses": 56637000,
        "operatingExpenses": 56637000,
        "costAndExpenses": 849821000,
        "interestIncome": 0,
        "interestExpense": 15536000,
        "depreciationAndAmortization": 710000,
        "ebitda": 279700000,
        "ebitdaratio": 0.2476270915,
        "operatingIncome": 279700000,
        "operatingIncomeRatio": 0.2476270915,
        "totalOtherIncomeExpensesNet": 0,
        "incomeBeforeTax": 279700000,
        "incomeBeforeTaxRatio": 0.2476270915,
        "incomeTaxExpense": 671900000,
        "netIncome": -392187000,
        "netIncomeRatio": -0.347215324,
        "eps": -4.19,
        "epsdiluted": -4.16,
        "weightedAverageShsOut": 93517463,
        "weightedAverageShsOutDil": 94193669,
        "link": "https://www.sec.gov/Archives/edgar/data/874501/000119312509113834/0001193125-09-113834-index.htm",
        "finalLink": "https://www.sec.gov/Archives/edgar/data/874501/000119312509113834/d10q.htm"
    },
    {
        "date": "2008-12-31",
        "symbol": "AMBC",
        "reportedCurrency": "USD",
        "cik": "0000874501",
        "fillingDate": "2009-03-16",
        "acceptedDate": "2009-03-16 12:01:15",
        "calendarYear": "2008",
        "period": "Q4",
        "revenue": -202236000,
        "costOfRevenue": 214983000,
        "grossProfit": -417219000,
        "grossProfitRatio": 2.063030321,
        "researchAndDevelopmentExpenses": 0,
        "generalAndAdministrativeExpenses": 0,
        "sellingAndMarketingExpenses": 0,
        "sellingGeneralAndAdministrativeExpenses": -39997000,
        "otherExpenses": 256193000,
        "operatingExpenses": 216196000,
        "costAndExpenses": 1060911000,
        "interestIncome": 0,
        "interestExpense": 155423000,
        "depreciationAndAmortization": 746000,
        "ebitda": -1106978000,
        "ebitdaratio": 5.4736941,
        "operatingIncome": -1263147000,
        "operatingIncomeRatio": 6.2459057735,
        "totalOtherIncomeExpensesNet": -319635000,
        "incomeBeforeTax": -1263147000,
        "incomeBeforeTaxRatio": 6.2459057735,
        "incomeTaxExpense": 1077670000,
        "netIncome": -2340817000,
        "netIncomeRatio": 11.5746800767,
        "eps": -25.03,
        "epsdiluted": -24.85,
        "weightedAverageShsOut": 93517463,
        "weightedAverageShsOutDil": 94193669,
        "link": "https://www.sec.gov/Archives/edgar/data/874501/000119312509054939/0001193125-09-054939-index.htm",
        "finalLink": "https://www.sec.gov/Archives/edgar/data/874501/000119312509054939/d10k.htm"
    },
    {
        "date": "2008-09-30",
        "symbol": "AMBC",
        "reportedCurrency": "USD",
        "cik": "0000874501",
        "fillingDate": "2008-11-10",
        "acceptedDate": "2008-11-10 16:49:43",
        "calendarYear": "2008",
        "period": "Q3",
        "revenue": -2320433000,
        "costOfRevenue": 2320433000,
        "grossProfit": -4640866000,
        "grossProfitRatio": 2,
        "researchAndDevelopmentExpenses": 0,
        "generalAndAdministrativeExpenses": 0,
        "sellingAndMarketingExpenses": 0,
        "sellingGeneralAndAdministrativeExpenses": 39997000,
        "otherExpenses": 46896000,
        "operatingExpenses": 46896000,
        "costAndExpenses": 751476000,
        "interestIncome": 0,
        "interestExpense": 83385000,
        "depreciationAndAmortization": 809000,
        "ebitda": -3071909000,
        "ebitdaratio": 1.323851626,
        "operatingIncome": -3071909000,
        "operatingIncomeRatio": 1.323851626,
        "totalOtherIncomeExpensesNet": -155000,
        "incomeBeforeTax": -3071909000,
        "incomeBeforeTaxRatio": 1.323851626,
        "incomeTaxExpense": -640687000,
        "netIncome": -2431222000,
        "netIncomeRatio": 1.0477449683,
        "eps": -26,
        "epsdiluted": -25.81,
        "weightedAverageShsOut": 93517463,
        "weightedAverageShsOutDil": 94193669,
        "link": "https://www.sec.gov/Archives/edgar/data/874501/000119312508231895/0001193125-08-231895-index.htm",
        "finalLink": "https://www.sec.gov/Archives/edgar/data/874501/000119312508231895/d10q.htm"
    },
    {
        "date": "2008-06-30",
        "symbol": "AMBC",
        "reportedCurrency": "USD",
        "cik": "0000874501",
        "fillingDate": "2008-08-11",
        "acceptedDate": "2008-08-11 15:39:02",
        "calendarYear": "2008",
        "period": "Q2",
        "revenue": 1331822000,
        "costOfRevenue": 0,
        "grossProfit": 1331822000,
        "grossProfitRatio": 1,
        "researchAndDevelopmentExpenses": 0,
        "generalAndAdministrativeExpenses": 0,
        "sellingAndMarketingExpenses": 0,
        "sellingGeneralAndAdministrativeExpenses": 0,
        "otherExpenses": 61953000,
        "operatingExpenses": 61953000,
        "costAndExpenses": -175563000,
        "interestIncome": 0,
        "interestExpense": 91368000,
        "depreciationAndAmortization": 1702000,
        "ebitda": 1507385000,
        "ebitdaratio": 1.1318216699,
        "operatingIncome": 1156259000,
        "operatingIncomeRatio": 0.8681783301,
        "totalOtherIncomeExpensesNet": 0,
        "incomeBeforeTax": 1507385000,
        "incomeBeforeTaxRatio": 1.1318216699,
        "incomeTaxExpense": 684251000,
        "netIncome": 823134000,
        "netIncomeRatio": 0.6180510609,
        "eps": 8.8,
        "epsdiluted": 8.74,
        "weightedAverageShsOut": 93517463,
        "weightedAverageShsOutDil": 94193669,
        "link": "https://www.sec.gov/Archives/edgar/data/874501/000119312508173349/0001193125-08-173349-index.htm",
        "finalLink": "https://www.sec.gov/Archives/edgar/data/874501/000119312508173349/d10q.htm"
    },
    {
        "date": "2008-03-31",
        "symbol": "AMBC",
        "reportedCurrency": "USD",
        "cik": "0000874501",
        "fillingDate": "2008-05-12",
        "acceptedDate": "2008-05-12 17:11:15",
        "calendarYear": "2008",
        "period": "Q1",
        "revenue": -1562639000,
        "costOfRevenue": 1566028000,
        "grossProfit": -3128667000,
        "grossProfitRatio": 2.0021687671,
        "researchAndDevelopmentExpenses": 0,
        "generalAndAdministrativeExpenses": 0,
        "sellingAndMarketingExpenses": 0,
        "sellingGeneralAndAdministrativeExpenses": 40453000,
        "otherExpenses": 48982000,
        "operatingExpenses": 48982000,
        "costAndExpenses": 1228145000,
        "interestIncome": 0,
        "interestExpense": 27934000,
        "depreciationAndAmortization": -96000,
        "ebitda": -1615010000,
        "ebitdaratio": 1.0335144586,
        "operatingIncome": -2759293000,
        "operatingIncomeRatio": 1.7657904353,
        "totalOtherIncomeExpensesNet": -1175695000,
        "incomeBeforeTax": -2790784000,
        "incomeBeforeTaxRatio": 1.7859428825,
        "incomeTaxExpense": -1130441000,
        "netIncome": -1660343000,
        "netIncomeRatio": 1.0625249978,
        "eps": -11.69,
        "epsdiluted": -11.69,
        "weightedAverageShsOut": 142032462,
        "weightedAverageShsOutDil": 142032462,
        "link": "https://www.sec.gov/Archives/edgar/data/874501/000119312508111759/0001193125-08-111759-index.htm",
        "finalLink": "https://www.sec.gov/Archives/edgar/data/874501/000119312508111759/d10q.htm"
    },
    {
        "date": "2007-12-31",
        "symbol": "AMBC",
        "reportedCurrency": "USD",
        "cik": "0000874501",
        "fillingDate": "2008-02-29",
        "acceptedDate": "2008-02-29 17:20:22",
        "calendarYear": "2007",
        "period": "Q4",
        "revenue": -4788351000,
        "costOfRevenue": 4788351000,
        "grossProfit": -9576702000,
        "grossProfitRatio": 2,
        "researchAndDevelopmentExpenses": 0,
        "generalAndAdministrativeExpenses": 0,
        "sellingAndMarketingExpenses": 0,
        "sellingGeneralAndAdministrativeExpenses": 0,
        "otherExpenses": 139344000,
        "operatingExpenses": 139344000,
        "costAndExpenses": 384960000,
        "interestIncome": 0,
        "interestExpense": 446755000,
        "depreciationAndAmortization": 760000,
        "ebitda": -1522274000,
        "ebitdaratio": 0.3179119492,
        "operatingIncome": -4928394000,
        "operatingIncomeRatio": 1.0292466028,
        "totalOtherIncomeExpensesNet": -244917000,
        "incomeBeforeTax": -5173311000,
        "incomeBeforeTaxRatio": 1.0803951089,
        "incomeTaxExpense": -1899387000,
        "netIncome": -3273924000,
        "netIncomeRatio": 0.6837268195,
        "eps": -23.05,
        "epsdiluted": -23.05,
        "weightedAverageShsOut": 142032462,
        "weightedAverageShsOutDil": 142032462,
        "link": "https://www.sec.gov/Archives/edgar/data/874501/000119312508043920/0001193125-08-043920-index.htm",
        "finalLink": "https://www.sec.gov/Archives/edgar/data/874501/000119312508043920/d10k.htm"
    },
    {
        "date": "2007-09-30",
        "symbol": "AMBC",
        "reportedCurrency": "USD",
        "cik": "0000874501",
        "fillingDate": "2007-11-09",
        "acceptedDate": "2007-11-09 13:12:53",
        "calendarYear": "2007",
        "period": "Q3",
        "revenue": -299817000,
        "costOfRevenue": 304148000,
        "grossProfit": -603965000,
        "grossProfitRatio": 2.0144454784,
        "researchAndDevelopmentExpenses": 0,
        "generalAndAdministrativeExpenses": 0,
        "sellingAndMarketingExpenses": 0,
        "sellingGeneralAndAdministrativeExpenses": 25089000,
        "otherExpenses": 34576000,
        "operatingExpenses": 34576000,
        "costAndExpenses": 193911000,
        "interestIncome": 0,
        "interestExpense": 22232000,
        "depreciationAndAmortization": 746000,
        "ebitda": -338724000,
        "ebitdaratio": 1.1297691592,
        "operatingIncome": -472663000,
        "operatingIncomeRatio": 1.5765050014,
        "totalOtherIncomeExpensesNet": -156171000,
        "incomeBeforeTax": -494895000,
        "incomeBeforeTaxRatio": 1.6506569007,
        "incomeTaxExpense": -134282000,
        "netIncome": -360613000,
        "netIncomeRatio": 1.2027770273,
        "eps": -3.53,
        "epsdiluted": -3.53,
        "weightedAverageShsOut": 102297811,
        "weightedAverageShsOutDil": 102297811,
        "link": "https://www.sec.gov/Archives/edgar/data/874501/000119312507241938/0001193125-07-241938-index.htm",
        "finalLink": "https://www.sec.gov/Archives/edgar/data/874501/000119312507241938/d10q.htm"
    },
    {
        "date": "2007-06-30",
        "symbol": "AMBC",
        "reportedCurrency": "USD",
        "cik": "0000874501",
        "fillingDate": "2007-08-09",
        "acceptedDate": "2007-08-09 14:33:28",
        "calendarYear": "2007",
        "period": "Q2",
        "revenue": 412580000,
        "costOfRevenue": 3117000,
        "grossProfit": 409463000,
        "grossProfitRatio": 0.9924451016,
        "researchAndDevelopmentExpenses": 0,
        "generalAndAdministrativeExpenses": 0,
        "sellingAndMarketingExpenses": 0,
        "sellingGeneralAndAdministrativeExpenses": 0,
        "otherExpenses": 33438000,
        "operatingExpenses": 33438000,
        "costAndExpenses": 180530000,
        "interestIncome": 0,
        "interestExpense": 22091000,
        "depreciationAndAmortization": 1616000,
        "ebitda": 376025000,
        "ebitdaratio": 0.9113990014,
        "operatingIncome": 254141000,
        "operatingIncomeRatio": 0.6159799312,
        "totalOtherIncomeExpensesNet": -143975000,
        "incomeBeforeTax": 232050000,
        "incomeBeforeTaxRatio": 0.562436376,
        "incomeTaxExpense": 59013000,
        "netIncome": 173037000,
        "netIncomeRatio": 0.4194022977,
        "eps": 1.69,
        "epsdiluted": 1.67,
        "weightedAverageShsOut": 102557554,
        "weightedAverageShsOutDil": 103442086,
        "link": "https://www.sec.gov/Archives/edgar/data/874501/000119312507177238/0001193125-07-177238-index.htm",
        "finalLink": "https://www.sec.gov/Archives/edgar/data/874501/000119312507177238/d10q.htm"
    },
    {
        "date": "2007-03-31",
        "symbol": "AMBC",
        "reportedCurrency": "USD",
        "cik": "0000874501",
        "fillingDate": "2007-05-10",
        "acceptedDate": "2007-05-10 11:27:29",
        "calendarYear": "2007",
        "period": "Q1",
        "revenue": 461829000,
        "costOfRevenue": 3288000,
        "grossProfit": 458541000,
        "grossProfitRatio": 0.9928804817,
        "researchAndDevelopmentExpenses": 0,
        "generalAndAdministrativeExpenses": 0,
        "sellingAndMarketingExpenses": 0,
        "sellingGeneralAndAdministrativeExpenses": 0,
        "otherExpenses": 36376000,
        "operatingExpenses": 36376000,
        "costAndExpenses": 172589000,
        "interestIncome": 0,
        "interestExpense": 19289000,
        "depreciationAndAmortization": 816000,
        "ebitda": 309345000,
        "ebitdaratio": 0.6698258446,
        "operatingIncome": 422165000,
        "operatingIncomeRatio": 0.9141153977,
        "totalOtherIncomeExpensesNet": -132925000,
        "incomeBeforeTax": 289240000,
        "incomeBeforeTaxRatio": 0.6262924156,
        "incomeTaxExpense": 75897000,
        "netIncome": 213343000,
        "netIncomeRatio": 0.4619523677,
        "eps": 2.04,
        "epsdiluted": 2.02,
        "weightedAverageShsOut": 104643529,
        "weightedAverageShsOutDil": 105600555,
        "link": "https://www.sec.gov/Archives/edgar/data/874501/000119312507109601/0001193125-07-109601-index.htm",
        "finalLink": "https://www.sec.gov/Archives/edgar/data/874501/000119312507109601/d10q.htm"
    },
    {
        "date": "2006-12-31",
        "symbol": "AMBC",
        "reportedCurrency": "USD",
        "cik": "0000874501",
        "fillingDate": "2007-03-01",
        "acceptedDate": "2007-03-01 13:11:25",
        "calendarYear": "2006",
        "period": "Q4",
        "revenue": 416930000,
        "costOfRevenue": 0,
        "grossProfit": 416930000,
        "grossProfitRatio": 1,
        "researchAndDevelopmentExpenses": 0,
        "generalAndAdministrativeExpenses": 0,
        "sellingAndMarketingExpenses": 0,
        "sellingGeneralAndAdministrativeExpenses": 0,
        "otherExpenses": 133740000,
        "operatingExpenses": 133740000,
        "costAndExpenses": 132470000,
        "interestIncome": 0,
        "interestExpense": 339439000,
        "depreciationAndAmortization": 1382000,
        "ebitda": 625281000,
        "ebitdaratio": 1.4997265728,
        "operatingIncome": 188701000,
        "operatingIncomeRatio": 0.4525963591,
        "totalOtherIncomeExpensesNet": 582936000,
        "incomeBeforeTax": 284460000,
        "incomeBeforeTaxRatio": 0.6822728036,
        "incomeTaxExpense": 81782000,
        "netIncome": 202678000,
        "netIncomeRatio": 0.4861199722,
        "eps": 1.94,
        "epsdiluted": 1.92,
        "weightedAverageShsOut": 104643529,
        "weightedAverageShsOutDil": 105600555,
        "link": "https://www.sec.gov/Archives/edgar/data/874501/000119312507043958/0001193125-07-043958-index.htm",
        "finalLink": "https://www.sec.gov/Archives/edgar/data/874501/000119312507043958/d10k.htm"
    },
    {
        "date": "2006-09-30",
        "symbol": "AMBC",
        "reportedCurrency": "USD",
        "cik": "0000874501",
        "fillingDate": "2006-11-08",
        "acceptedDate": "2006-11-08 14:35:20",
        "calendarYear": "2006",
        "period": "Q3",
        "revenue": 460307000,
        "costOfRevenue": 3119000,
        "grossProfit": 457188000,
        "grossProfitRatio": 0.9932240874,
        "researchAndDevelopmentExpenses": 0,
        "generalAndAdministrativeExpenses": 0,
        "sellingAndMarketingExpenses": 0,
        "sellingGeneralAndAdministrativeExpenses": 0,
        "otherExpenses": 30192000,
        "operatingExpenses": 30192000,
        "costAndExpenses": 163158000,
        "interestIncome": 0,
        "interestExpense": 32228000,
        "depreciationAndAmortization": 2204000,
        "ebitda": 426996000,
        "ebitdaratio": 0.9276330797,
        "operatingIncome": 329377000,
        "operatingIncomeRatio": 0.7155593984,
        "totalOtherIncomeExpensesNet": -129847000,
        "incomeBeforeTax": 297149000,
        "incomeBeforeTaxRatio": 0.6455452557,
        "incomeTaxExpense": 83626000,
        "netIncome": 213523000,
        "netIncomeRatio": 0.4638708514,
        "eps": 2,
        "epsdiluted": 1.98,
        "weightedAverageShsOut": 106725567,
        "weightedAverageShsOutDil": 107737122,
        "link": "https://www.sec.gov/Archives/edgar/data/874501/000119312506228162/0001193125-06-228162-index.htm",
        "finalLink": "https://www.sec.gov/Archives/edgar/data/874501/000119312506228162/d10q.htm"
    },
    {
        "date": "2006-06-30",
        "symbol": "AMBC",
        "reportedCurrency": "USD",
        "cik": "0000874501",
        "fillingDate": "2006-08-09",
        "acceptedDate": "2006-08-09 11:34:16",
        "calendarYear": "2006",
        "period": "Q2",
        "revenue": 500925000,
        "costOfRevenue": 0,
        "grossProfit": 500925000,
        "grossProfitRatio": 1,
        "researchAndDevelopmentExpenses": 0,
        "generalAndAdministrativeExpenses": 0,
        "sellingAndMarketingExpenses": 0,
        "sellingGeneralAndAdministrativeExpenses": 0,
        "otherExpenses": 31871000,
        "operatingExpenses": 31871000,
        "costAndExpenses": 173962000,
        "interestIncome": 0,
        "interestExpense": 121966000,
        "depreciationAndAmortization": 1945000,
        "ebitda": 348383000,
        "ebitdaratio": 0.6954793632,
        "operatingIncome": 448929000,
        "operatingIncomeRatio": 0.8962000299,
        "totalOtherIncomeExpensesNet": -121966000,
        "incomeBeforeTax": 326963000,
        "incomeBeforeTaxRatio": 0.6527184708,
        "incomeTaxExpense": 88393000,
        "netIncome": 238570000,
        "netIncomeRatio": 0.476258921,
        "eps": 2.24,
        "epsdiluted": 2.22,
        "weightedAverageShsOut": 106485245,
        "weightedAverageShsOutDil": 107450639,
        "link": "https://www.sec.gov/Archives/edgar/data/874501/000119312506167137/0001193125-06-167137-index.htm",
        "finalLink": "https://www.sec.gov/Archives/edgar/data/874501/000119312506167137/d10q.htm"
    },
    {
        "date": "2006-03-31",
        "symbol": "AMBC",
        "reportedCurrency": "USD",
        "cik": "0000874501",
        "fillingDate": "2006-05-10",
        "acceptedDate": "2006-05-10 12:51:46",
        "calendarYear": "2006",
        "period": "Q1",
        "revenue": 453942000,
        "costOfRevenue": 0,
        "grossProfit": 453942000,
        "grossProfitRatio": 1,
        "researchAndDevelopmentExpenses": 0,
        "generalAndAdministrativeExpenses": 0,
        "sellingAndMarketingExpenses": 0,
        "sellingGeneralAndAdministrativeExpenses": 0,
        "otherExpenses": 37896000,
        "operatingExpenses": 37896000,
        "costAndExpenses": 152301000,
        "interestIncome": 0,
        "interestExpense": 94440000,
        "depreciationAndAmortization": 622000,
        "ebitda": 321791000,
        "ebitdaratio": 0.7088813108,
        "operatingIncome": 396081000,
        "operatingIncomeRatio": 0.8725365796,
        "totalOtherIncomeExpensesNet": -94440000,
        "incomeBeforeTax": 301641000,
        "incomeBeforeTaxRatio": 0.6644923801,
        "incomeTaxExpense": 80501000,
        "netIncome": 221140000,
        "netIncomeRatio": 0.4871547466,
        "eps": 2.08,
        "epsdiluted": 2.06,
        "weightedAverageShsOut": 106438758,
        "weightedAverageShsOutDil": 107430787,
        "link": "https://www.sec.gov/Archives/edgar/data/874501/000119312506107111/0001193125-06-107111-index.htm",
        "finalLink": "https://www.sec.gov/Archives/edgar/data/874501/000119312506107111/d10q.htm"
    },
    {
        "date": "2005-12-31",
        "symbol": "AMBC",
        "reportedCurrency": "USD",
        "cik": "0000874501",
        "fillingDate": "2006-03-13",
        "acceptedDate": "2006-03-13 15:58:39",
        "calendarYear": "2005",
        "period": "Q4",
        "revenue": 429748000,
        "costOfRevenue": 0,
        "grossProfit": 429748000,
        "grossProfitRatio": 1,
        "researchAndDevelopmentExpenses": 0,
        "generalAndAdministrativeExpenses": 0,
        "sellingAndMarketingExpenses": 0,
        "sellingGeneralAndAdministrativeExpenses": 0,
        "otherExpenses": 117809000,
        "operatingExpenses": 117809000,
        "costAndExpenses": 146844000,
        "interestIncome": 0,
        "interestExpense": 131167000,
        "depreciationAndAmortization": 1228000,
        "ebitda": 415299000,
        "ebitdaratio": 0.9663779703,
        "operatingIncome": 414071000,
        "operatingIncomeRatio": 0.9635204818,
        "totalOtherIncomeExpensesNet": 179981000,
        "incomeBeforeTax": 282904000,
        "incomeBeforeTaxRatio": 0.6583020747,
        "incomeTaxExpense": 78652000,
        "netIncome": 204252000,
        "netIncomeRatio": 0.4752831892,
        "eps": 1.92,
        "epsdiluted": 1.9,
        "weightedAverageShsOut": 106438758,
        "weightedAverageShsOutDil": 107430787,
        "link": "https://www.sec.gov/Archives/edgar/data/874501/000119312506052262/0001193125-06-052262-index.htm",
        "finalLink": "https://www.sec.gov/Archives/edgar/data/874501/000119312506052262/d10k.htm"
    },
    {
        "date": "2005-09-30",
        "symbol": "AMBC",
        "reportedCurrency": "USD",
        "cik": "0000874501",
        "fillingDate": "2005-11-09",
        "acceptedDate": "2005-11-09 13:27:50",
        "calendarYear": "2005",
        "period": "Q3",
        "revenue": 438260000,
        "costOfRevenue": 0,
        "grossProfit": 438260000,
        "grossProfitRatio": 1,
        "researchAndDevelopmentExpenses": 0,
        "generalAndAdministrativeExpenses": 0,
        "sellingAndMarketingExpenses": 0,
        "sellingGeneralAndAdministrativeExpenses": 0,
        "otherExpenses": 27844000,
        "operatingExpenses": 27844000,
        "costAndExpenses": 211282000,
        "interestIncome": 0,
        "interestExpense": 76229000,
        "depreciationAndAmortization": -2082000,
        "ebitda": 175117000,
        "ebitdaratio": 0.3995733126,
        "operatingIncome": 175117000,
        "operatingIncomeRatio": 0.3995733126,
        "totalOtherIncomeExpensesNet": 51861000,
        "incomeBeforeTax": 226978000,
        "incomeBeforeTaxRatio": 0.5179071784,
        "incomeTaxExpense": 51861000,
        "netIncome": 175117000,
        "netIncomeRatio": 0.3995733126,
        "eps": 1.63,
        "epsdiluted": 1.61,
        "weightedAverageShsOut": 107392176,
        "weightedAverageShsOutDil": 108484035,
        "link": "https://www.sec.gov/Archives/edgar/data/874501/000119312505221214/0001193125-05-221214-index.htm",
        "finalLink": "https://www.sec.gov/Archives/edgar/data/874501/000119312505221214/d10q.htm"
    },
    {
        "date": "2005-06-30",
        "symbol": "AMBC",
        "reportedCurrency": "USD",
        "cik": "0000874501",
        "fillingDate": "2005-08-09",
        "acceptedDate": "2005-08-09 12:22:29",
        "calendarYear": "2005",
        "period": "Q2",
        "revenue": 402879000,
        "costOfRevenue": 0,
        "grossProfit": 402879000,
        "grossProfitRatio": 1,
        "researchAndDevelopmentExpenses": 0,
        "generalAndAdministrativeExpenses": 0,
        "sellingAndMarketingExpenses": 0,
        "sellingGeneralAndAdministrativeExpenses": 0,
        "otherExpenses": 28692000,
        "operatingExpenses": 28692000,
        "costAndExpenses": 141969000,
        "interestIncome": 0,
        "interestExpense": 70912000,
        "depreciationAndAmortization": 1711000,
        "ebitda": 186098000,
        "ebitdaratio": 0.4619203284,
        "operatingIncome": 331822000,
        "operatingIncomeRatio": 0.8236269451,
        "totalOtherIncomeExpensesNet": 74812000,
        "incomeBeforeTax": 260910000,
        "incomeBeforeTaxRatio": 0.6476137997,
        "incomeTaxExpense": 74812000,
        "netIncome": 186098000,
        "netIncomeRatio": 0.4619203284,
        "eps": 1.71,
        "epsdiluted": 1.69,
        "weightedAverageShsOut": 109098498,
        "weightedAverageShsOutDil": 110327148,
        "link": "https://www.sec.gov/Archives/edgar/data/874501/000119312505162138/0001193125-05-162138-index.htm",
        "finalLink": "https://www.sec.gov/Archives/edgar/data/874501/000119312505162138/d10q.htm"
    },
    {
        "date": "2005-03-31",
        "symbol": "AMBC",
        "reportedCurrency": "USD",
        "cik": "0000874501",
        "fillingDate": "2005-05-10",
        "acceptedDate": "2005-05-10 09:57:55",
        "calendarYear": "2005",
        "period": "Q1",
        "revenue": 390820000,
        "costOfRevenue": 0,
        "grossProfit": 390820000,
        "grossProfitRatio": 1,
        "researchAndDevelopmentExpenses": 0,
        "generalAndAdministrativeExpenses": 0,
        "sellingAndMarketingExpenses": 0,
        "sellingGeneralAndAdministrativeExpenses": 0,
        "otherExpenses": 33403000,
        "operatingExpenses": 33403000,
        "costAndExpenses": 138848000,
        "interestIncome": 0,
        "interestExpense": 64293000,
        "depreciationAndAmortization": 694000,
        "ebitda": 316959000,
        "ebitdaratio": 0.8110101837,
        "operatingIncome": 316265000,
        "operatingIncomeRatio": 0.8092344302,
        "totalOtherIncomeExpensesNet": 66429000,
        "incomeBeforeTax": 251972000,
        "incomeBeforeTaxRatio": 0.6447264725,
        "incomeTaxExpense": 66429000,
        "netIncome": 185543000,
        "netIncomeRatio": 0.4747530833,
        "eps": 1.68,
        "epsdiluted": 1.66,
        "weightedAverageShsOut": 110191422,
        "weightedAverageShsOutDil": 111772811,
        "link": "https://www.sec.gov/Archives/edgar/data/874501/000119312505101990/0001193125-05-101990-index.htm",
        "finalLink": "https://www.sec.gov/Archives/edgar/data/874501/000119312505101990/d10q.htm"
    },
    {
        "date": "2004-12-31",
        "symbol": "AMBC",
        "reportedCurrency": "USD",
        "cik": "0000874501",
        "fillingDate": "2005-03-15",
        "acceptedDate": "2005-03-15 11:51:29",
        "calendarYear": "2004",
        "period": "Q4",
        "revenue": 365171000,
        "costOfRevenue": 0,
        "grossProfit": 365171000,
        "grossProfitRatio": 1,
        "researchAndDevelopmentExpenses": 0,
        "generalAndAdministrativeExpenses": 0,
        "sellingAndMarketingExpenses": 0,
        "sellingGeneralAndAdministrativeExpenses": 0,
        "otherExpenses": -47523000,
        "operatingExpenses": -47523000,
        "costAndExpenses": 110018000,
        "interestIncome": 0,
        "interestExpense": 62495000,
        "depreciationAndAmortization": -616000,
        "ebitda": 317032000,
        "ebitdaratio": 0.8681740883,
        "operatingIncome": 317648000,
        "operatingIncomeRatio": 0.8698609692,
        "totalOtherIncomeExpensesNet": 255153000,
        "incomeBeforeTax": 255153000,
        "incomeBeforeTaxRatio": 0.6987219686,
        "incomeTaxExpense": 66382000,
        "netIncome": 188771000,
        "netIncomeRatio": 0.5169386397,
        "eps": 1.71,
        "epsdiluted": 1.69,
        "weightedAverageShsOut": 110191422,
        "weightedAverageShsOutDil": 111772811,
        "link": "https://www.sec.gov/Archives/edgar/data/874501/000119312505050525/0001193125-05-050525-index.htm",
        "finalLink": "https://www.sec.gov/Archives/edgar/data/874501/000119312505050525/d10k.htm"
    },
    {
        "date": "2004-09-30",
        "symbol": "AMBC",
        "reportedCurrency": "USD",
        "cik": "0000874501",
        "fillingDate": "2004-11-09",
        "acceptedDate": "2004-11-09 11:12:36",
        "calendarYear": "2004",
        "period": "Q3",
        "revenue": 352131000,
        "costOfRevenue": 0,
        "grossProfit": 352131000,
        "grossProfitRatio": 1,
        "researchAndDevelopmentExpenses": 0,
        "generalAndAdministrativeExpenses": 0,
        "sellingAndMarketingExpenses": 0,
        "sellingGeneralAndAdministrativeExpenses": 0,
        "otherExpenses": 26157000,
        "operatingExpenses": 26157000,
        "costAndExpenses": 106081000,
        "interestIncome": 0,
        "interestExpense": 55458000,
        "depreciationAndAmortization": 469000,
        "ebitda": 184418000,
        "ebitdaratio": 0.5237198656,
        "operatingIncome": 184418000,
        "operatingIncomeRatio": 0.5237198656,
        "totalOtherIncomeExpensesNet": 61632000,
        "incomeBeforeTax": 246050000,
        "incomeBeforeTaxRatio": 0.6987456373,
        "incomeTaxExpense": 61632000,
        "netIncome": 183459000,
        "netIncomeRatio": 0.5209964473,
        "eps": 1.67,
        "epsdiluted": 1.65,
        "weightedAverageShsOut": 109771249,
        "weightedAverageShsOutDil": 111107367,
        "link": "https://www.sec.gov/Archives/edgar/data/874501/000119312504190678/0001193125-04-190678-index.htm",
        "finalLink": "https://www.sec.gov/Archives/edgar/data/874501/000119312504190678/d10q.htm"
    },
    {
        "date": "2004-06-30",
        "symbol": "AMBC",
        "reportedCurrency": "USD",
        "cik": "0000874501",
        "fillingDate": "2004-08-09",
        "acceptedDate": "2004-08-09 11:44:16",
        "calendarYear": "2004",
        "period": "Q2",
        "revenue": 352026000,
        "costOfRevenue": 0,
        "grossProfit": 352026000,
        "grossProfitRatio": 1,
        "researchAndDevelopmentExpenses": 0,
        "generalAndAdministrativeExpenses": 0,
        "sellingAndMarketingExpenses": 0,
        "sellingGeneralAndAdministrativeExpenses": 0,
        "otherExpenses": 29246000,
        "operatingExpenses": 29246000,
        "costAndExpenses": 107568000,
        "interestIncome": 0,
        "interestExpense": 54139000,
        "depreciationAndAmortization": 1474000,
        "ebitda": 180896000,
        "ebitdaratio": 0.5138711345,
        "operatingIncome": 190319000,
        "operatingIncomeRatio": 0.5406390437,
        "totalOtherIncomeExpensesNet": 54139000,
        "incomeBeforeTax": 244458000,
        "incomeBeforeTaxRatio": 0.6944316613,
        "incomeTaxExpense": 63562000,
        "netIncome": 180710000,
        "netIncomeRatio": 0.5133427645,
        "eps": 1.65,
        "epsdiluted": 1.63,
        "weightedAverageShsOut": 109634527,
        "weightedAverageShsOutDil": 110924314,
        "link": "https://www.sec.gov/Archives/edgar/data/874501/000119312504135447/0001193125-04-135447-index.htm",
        "finalLink": "https://www.sec.gov/Archives/edgar/data/874501/000119312504135447/d10q.htm"
    },
    {
        "date": "2004-03-31",
        "symbol": "AMBC",
        "reportedCurrency": "USD",
        "cik": "0000874501",
        "fillingDate": "2004-05-10",
        "acceptedDate": "2004-05-10 10:54:23",
        "calendarYear": "2004",
        "period": "Q1",
        "revenue": 337380000,
        "costOfRevenue": 0,
        "grossProfit": 337380000,
        "grossProfitRatio": 1,
        "researchAndDevelopmentExpenses": 0,
        "generalAndAdministrativeExpenses": 0,
        "sellingAndMarketingExpenses": 0,
        "sellingGeneralAndAdministrativeExpenses": 0,
        "otherExpenses": 25654000,
        "operatingExpenses": 25654000,
        "costAndExpenses": 106259000,
        "interestIncome": 0,
        "interestExpense": 56317000,
        "depreciationAndAmortization": -2912000,
        "ebitda": 171755000,
        "ebitdaratio": 0.5090847116,
        "operatingIncome": 202054000,
        "operatingIncomeRatio": 0.5988914577,
        "totalOtherIncomeExpensesNet": 59366000,
        "incomeBeforeTax": 231121000,
        "incomeBeforeTaxRatio": 0.6850465351,
        "incomeTaxExpense": 59366000,
        "netIncome": 171611000,
        "netIncomeRatio": 0.5086578932,
        "eps": 1.57,
        "epsdiluted": 1.55,
        "weightedAverageShsOut": 108990437,
        "weightedAverageShsOutDil": 110397003,
        "link": "https://www.sec.gov/Archives/edgar/data/874501/000119312504083174/0001193125-04-083174-index.htm",
        "finalLink": "https://www.sec.gov/Archives/edgar/data/874501/000119312504083174/d10q.htm"
    },
    {
        "date": "2003-12-31",
        "symbol": "AMBC",
        "reportedCurrency": "USD",
        "cik": "0000874501",
        "fillingDate": "2004-03-15",
        "acceptedDate": "2004-03-15 11:31:46",
        "calendarYear": "2003",
        "period": "Q4",
        "revenue": 329057000,
        "costOfRevenue": 0,
        "grossProfit": 329057000,
        "grossProfitRatio": 1,
        "researchAndDevelopmentExpenses": 0,
        "generalAndAdministrativeExpenses": 0,
        "sellingAndMarketingExpenses": 0,
        "sellingGeneralAndAdministrativeExpenses": 0,
        "otherExpenses": -130588000,
        "operatingExpenses": -130588000,
        "costAndExpenses": 97212000,
        "interestIncome": 0,
        "interestExpense": 60296000,
        "depreciationAndAmortization": 4147000,
        "ebitda": 287104000,
        "ebitdaratio": 0.8725053714,
        "operatingIncome": 198469000,
        "operatingIncomeRatio": 0.6031447439,
        "totalOtherIncomeExpensesNet": 33376000,
        "incomeBeforeTax": 231845000,
        "incomeBeforeTaxRatio": 0.7045739796,
        "incomeTaxExpense": 63909000,
        "netIncome": 158752000,
        "netIncomeRatio": 0.4824452906,
        "eps": 1.47,
        "epsdiluted": 1.44,
        "weightedAverageShsOut": 107769564,
        "weightedAverageShsOutDil": 110397003,
        "link": "https://www.sec.gov/Archives/edgar/data/874501/000119312504041753/0001193125-04-041753-index.htm",
        "finalLink": "https://www.sec.gov/Archives/edgar/data/874501/000119312504041753/d10k.htm"
    },
    {
        "date": "2003-09-30",
        "symbol": "AMBC",
        "reportedCurrency": "USD",
        "cik": "0000874501",
        "fillingDate": "2003-11-14",
        "acceptedDate": "2003-11-14 12:31:52",
        "calendarYear": "2003",
        "period": "Q3",
        "revenue": 324434000,
        "costOfRevenue": 0,
        "grossProfit": 324434000,
        "grossProfitRatio": 1,
        "researchAndDevelopmentExpenses": 0,
        "generalAndAdministrativeExpenses": 0,
        "sellingAndMarketingExpenses": 0,
        "sellingGeneralAndAdministrativeExpenses": 0,
        "otherExpenses": 23795000,
        "operatingExpenses": 23795000,
        "costAndExpenses": 108053000,
        "interestIncome": 0,
        "interestExpense": 59640000,
        "depreciationAndAmortization": 8850000,
        "ebitda": 284871000,
        "ebitdaratio": 0.878055321,
        "operatingIncome": 184241000,
        "operatingIncomeRatio": 0.5678843771,
        "totalOtherIncomeExpensesNet": 32826000,
        "incomeBeforeTax": 216381000,
        "incomeBeforeTaxRatio": 0.66694921,
        "incomeTaxExpense": 56712000,
        "netIncome": 159669000,
        "netIncomeRatio": 0.4921463225,
        "eps": 1.5,
        "epsdiluted": 1.45,
        "weightedAverageShsOut": 106779009,
        "weightedAverageShsOutDil": 109944141,
        "link": "https://www.sec.gov/Archives/edgar/data/874501/000119312503081514/0001193125-03-081514-index.htm",
        "finalLink": "https://www.sec.gov/Archives/edgar/data/874501/000119312503081514/d10q.htm"
    },
    {
        "date": "2003-06-30",
        "symbol": "AMBC",
        "reportedCurrency": "USD",
        "cik": "0000874501",
        "fillingDate": "2003-08-14",
        "acceptedDate": "2003-08-14 08:47:07",
        "calendarYear": "2003",
        "period": "Q2",
        "revenue": 324985000,
        "costOfRevenue": 0,
        "grossProfit": 324985000,
        "grossProfitRatio": 1,
        "researchAndDevelopmentExpenses": 0,
        "generalAndAdministrativeExpenses": 0,
        "sellingAndMarketingExpenses": 0,
        "sellingGeneralAndAdministrativeExpenses": 0,
        "otherExpenses": 21013000,
        "operatingExpenses": 21013000,
        "costAndExpenses": 105071000,
        "interestIncome": 0,
        "interestExpense": 64697000,
        "depreciationAndAmortization": 3989000,
        "ebitda": 288912000,
        "ebitdaratio": 0.8890010308,
        "operatingIncome": 284611000,
        "operatingIncomeRatio": 0.8757665738,
        "totalOtherIncomeExpensesNet": 220226000,
        "incomeBeforeTax": 219914000,
        "incomeBeforeTaxRatio": 0.6766896934,
        "incomeTaxExpense": 57343000,
        "netIncome": 162571000,
        "netIncomeRatio": 0.5002415496,
        "eps": 1.53,
        "epsdiluted": 1.48,
        "weightedAverageShsOut": 106428045,
        "weightedAverageShsOutDil": 109417451,
        "link": "https://www.sec.gov/Archives/edgar/data/874501/000119312503036866/0001193125-03-036866-index.htm",
        "finalLink": "https://www.sec.gov/Archives/edgar/data/874501/000119312503036866/d10q.htm"
    },
    {
        "date": "2003-03-31",
        "symbol": "AMBC",
        "reportedCurrency": "USD",
        "cik": "0000874501",
        "fillingDate": "2003-05-15",
        "acceptedDate": "2003-05-15 09:31:41",
        "calendarYear": "2003",
        "period": "Q1",
        "revenue": 293732000,
        "costOfRevenue": 0,
        "grossProfit": 293732000,
        "grossProfitRatio": 1,
        "researchAndDevelopmentExpenses": 0,
        "generalAndAdministrativeExpenses": 0,
        "sellingAndMarketingExpenses": 0,
        "sellingGeneralAndAdministrativeExpenses": 0,
        "otherExpenses": 22166000000,
        "operatingExpenses": 22166000000,
        "costAndExpenses": 112283000,
        "interestIncome": 0,
        "interestExpense": 65886000,
        "depreciationAndAmortization": 4540000,
        "ebitda": 252106000,
        "ebitdaratio": 0.8582857843,
        "operatingIncome": 247335000,
        "operatingIncomeRatio": 0.8420430869,
        "totalOtherIncomeExpensesNet": -65655000,
        "incomeBeforeTax": 181449000,
        "incomeBeforeTaxRatio": 0.6177365762,
        "incomeTaxExpense": 43526000,
        "netIncome": 137923000,
        "netIncomeRatio": 0.469553879,
        "eps": 1.3,
        "epsdiluted": 1.27,
        "weightedAverageShsOut": 106050379,
        "weightedAverageShsOutDil": 108737211,
        "link": "https://www.sec.gov/Archives/edgar/data/874501/000119312503005414/0001193125-03-005414-index.htm",
        "finalLink": "https://www.sec.gov/Archives/edgar/data/874501/000119312503005414/d10q.htm"
    },
    {
        "date": "2002-12-31",
        "symbol": "AMBC",
        "reportedCurrency": "USD",
        "cik": "0000874501",
        "fillingDate": "2003-03-28",
        "acceptedDate": "2003-03-28 15:27:05",
        "calendarYear": "2002",
        "period": "Q4",
        "revenue": 352532000,
        "costOfRevenue": 0,
        "grossProfit": 352532000,
        "grossProfitRatio": 1,
        "researchAndDevelopmentExpenses": 0,
        "generalAndAdministrativeExpenses": 0,
        "sellingAndMarketingExpenses": 0,
        "sellingGeneralAndAdministrativeExpenses": 0,
        "otherExpenses": -500297000,
        "operatingExpenses": -500297000,
        "costAndExpenses": 280461000,
        "interestIncome": 0,
        "interestExpense": 242772000,
        "depreciationAndAmortization": 5839000,
        "ebitda": 320682000,
        "ebitdaratio": 0.9096535917,
        "operatingIncome": -147765000,
        "operatingIncomeRatio": -0.4191534386,
        "totalOtherIncomeExpensesNet": 219836000,
        "incomeBeforeTax": 72071000,
        "incomeBeforeTaxRatio": 0.2044381787,
        "incomeTaxExpense": 7881000,
        "netIncome": 64190000,
        "netIncomeRatio": 0.1820827613,
        "eps": 0.61,
        "epsdiluted": 0.59,
        "weightedAverageShsOut": 106050379,
        "weightedAverageShsOutDil": 108737211,
        "link": "https://www.sec.gov/Archives/edgar/data/874501/000095013003002599/0000950130-03-002599-index.htm",
        "finalLink": "https://www.sec.gov/Archives/edgar/data/874501/000095013003002599/d10k.htm"
    },
    {
        "date": "2002-09-30",
        "symbol": "AMBC",
        "reportedCurrency": "USD",
        "cik": "0000874501",
        "fillingDate": "2002-11-14",
        "acceptedDate": "2002-11-14 09:39:26",
        "calendarYear": "2002",
        "period": "Q3",
        "revenue": 220401000,
        "costOfRevenue": 5380000,
        "grossProfit": 215021000,
        "grossProfitRatio": 0.9755899474,
        "researchAndDevelopmentExpenses": 0,
        "generalAndAdministrativeExpenses": 0,
        "sellingAndMarketingExpenses": 0,
        "sellingGeneralAndAdministrativeExpenses": 0,
        "otherExpenses": 18467000,
        "operatingExpenses": 18467000,
        "costAndExpenses": 42605000,
        "interestIncome": 0,
        "interestExpense": 10774000,
        "depreciationAndAmortization": 3055000,
        "ebitda": 13829000,
        "ebitdaratio": 0.0627447244,
        "operatingIncome": 188570000,
        "operatingIncomeRatio": 0.8555768803,
        "totalOtherIncomeExpensesNet": -10774000,
        "incomeBeforeTax": 177796000,
        "incomeBeforeTaxRatio": 0.8066932546,
        "incomeTaxExpense": 46105000,
        "netIncome": 131691000,
        "netIncomeRatio": 0.5975063634,
        "eps": 1.24,
        "epsdiluted": 1.21,
        "weightedAverageShsOut": 105865884,
        "weightedAverageShsOutDil": 108959876,
        "link": "https://www.sec.gov/Archives/edgar/data/874501/000095013002007887/0000950130-02-007887-index.htm",
        "finalLink": "https://www.sec.gov/Archives/edgar/data/874501/000095013002007887/d10q.htm"
    },
    {
        "date": "2002-06-30",
        "symbol": "AMBC",
        "reportedCurrency": "USD",
        "cik": "0000874501",
        "fillingDate": "2002-08-14",
        "acceptedDate": "2002-08-14 09:40:21",
        "calendarYear": "2002",
        "period": "Q2",
        "revenue": 201975000,
        "costOfRevenue": 5699000000,
        "grossProfit": -5497025000,
        "grossProfitRatio": -27.2163634113,
        "researchAndDevelopmentExpenses": 0,
        "generalAndAdministrativeExpenses": 0,
        "sellingAndMarketingExpenses": 0,
        "sellingGeneralAndAdministrativeExpenses": 0,
        "otherExpenses": 18603000000,
        "operatingExpenses": 18603000000,
        "costAndExpenses": 43033000,
        "interestIncome": 0,
        "interestExpense": 10816000,
        "depreciationAndAmortization": 2393000,
        "ebitda": 172151000,
        "ebitdaratio": 0.8523381607,
        "operatingIncome": 169758000,
        "operatingIncomeRatio": 0.8404901597,
        "totalOtherIncomeExpensesNet": -10816000,
        "incomeBeforeTax": 158942000,
        "incomeBeforeTaxRatio": 0.7869389776,
        "incomeTaxExpense": 39181000,
        "netIncome": 119761000,
        "netIncomeRatio": 0.5929496225,
        "eps": 1.13,
        "epsdiluted": 1.09,
        "weightedAverageShsOut": 106124220,
        "weightedAverageShsOutDil": 109515722,
        "link": "https://www.sec.gov/Archives/edgar/data/874501/000095013002005844/0000950130-02-005844-index.htm",
        "finalLink": "https://www.sec.gov/Archives/edgar/data/874501/000095013002005844/d10q.htm"
    },
    {
        "date": "2002-03-31",
        "symbol": "AMBC",
        "reportedCurrency": "USD",
        "cik": "0000874501",
        "fillingDate": "2002-05-13",
        "acceptedDate": "2002-05-13 11:58:57",
        "calendarYear": "2002",
        "period": "Q1",
        "revenue": 196910000,
        "costOfRevenue": 0,
        "grossProfit": 196910000,
        "grossProfitRatio": 1,
        "researchAndDevelopmentExpenses": 0,
        "generalAndAdministrativeExpenses": 0,
        "sellingAndMarketingExpenses": 0,
        "sellingGeneralAndAdministrativeExpenses": 0,
        "otherExpenses": -30863000,
        "operatingExpenses": -30863000,
        "costAndExpenses": 41529000,
        "interestIncome": 0,
        "interestExpense": 10666000,
        "depreciationAndAmortization": 1051000,
        "ebitda": 167098000,
        "ebitdaratio": 0.8486008837,
        "operatingIncome": 166047000,
        "operatingIncomeRatio": 0.8432634198,
        "totalOtherIncomeExpensesNet": -10666000,
        "incomeBeforeTax": 155381000,
        "incomeBeforeTaxRatio": 0.7890965416,
        "incomeTaxExpense": 38429000,
        "netIncome": 116952000,
        "netIncomeRatio": 0.5939363161,
        "eps": 1.11,
        "epsdiluted": 1.07,
        "weightedAverageShsOut": 105831879,
        "weightedAverageShsOutDil": 109153901,
        "link": "https://www.sec.gov/Archives/edgar/data/874501/000095013002003507/0000950130-02-003507-index.htm",
        "finalLink": "https://www.sec.gov/Archives/edgar/data/874501/000095013002003507/d10q.txt"
    },
    {
        "date": "2001-12-31",
        "symbol": "AMBC",
        "reportedCurrency": "USD",
        "cik": "0000874501",
        "fillingDate": "2002-03-26",
        "acceptedDate": "2002-03-26 00:00:00",
        "calendarYear": "2001",
        "period": "Q4",
        "revenue": 196446000,
        "costOfRevenue": 0,
        "grossProfit": 196446000,
        "grossProfitRatio": 1,
        "researchAndDevelopmentExpenses": 0,
        "generalAndAdministrativeExpenses": 0,
        "sellingAndMarketingExpenses": 0,
        "sellingGeneralAndAdministrativeExpenses": 0,
        "otherExpenses": -29581000,
        "operatingExpenses": -29581000,
        "costAndExpenses": 41685000,
        "interestIncome": 0,
        "interestExpense": 12104000,
        "depreciationAndAmortization": -1002000,
        "ebitda": 165863000,
        "ebitdaratio": 0.8443185405,
        "operatingIncome": 166865000,
        "operatingIncomeRatio": 0.8494191788,
        "totalOtherIncomeExpensesNet": -12104000,
        "incomeBeforeTax": 154761000,
        "incomeBeforeTaxRatio": 0.7878042821,
        "incomeTaxExpense": 38423000,
        "netIncome": 116746000,
        "netIncomeRatio": 0.5942905429,
        "eps": 1.1,
        "epsdiluted": 1.07,
        "weightedAverageShsOut": 105831879,
        "weightedAverageShsOutDil": 109153901,
        "link": "https://www.sec.gov/Archives/edgar/data/874501/000095013002001969/0000950130-02-001969-index.htm",
        "finalLink": "https://www.sec.gov/Archives/edgar/data/874501/000095013002001969/d10k.txt"
    },
    {
        "date": "2001-09-30",
        "symbol": "AMBC",
        "reportedCurrency": "USD",
        "cik": "0000874501",
        "fillingDate": "2001-11-14",
        "acceptedDate": "2001-11-14 00:00:00",
        "calendarYear": "2001",
        "period": "Q3",
        "revenue": 181338000,
        "costOfRevenue": 0,
        "grossProfit": 181338000,
        "grossProfitRatio": 1,
        "researchAndDevelopmentExpenses": 0,
        "generalAndAdministrativeExpenses": 0,
        "sellingAndMarketingExpenses": 0,
        "sellingGeneralAndAdministrativeExpenses": 0,
        "otherExpenses": -27646000,
        "operatingExpenses": -27646000,
        "costAndExpenses": 37016000,
        "interestIncome": 0,
        "interestExpense": 9370000,
        "depreciationAndAmortization": -3262000,
        "ebitda": 150430000,
        "ebitdaratio": 0.829555857,
        "operatingIncome": 153692000,
        "operatingIncomeRatio": 0.8475443647,
        "totalOtherIncomeExpensesNet": -9370000,
        "incomeBeforeTax": 144322000,
        "incomeBeforeTaxRatio": 0.7958729003,
        "incomeTaxExpense": 33314000,
        "netIncome": 111008000,
        "netIncomeRatio": 0.6121607165,
        "eps": 1.05,
        "epsdiluted": 1.02,
        "weightedAverageShsOut": 105781745,
        "weightedAverageShsOutDil": 109077058,
        "link": "https://www.sec.gov/Archives/edgar/data/874501/000095013001505343/0000950130-01-505343-index.htm",
        "finalLink": "https://www.sec.gov/Archives/edgar/data/874501/000095013001505343/d10q.txt"
    },
    {
        "date": "2001-06-30",
        "symbol": "AMBC",
        "reportedCurrency": "USD",
        "cik": "0000874501",
        "fillingDate": "2001-08-10",
        "acceptedDate": "2001-08-10 00:00:00",
        "calendarYear": "2001",
        "period": "Q2",
        "revenue": 179544000,
        "costOfRevenue": 0,
        "grossProfit": 179544000,
        "grossProfitRatio": 1,
        "researchAndDevelopmentExpenses": 0,
        "generalAndAdministrativeExpenses": 0,
        "sellingAndMarketingExpenses": 0,
        "sellingGeneralAndAdministrativeExpenses": 0,
        "otherExpenses": -29913000,
        "operatingExpenses": -29913000,
        "costAndExpenses": 39398000,
        "interestIncome": 0,
        "interestExpense": 9485000,
        "depreciationAndAmortization": -4125000,
        "ebitda": 5360000,
        "ebitdaratio": 0.0298534064,
        "operatingIncome": 149631000,
        "operatingIncomeRatio": 0.8333945997,
        "totalOtherIncomeExpensesNet": -9485000,
        "incomeBeforeTax": 140146000,
        "incomeBeforeTaxRatio": 0.7805663236,
        "incomeTaxExpense": 32509000,
        "netIncome": 107637000,
        "netIncomeRatio": 0.5995020719,
        "eps": 1.02,
        "epsdiluted": 0.99,
        "weightedAverageShsOut": 105816151,
        "weightedAverageShsOutDil": 109051506,
        "link": "https://www.sec.gov/Archives/edgar/data/874501/000102140801504831/0001021408-01-504831-index.htm",
        "finalLink": "https://www.sec.gov/Archives/edgar/data/874501/000102140801504831/d10q.txt"
    },
    {
        "date": "2001-03-31",
        "symbol": "AMBC",
        "reportedCurrency": "USD",
        "cik": "0000874501",
        "fillingDate": "2001-05-15",
        "acceptedDate": "2001-05-15 00:00:00",
        "calendarYear": "2001",
        "period": "Q1",
        "revenue": 167592000,
        "costOfRevenue": 0,
        "grossProfit": 167592000,
        "grossProfitRatio": 1,
        "researchAndDevelopmentExpenses": 0,
        "generalAndAdministrativeExpenses": 0,
        "sellingAndMarketingExpenses": 0,
        "sellingGeneralAndAdministrativeExpenses": 0,
        "otherExpenses": -28611000,
        "operatingExpenses": -28611000,
        "costAndExpenses": 38094000,
        "interestIncome": 0,
        "interestExpense": 9483000,
        "depreciationAndAmortization": -4048000,
        "ebitda": 134933000,
        "ebitdaratio": 0.8051279297,
        "operatingIncome": 138981000,
        "operatingIncomeRatio": 0.8292818273,
        "totalOtherIncomeExpensesNet": -9483000,
        "incomeBeforeTax": 129498000,
        "incomeBeforeTaxRatio": 0.7726979808,
        "incomeTaxExpense": 31575000,
        "netIncome": 97515000,
        "netIncomeRatio": 0.581859516,
        "eps": 0.92,
        "epsdiluted": 0.9,
        "weightedAverageShsOut": 105663065,
        "weightedAverageShsOutDil": 108844261,
        "link": "https://www.sec.gov/Archives/edgar/data/874501/000095013001501642/0000950130-01-501642-index.htm",
        "finalLink": "https://www.sec.gov/Archives/edgar/data/874501/000095013001501642/d10q.txt"
    },
    {
        "date": "2000-12-31",
        "symbol": "AMBC",
        "reportedCurrency": "USD",
        "cik": "0000874501",
        "fillingDate": "2001-03-28",
        "acceptedDate": "2001-03-28 00:00:00",
        "calendarYear": "2000",
        "period": "Q4",
        "revenue": 164247000,
        "costOfRevenue": 0,
        "grossProfit": 164247000,
        "grossProfitRatio": 1,
        "researchAndDevelopmentExpenses": 0,
        "generalAndAdministrativeExpenses": 0,
        "sellingAndMarketingExpenses": 0,
        "sellingGeneralAndAdministrativeExpenses": 0,
        "otherExpenses": -26403000,
        "operatingExpenses": -26403000,
        "costAndExpenses": 35727000,
        "interestIncome": 0,
        "interestExpense": 9324000,
        "depreciationAndAmortization": -3254000,
        "ebitda": 134590000,
        "ebitdaratio": 0.8194365803,
        "operatingIncome": 137844000,
        "operatingIncomeRatio": 0.8392482054,
        "totalOtherIncomeExpensesNet": -9324000,
        "incomeBeforeTax": 128520000,
        "incomeBeforeTaxRatio": 0.7824800453,
        "incomeTaxExpense": 31534000,
        "netIncome": 96986000,
        "netIncomeRatio": 0.5904887152,
        "eps": 0.92,
        "epsdiluted": 0.89,
        "weightedAverageShsOut": 105663065,
        "weightedAverageShsOutDil": 108844261,
        "link": "https://www.sec.gov/Archives/edgar/data/874501/000095013001500354/0000950130-01-500354-index.htm",
        "finalLink": "https://www.sec.gov/Archives/edgar/data/874501/000095013001500354/d10k405.txt"
    },
    {
        "date": "2000-09-30",
        "symbol": "AMBC",
        "reportedCurrency": "USD",
        "cik": "0000874501",
        "fillingDate": "2000-11-13",
        "acceptedDate": "2000-11-13 00:00:00",
        "calendarYear": "2000",
        "period": "Q3",
        "revenue": 153668000,
        "costOfRevenue": 0,
        "grossProfit": 153668000,
        "grossProfitRatio": 1,
        "researchAndDevelopmentExpenses": 0,
        "generalAndAdministrativeExpenses": 0,
        "sellingAndMarketingExpenses": 0,
        "sellingGeneralAndAdministrativeExpenses": 0,
        "otherExpenses": -24934000,
        "operatingExpenses": -24934000,
        "costAndExpenses": 34328000,
        "interestIncome": 0,
        "interestExpense": 9394000,
        "depreciationAndAmortization": -2495000,
        "ebitda": 126239000,
        "ebitdaratio": 0.8215048026,
        "operatingIncome": 128734000,
        "operatingIncomeRatio": 0.8377411042,
        "totalOtherIncomeExpensesNet": -9394000,
        "incomeBeforeTax": 119340000,
        "incomeBeforeTaxRatio": 0.7766093136,
        "incomeTaxExpense": 28432000,
        "netIncome": 90908000,
        "netIncomeRatio": 0.5915870578,
        "eps": 0.86,
        "epsdiluted": 1.27,
        "weightedAverageShsOut": 105413692,
        "weightedAverageShsOutDil": 71821452,
        "link": "https://www.sec.gov/Archives/edgar/data/874501/000095013000005992/0000950130-00-005992-index.htm",
        "finalLink": "https://www.sec.gov/Archives/edgar/data/874501/000095013000005992/0000950130-00-005992-0001.txt"
    },
    {
        "date": "2000-06-30",
        "symbol": "AMBC",
        "reportedCurrency": "USD",
        "cik": "0000874501",
        "fillingDate": "2000-08-11",
        "acceptedDate": "2000-08-11 00:00:00",
        "calendarYear": "2000",
        "period": "Q2",
        "revenue": 157521000,
        "costOfRevenue": 0,
        "grossProfit": 157521000,
        "grossProfitRatio": 1,
        "researchAndDevelopmentExpenses": 0,
        "generalAndAdministrativeExpenses": 0,
        "sellingAndMarketingExpenses": 0,
        "sellingGeneralAndAdministrativeExpenses": 0,
        "otherExpenses": -25971000,
        "operatingExpenses": -25971000,
        "costAndExpenses": 35351000,
        "interestIncome": 0,
        "interestExpense": 9380000,
        "depreciationAndAmortization": -2324000,
        "ebitda": 129226000,
        "ebitdaratio": 0.8203731566,
        "operatingIncome": 131550000,
        "operatingIncomeRatio": 0.835126745,
        "totalOtherIncomeExpensesNet": 122170000,
        "incomeBeforeTax": 122170000,
        "incomeBeforeTaxRatio": 0.7755791291,
        "incomeTaxExpense": 29530000,
        "netIncome": 92640000,
        "netIncomeRatio": 0.5881120612,
        "eps": 0.88,
        "epsdiluted": 1.3,
        "weightedAverageShsOut": 105413692,
        "weightedAverageShsOutDil": 71259881,
        "link": "https://www.sec.gov/Archives/edgar/data/874501/000095013000004390/0000950130-00-004390-index.htm",
        "finalLink": "https://www.sec.gov/Archives/edgar/data/874501/000095013000004390/0000950130-00-004390-0001.txt"
    },
    {
        "date": "2000-03-31",
        "symbol": "AMBC",
        "reportedCurrency": "USD",
        "cik": "0000874501",
        "fillingDate": "2000-05-12",
        "acceptedDate": "2000-05-12 00:00:00",
        "calendarYear": "2000",
        "period": "Q1",
        "revenue": 145874000,
        "costOfRevenue": 0,
        "grossProfit": 145874000,
        "grossProfitRatio": 1,
        "researchAndDevelopmentExpenses": 0,
        "generalAndAdministrativeExpenses": 0,
        "sellingAndMarketingExpenses": 0,
        "sellingGeneralAndAdministrativeExpenses": 0,
        "otherExpenses": -24401000,
        "operatingExpenses": -24401000,
        "costAndExpenses": 33780000,
        "interestIncome": 0,
        "interestExpense": 9379000,
        "depreciationAndAmortization": -1285000,
        "ebitda": 120188000,
        "ebitdaratio": 0.8239165307,
        "operatingIncome": 121473000,
        "operatingIncomeRatio": 0.8327255028,
        "totalOtherIncomeExpensesNet": -9379000,
        "incomeBeforeTax": 112094000,
        "incomeBeforeTaxRatio": 0.7684302892,
        "incomeTaxExpense": 26456000,
        "netIncome": 85638000,
        "netIncomeRatio": 0.5870682918,
        "eps": 0.81,
        "epsdiluted": 1.2,
        "weightedAverageShsOut": 105413692,
        "weightedAverageShsOutDil": 71203095,
        "link": "https://www.sec.gov/Archives/edgar/data/874501/000095013000002822/0000950130-00-002822-index.html",
        "finalLink": "https://www.sec.gov/Archives/edgar/data/874501/000095013000002822/"
    },
    {
        "date": "1999-12-31",
        "symbol": "AMBC",
        "reportedCurrency": "USD",
        "cik": "0000874501",
        "fillingDate": "2000-03-30",
        "acceptedDate": "2000-03-30 00:00:00",
        "calendarYear": "1999",
        "period": "Q4",
        "revenue": 144217000,
        "costOfRevenue": 0,
        "grossProfit": 144217000,
        "grossProfitRatio": 1,
        "researchAndDevelopmentExpenses": 0,
        "generalAndAdministrativeExpenses": 0,
        "sellingAndMarketingExpenses": 0,
        "sellingGeneralAndAdministrativeExpenses": 0,
        "otherExpenses": -23734000,
        "operatingExpenses": -23734000,
        "costAndExpenses": 65559000,
        "interestIncome": 0,
        "interestExpense": 9225000,
        "depreciationAndAmortization": 100000,
        "ebitda": 120583000,
        "ebitdaratio": 0.8361219551,
        "operatingIncome": 120483000,
        "operatingIncomeRatio": 0.8354285556,
        "totalOtherIncomeExpensesNet": 284175000,
        "incomeBeforeTax": 404658000,
        "incomeBeforeTaxRatio": 2.8058966696,
        "incomeTaxExpense": 27341000,
        "netIncome": 83917000,
        "netIncomeRatio": 0.5818800835,
        "eps": 0.8,
        "epsdiluted": 1.18,
        "weightedAverageShsOut": 105413692,
        "weightedAverageShsOutDil": 71203095,
        "link": "https://www.sec.gov/Archives/edgar/data/874501/000095013000001712/0000950130-00-001712-index.html",
        "finalLink": "https://www.sec.gov/Archives/edgar/data/874501/000095013000001712/"
    },
    {
        "date": "1999-09-30",
        "symbol": "AMBC",
        "reportedCurrency": "USD",
        "cik": "0000874501",
        "fillingDate": "1999-11-12",
        "acceptedDate": "1999-11-12 00:00:00",
        "calendarYear": "1999",
        "period": "Q3",
        "revenue": 137200000,
        "costOfRevenue": 0,
        "grossProfit": 137200000,
        "grossProfitRatio": 1,
        "researchAndDevelopmentExpenses": 0,
        "generalAndAdministrativeExpenses": 0,
        "sellingAndMarketingExpenses": 0,
        "sellingGeneralAndAdministrativeExpenses": 0,
        "otherExpenses": -22700000,
        "operatingExpenses": -22700000,
        "costAndExpenses": 21100000,
        "interestIncome": 0,
        "interestExpense": 9100000,
        "depreciationAndAmortization": 200000,
        "ebitda": 9300000,
        "ebitdaratio": 0.0677842566,
        "operatingIncome": 114500000,
        "operatingIncomeRatio": 0.834548105,
        "totalOtherIncomeExpensesNet": 68900000,
        "incomeBeforeTax": 183400000,
        "incomeBeforeTaxRatio": 1.3367346939,
        "incomeTaxExpense": 25600000,
        "netIncome": 79800000,
        "netIncomeRatio": 0.5816326531,
        "eps": 0.76,
        "epsdiluted": 0.75,
        "weightedAverageShsOut": 105000000,
        "weightedAverageShsOutDil": 106400000,
        "link": "https://www.sec.gov/Archives/edgar/data/874501/000095013099006364/0000950130-99-006364-index.html",
        "finalLink": "https://www.sec.gov/Archives/edgar/data/874501/000095013099006364/"
    },
    {
        "date": "1999-06-30",
        "symbol": "AMBC",
        "reportedCurrency": "USD",
        "cik": "0000874501",
        "fillingDate": "1999-08-13",
        "acceptedDate": "1999-08-13 00:00:00",
        "calendarYear": "1999",
        "period": "Q2",
        "revenue": 123500000,
        "costOfRevenue": 0,
        "grossProfit": 123500000,
        "grossProfitRatio": 1,
        "researchAndDevelopmentExpenses": 0,
        "generalAndAdministrativeExpenses": 0,
        "sellingAndMarketingExpenses": 0,
        "sellingGeneralAndAdministrativeExpenses": 0,
        "otherExpenses": -22400000,
        "operatingExpenses": -22400000,
        "costAndExpenses": 21000000,
        "interestIncome": 0,
        "interestExpense": 9100000,
        "depreciationAndAmortization": -800000,
        "ebitda": 8300000,
        "ebitdaratio": 0.0672064777,
        "operatingIncome": 101100000,
        "operatingIncomeRatio": 0.8186234818,
        "totalOtherIncomeExpensesNet": 59600000,
        "incomeBeforeTax": 160700000,
        "incomeBeforeTaxRatio": 1.3012145749,
        "incomeTaxExpense": 21000000,
        "netIncome": 71000000,
        "netIncomeRatio": 0.5748987854,
        "eps": 0.68,
        "epsdiluted": 0.67,
        "weightedAverageShsOut": 104411765,
        "weightedAverageShsOutDil": 105970149,
        "link": "https://www.sec.gov/Archives/edgar/data/874501/000095013099004806/0000950130-99-004806-index.html",
        "finalLink": "https://www.sec.gov/Archives/edgar/data/874501/000095013099004806/"
    },
    {
        "date": "1999-03-31",
        "symbol": "AMBC",
        "reportedCurrency": "USD",
        "cik": "0000874501",
        "fillingDate": "1999-05-12",
        "acceptedDate": "1999-05-12 00:00:00",
        "calendarYear": "1999",
        "period": "Q1",
        "revenue": 128400000,
        "costOfRevenue": 0,
        "grossProfit": 128400000,
        "grossProfitRatio": 1,
        "researchAndDevelopmentExpenses": 0,
        "generalAndAdministrativeExpenses": 0,
        "sellingAndMarketingExpenses": 0,
        "sellingGeneralAndAdministrativeExpenses": 0,
        "otherExpenses": -23300000,
        "operatingExpenses": -23300000,
        "costAndExpenses": 21000000,
        "interestIncome": 0,
        "interestExpense": 9100000,
        "depreciationAndAmortization": -1000000,
        "ebitda": 8100000,
        "ebitdaratio": 0.0630841121,
        "operatingIncome": 105100000,
        "operatingIncomeRatio": 0.8185358255,
        "totalOtherIncomeExpensesNet": 68100000,
        "incomeBeforeTax": 173200000,
        "incomeBeforeTaxRatio": 1.3489096573,
        "incomeTaxExpense": 22800000,
        "netIncome": 73200000,
        "netIncomeRatio": 0.5700934579,
        "eps": 0.7,
        "epsdiluted": 0.69,
        "weightedAverageShsOut": 69976787,
        "weightedAverageShsOutDil": 106560494,
        "link": "https://www.sec.gov/Archives/edgar/data/874501/000095013099002903/0000950130-99-002903-index.html",
        "finalLink": "https://www.sec.gov/Archives/edgar/data/874501/"
    },
    {
        "date": "1998-12-31",
        "symbol": "AMBC",
        "reportedCurrency": "USD",
        "cik": "0000874501",
        "fillingDate": "1999-03-30",
        "acceptedDate": "1999-03-30 00:00:00",
        "calendarYear": "1998",
        "period": "Q4",
        "revenue": 114236000,
        "costOfRevenue": 0,
        "grossProfit": 114236000,
        "grossProfitRatio": 1,
        "researchAndDevelopmentExpenses": 0,
        "generalAndAdministrativeExpenses": 0,
        "sellingAndMarketingExpenses": 0,
        "sellingGeneralAndAdministrativeExpenses": 0,
        "otherExpenses": -26063000,
        "operatingExpenses": -26063000,
        "costAndExpenses": 69424000,
        "interestIncome": 0,
        "interestExpense": 9161000,
        "depreciationAndAmortization": -300000,
        "ebitda": 87873000,
        "ebitdaratio": 0.7692233622,
        "operatingIncome": 88173000,
        "operatingIncomeRatio": 0.7718495045,
        "totalOtherIncomeExpensesNet": 240739000,
        "incomeBeforeTax": 328912000,
        "incomeBeforeTaxRatio": 2.8792324661,
        "incomeTaxExpense": 16818000,
        "netIncome": 62194000,
        "netIncomeRatio": 0.5444343289,
        "eps": 0.89,
        "epsdiluted": 0.58,
        "weightedAverageShsOut": 69976787,
        "weightedAverageShsOutDil": 106560494,
        "link": "https://www.sec.gov/Archives/edgar/data/874501/000095013099001790/0000950130-99-001790-index.html",
        "finalLink": "https://www.sec.gov/Archives/edgar/data/874501/"
    },
    {
        "date": "1998-09-30",
        "symbol": "AMBC",
        "reportedCurrency": "USD",
        "cik": "0000874501",
        "fillingDate": "1998-11-13",
        "acceptedDate": "1998-11-13 00:00:00",
        "calendarYear": "1998",
        "period": "Q3",
        "revenue": 117400000,
        "costOfRevenue": 0,
        "grossProfit": 117400000,
        "grossProfitRatio": 1,
        "researchAndDevelopmentExpenses": 0,
        "generalAndAdministrativeExpenses": 0,
        "sellingAndMarketingExpenses": 0,
        "sellingGeneralAndAdministrativeExpenses": 0,
        "otherExpenses": -22900000,
        "operatingExpenses": -22900000,
        "costAndExpenses": 21100000,
        "interestIncome": 0,
        "interestExpense": 9300000,
        "depreciationAndAmortization": -500000,
        "ebitda": 8800000,
        "ebitdaratio": 0.0749574106,
        "operatingIncome": 94500000,
        "operatingIncomeRatio": 0.8049403748,
        "totalOtherIncomeExpensesNet": 67300000,
        "incomeBeforeTax": 161800000,
        "incomeBeforeTaxRatio": 1.3781942078,
        "incomeTaxExpense": 19800000,
        "netIncome": 65400000,
        "netIncomeRatio": 0.5570698467,
        "eps": 0.63,
        "epsdiluted": 0.61,
        "weightedAverageShsOut": 103809524,
        "weightedAverageShsOutDil": 107213115,
        "link": "https://www.sec.gov/Archives/edgar/data/874501/000095013098005493/0000950130-98-005493-index.html",
        "finalLink": "https://www.sec.gov/Archives/edgar/data/874501/"
    },
    {
        "date": "1998-06-30",
        "symbol": "AMBC",
        "reportedCurrency": "USD",
        "cik": "0000874501",
        "fillingDate": "1998-08-14",
        "acceptedDate": "1998-08-14 00:00:00",
        "calendarYear": "1998",
        "period": "Q2",
        "revenue": 110255000,
        "costOfRevenue": 0,
        "grossProfit": 110255000,
        "grossProfitRatio": 1,
        "researchAndDevelopmentExpenses": 0,
        "generalAndAdministrativeExpenses": 0,
        "sellingAndMarketingExpenses": 0,
        "sellingGeneralAndAdministrativeExpenses": 0,
        "otherExpenses": -22960000,
        "operatingExpenses": -22960000,
        "costAndExpenses": 19972000,
        "interestIncome": 0,
        "interestExpense": 8782000,
        "depreciationAndAmortization": -972000,
        "ebitda": 7828000,
        "ebitdaratio": 0.0709990477,
        "operatingIncome": 87295000,
        "operatingIncomeRatio": 0.7917554759,
        "totalOtherIncomeExpensesNet": 56937000,
        "incomeBeforeTax": 144232000,
        "incomeBeforeTaxRatio": 1.30816743,
        "incomeTaxExpense": 17717000,
        "netIncome": 60800000,
        "netIncomeRatio": 0.5514489139,
        "eps": 0.58,
        "epsdiluted": 0.57,
        "weightedAverageShsOut": 104827586,
        "weightedAverageShsOutDil": 106666667,
        "link": "https://www.sec.gov/Archives/edgar/data/874501/000095013098004032/0000950130-98-004032-index.html",
        "finalLink": "https://www.sec.gov/Archives/edgar/data/874501/"
    },
    {
        "date": "1998-03-31",
        "symbol": "AMBC",
        "reportedCurrency": "USD",
        "cik": "0000874501",
        "fillingDate": "1998-05-15",
        "acceptedDate": "1998-05-15 00:00:00",
        "calendarYear": "1998",
        "period": "Q1",
        "revenue": 115183000,
        "costOfRevenue": 0,
        "grossProfit": 115183000,
        "grossProfitRatio": 1,
        "researchAndDevelopmentExpenses": 0,
        "generalAndAdministrativeExpenses": 0,
        "sellingAndMarketingExpenses": 0,
        "sellingGeneralAndAdministrativeExpenses": 0,
        "otherExpenses": -23374000,
        "operatingExpenses": -23374000,
        "costAndExpenses": 17630000,
        "interestIncome": 0,
        "interestExpense": 5612000,
        "depreciationAndAmortization": -628000,
        "ebitda": 4984000,
        "ebitdaratio": 0.0432702743,
        "operatingIncome": 91809000,
        "operatingIncomeRatio": 0.7970707483,
        "totalOtherIncomeExpensesNet": 61999000,
        "incomeBeforeTax": 153808000,
        "incomeBeforeTaxRatio": 1.3353359437,
        "incomeTaxExpense": 20539000,
        "netIncome": 65658000,
        "netIncomeRatio": 0.570032036,
        "eps": 0.63,
        "epsdiluted": 0.61,
        "weightedAverageShsOut": 105007000,
        "weightedAverageShsOutDil": 107394000,
        "link": "https://www.sec.gov/Archives/edgar/data/874501/000095013098002677/0000950130-98-002677-index.html",
        "finalLink": "https://www.sec.gov/Archives/edgar/data/874501/"
    },
    {
        "date": "1997-12-31",
        "symbol": "AMBC",
        "reportedCurrency": "USD",
        "cik": "0000874501",
        "fillingDate": "1998-03-31",
        "acceptedDate": "1998-03-31 00:00:00",
        "calendarYear": "1997",
        "period": "Q4",
        "revenue": 124839000,
        "costOfRevenue": 0,
        "grossProfit": 124839000,
        "grossProfitRatio": 1,
        "researchAndDevelopmentExpenses": 0,
        "generalAndAdministrativeExpenses": 0,
        "sellingAndMarketingExpenses": 0,
        "sellingGeneralAndAdministrativeExpenses": 0,
        "otherExpenses": -43301000,
        "operatingExpenses": -43301000,
        "costAndExpenses": 50834000,
        "interestIncome": 0,
        "interestExpense": 5411000,
        "depreciationAndAmortization": -743000,
        "ebitda": 80795000,
        "ebitdaratio": 0.6471935853,
        "operatingIncome": 81538000,
        "operatingIncomeRatio": 0.6531452511,
        "totalOtherIncomeExpensesNet": 204458000,
        "incomeBeforeTax": 285996000,
        "incomeBeforeTaxRatio": 2.2909187033,
        "incomeTaxExpense": 17243000,
        "netIncome": 58884000,
        "netIncomeRatio": 0.4716795232,
        "eps": 0.56,
        "epsdiluted": 0.55,
        "weightedAverageShsOut": 105007000,
        "weightedAverageShsOutDil": 107394000,
        "link": "https://www.sec.gov/Archives/edgar/data/874501/000095013098001593/0000950130-98-001593-index.html",
        "finalLink": "https://www.sec.gov/Archives/edgar/data/874501/"
    },
    {
        "date": "1997-09-30",
        "symbol": "AMBC",
        "reportedCurrency": "USD",
        "cik": "0000874501",
        "fillingDate": "1997-11-14",
        "acceptedDate": "1997-11-14 00:00:00",
        "calendarYear": "1997",
        "period": "Q3",
        "revenue": 95971000,
        "costOfRevenue": 0,
        "grossProfit": 95971000,
        "grossProfitRatio": 1,
        "researchAndDevelopmentExpenses": 0,
        "generalAndAdministrativeExpenses": 0,
        "sellingAndMarketingExpenses": 0,
        "sellingGeneralAndAdministrativeExpenses": 0,
        "otherExpenses": -10943000,
        "operatingExpenses": -10943000,
        "costAndExpenses": 15564000,
        "interestIncome": 0,
        "interestExpense": 5391000,
        "depreciationAndAmortization": -738000,
        "ebitda": 4662000,
        "ebitdaratio": 0.0485771744,
        "operatingIncome": 85028000,
        "operatingIncomeRatio": 0.8859759719,
        "totalOtherIncomeExpensesNet": 60299000,
        "incomeBeforeTax": 145327000,
        "incomeBeforeTaxRatio": 1.5142803555,
        "incomeTaxExpense": 18842000,
        "netIncome": 60800000,
        "netIncomeRatio": 0.6335247106,
        "eps": 0.58,
        "epsdiluted": 0.57,
        "weightedAverageShsOut": 104827586,
        "weightedAverageShsOutDil": 106666667,
        "link": "https://www.sec.gov/Archives/edgar/data/874501/000095013097005038/0000950130-97-005038-index.html",
        "finalLink": "https://www.sec.gov/Archives/edgar/data/874501/"
    },
    {
        "date": "1997-06-30",
        "symbol": "AMBC",
        "reportedCurrency": "USD",
        "cik": "0000874501",
        "fillingDate": "1997-08-14",
        "acceptedDate": "1997-08-14 00:00:00",
        "calendarYear": "1997",
        "period": "Q2",
        "revenue": 83535000,
        "costOfRevenue": 0,
        "grossProfit": 83535000,
        "grossProfitRatio": 1,
        "researchAndDevelopmentExpenses": 0,
        "generalAndAdministrativeExpenses": 0,
        "sellingAndMarketingExpenses": 0,
        "sellingGeneralAndAdministrativeExpenses": 0,
        "otherExpenses": -10396000,
        "operatingExpenses": -10396000,
        "costAndExpenses": 15035000,
        "interestIncome": 0,
        "interestExpense": 5303000,
        "depreciationAndAmortization": 447000,
        "ebitda": 5750000,
        "ebitdaratio": 0.0688334231,
        "operatingIncome": 73139000,
        "operatingIncomeRatio": 0.875549171,
        "totalOtherIncomeExpensesNet": 47149000,
        "incomeBeforeTax": 120288000,
        "incomeBeforeTaxRatio": 1.4399712695,
        "incomeTaxExpense": 14223000,
        "netIncome": 53613000,
        "netIncomeRatio": 0.6418028371,
        "eps": 0.51,
        "epsdiluted": 0.5,
        "weightedAverageShsOut": 105086749,
        "weightedAverageShsOutDil": 106264368,
        "link": "https://www.sec.gov/Archives/edgar/data/874501/000095013097003671/0000950130-97-003671-index.html",
        "finalLink": "https://www.sec.gov/Archives/edgar/data/874501/"
    },
    {
        "date": "1997-03-31",
        "symbol": "AMBC",
        "reportedCurrency": "USD",
        "cik": "0000874501",
        "fillingDate": "1997-05-15",
        "acceptedDate": "1997-05-15 00:00:00",
        "calendarYear": "1997",
        "period": "Q1",
        "revenue": 77457000,
        "costOfRevenue": 0,
        "grossProfit": 77457000,
        "grossProfitRatio": 1,
        "researchAndDevelopmentExpenses": 0,
        "generalAndAdministrativeExpenses": 0,
        "sellingAndMarketingExpenses": 0,
        "sellingGeneralAndAdministrativeExpenses": 0,
        "otherExpenses": -9820000,
        "operatingExpenses": -9820000,
        "costAndExpenses": 14333000,
        "interestIncome": 0,
        "interestExpense": 5241000,
        "depreciationAndAmortization": -298000,
        "ebitda": 4943000,
        "ebitdaratio": 0.0638160528,
        "operatingIncome": 67637000,
        "operatingIncomeRatio": 0.8732199801,
        "totalOtherIncomeExpensesNet": 40424000,
        "incomeBeforeTax": 108061000,
        "incomeBeforeTaxRatio": 1.3951095447,
        "incomeTaxExpense": 12658000,
        "netIncome": 49738000,
        "netIncomeRatio": 0.6421369276,
        "eps": 0.47,
        "epsdiluted": 0.47,
        "weightedAverageShsOut": 105086749,
        "weightedAverageShsOutDil": 106264368,
        "link": "https://www.sec.gov/Archives/edgar/data/874501/000095013097002413/0000950130-97-002413-index.html",
        "finalLink": "https://www.sec.gov/Archives/edgar/data/874501/"
    },
    {
        "date": "1996-12-31",
        "symbol": "AMBC",
        "reportedCurrency": "USD",
        "cik": "0000874501",
        "fillingDate": "1997-03-31",
        "acceptedDate": "1997-03-31 00:00:00",
        "calendarYear": "1996",
        "period": "Q4",
        "revenue": -90398000,
        "costOfRevenue": 0,
        "grossProfit": -90398000,
        "grossProfitRatio": 1,
        "researchAndDevelopmentExpenses": 0,
        "generalAndAdministrativeExpenses": 0,
        "sellingAndMarketingExpenses": 0,
        "sellingGeneralAndAdministrativeExpenses": 0,
        "otherExpenses": 161687000,
        "operatingExpenses": 161687000,
        "costAndExpenses": -152624000,
        "interestIncome": 0,
        "interestExpense": 5252000,
        "depreciationAndAmortization": -333000,
        "ebitda": 70956000,
        "ebitdaratio": -0.7849288701,
        "operatingIncome": 71289000,
        "operatingIncomeRatio": -0.7886125799,
        "totalOtherIncomeExpensesNet": 304217000,
        "incomeBeforeTax": 375506000,
        "incomeBeforeTaxRatio": -4.1539193345,
        "incomeTaxExpense": 14048000,
        "netIncome": 51989000,
        "netIncomeRatio": -0.5751122812,
        "eps": 0.49,
        "epsdiluted": 0.74,
        "weightedAverageShsOut": 105086749,
        "weightedAverageShsOutDil": 70384035,
        "link": "https://www.sec.gov/Archives/edgar/data/874501/000095013097001432/0000950130-97-001432-index.html",
        "finalLink": "https://www.sec.gov/Archives/edgar/data/874501/"
    },
    {
        "date": "1996-09-30",
        "symbol": "AMBC",
        "reportedCurrency": "USD",
        "cik": "0000874501",
        "fillingDate": "1996-11-14",
        "acceptedDate": "1996-11-14 00:00:00",
        "calendarYear": "1996",
        "period": "Q3",
        "revenue": 69880000,
        "costOfRevenue": 0,
        "grossProfit": 69880000,
        "grossProfitRatio": 1,
        "researchAndDevelopmentExpenses": 0,
        "generalAndAdministrativeExpenses": 0,
        "sellingAndMarketingExpenses": 0,
        "sellingGeneralAndAdministrativeExpenses": 0,
        "otherExpenses": -9947000,
        "operatingExpenses": -9947000,
        "costAndExpenses": 13894000,
        "interestIncome": 0,
        "interestExpense": 5248000,
        "depreciationAndAmortization": 92000,
        "ebitda": 5340000,
        "ebitdaratio": 0.0764167144,
        "operatingIncome": 59933000,
        "operatingIncomeRatio": 0.8576559817,
        "totalOtherIncomeExpensesNet": 36135000,
        "incomeBeforeTax": 96068000,
        "incomeBeforeTaxRatio": 1.3747567258,
        "incomeTaxExpense": 10857000,
        "netIncome": 43828000,
        "netIncomeRatio": 0.6271894677,
        "eps": 0.42,
        "epsdiluted": 0.41,
        "weightedAverageShsOut": 105086749,
        "weightedAverageShsOutDil": 34906000,
        "link": "https://www.sec.gov/Archives/edgar/data/874501/000095010996007595/0000950109-96-007595-index.html",
        "finalLink": "https://www.sec.gov/Archives/edgar/data/874501/"
    },
    {
        "date": "1996-06-30",
        "symbol": "AMBC",
        "reportedCurrency": "USD",
        "cik": "0000874501",
        "fillingDate": "1996-08-14",
        "acceptedDate": "1996-08-14 00:00:00",
        "calendarYear": "1996",
        "period": "Q2",
        "revenue": 214995000,
        "costOfRevenue": 0,
        "grossProfit": 214995000,
        "grossProfitRatio": 1,
        "researchAndDevelopmentExpenses": 0,
        "generalAndAdministrativeExpenses": 0,
        "sellingAndMarketingExpenses": 0,
        "sellingGeneralAndAdministrativeExpenses": 0,
        "otherExpenses": -12051000,
        "operatingExpenses": -12051000,
        "costAndExpenses": 15518000,
        "interestIncome": 0,
        "interestExpense": 5167000,
        "depreciationAndAmortization": 348000,
        "ebitda": 5515000,
        "ebitdaratio": 0.0256517593,
        "operatingIncome": 202944000,
        "operatingIncomeRatio": 0.9439475337,
        "totalOtherIncomeExpensesNet": 175350000,
        "incomeBeforeTax": 378294000,
        "incomeBeforeTaxRatio": 1.7595478965,
        "incomeTaxExpense": 61830000,
        "netIncome": 135947000,
        "netIncomeRatio": 0.6323263332,
        "eps": 1.29,
        "epsdiluted": 1.28,
        "weightedAverageShsOut": 105086749,
        "weightedAverageShsOutDil": 34915000,
        "link": "https://www.sec.gov/Archives/edgar/data/874501/000095013096003178/0000950130-96-003178-index.html",
        "finalLink": "https://www.sec.gov/Archives/edgar/data/874501/"
    },
    {
        "date": "1996-03-31",
        "symbol": "AMBC",
        "reportedCurrency": "USD",
        "cik": "0000874501",
        "fillingDate": "1996-05-15",
        "acceptedDate": "1996-05-15 00:00:00",
        "calendarYear": "1996",
        "period": "Q1",
        "revenue": 71823000,
        "costOfRevenue": 0,
        "grossProfit": 71823000,
        "grossProfitRatio": 1,
        "researchAndDevelopmentExpenses": 0,
        "generalAndAdministrativeExpenses": 0,
        "sellingAndMarketingExpenses": 0,
        "sellingGeneralAndAdministrativeExpenses": 0,
        "otherExpenses": -9558000,
        "operatingExpenses": -9558000,
        "costAndExpenses": 14006000,
        "interestIncome": 0,
        "interestExpense": 5258000,
        "depreciationAndAmortization": 276000,
        "ebitda": 5534000,
        "ebitdaratio": 0.077050527,
        "operatingIncome": 62265000,
        "operatingIncomeRatio": 0.866922852,
        "totalOtherIncomeExpensesNet": 43630000,
        "incomeBeforeTax": 105895000,
        "incomeBeforeTaxRatio": 1.4743884271,
        "incomeTaxExpense": 12454000,
        "netIncome": 44553000,
        "netIncomeRatio": 0.6203166117,
        "eps": 0.42,
        "epsdiluted": 0.42,
        "weightedAverageShsOut": 105086749,
        "weightedAverageShsOutDil": 35054000,
        "link": "https://www.sec.gov/Archives/edgar/data/874501/000095013096001762/0000950130-96-001762-index.html",
        "finalLink": "https://www.sec.gov/Archives/edgar/data/874501/"
    },
    {
        "date": "1995-12-31",
        "symbol": "AMBC",
        "reportedCurrency": "USD",
        "cik": "0000874501",
        "fillingDate": "1995-12-31",
        "acceptedDate": "1995-12-30 19:00:00",
        "calendarYear": "1995",
        "period": "Q4",
        "revenue": 78100000,
        "costOfRevenue": 0,
        "grossProfit": 78100000,
        "grossProfitRatio": 1,
        "researchAndDevelopmentExpenses": 0,
        "generalAndAdministrativeExpenses": 0,
        "sellingAndMarketingExpenses": 0,
        "sellingGeneralAndAdministrativeExpenses": 0,
        "otherExpenses": -10300000,
        "operatingExpenses": -10300000,
        "costAndExpenses": 17700000,
        "interestIncome": 0,
        "interestExpense": 5300000,
        "depreciationAndAmortization": 400000,
        "ebitda": 5700000,
        "ebitdaratio": 0.0729833547,
        "operatingIncome": 67800000,
        "operatingIncomeRatio": 0.8681177977,
        "totalOtherIncomeExpensesNet": 44600000,
        "incomeBeforeTax": 112400000,
        "incomeBeforeTaxRatio": 1.4391805378,
        "incomeTaxExpense": 14800000,
        "netIncome": 47700000,
        "netIncomeRatio": 0.6107554417,
        "eps": 0.45,
        "epsdiluted": 1.36,
        "weightedAverageShsOut": 105086749,
        "weightedAverageShsOutDil": 35054000,
        "link": "",
        "finalLink": ""
    },
    {
        "date": "1995-09-30",
        "symbol": "AMBC",
        "reportedCurrency": "USD",
        "cik": "0000874501",
        "fillingDate": "1995-09-30",
        "acceptedDate": "1995-09-29 20:00:00",
        "calendarYear": "1995",
        "period": "Q3",
        "revenue": 79800000,
        "costOfRevenue": 0,
        "grossProfit": 79800000,
        "grossProfitRatio": 1,
        "researchAndDevelopmentExpenses": 0,
        "generalAndAdministrativeExpenses": 0,
        "sellingAndMarketingExpenses": 0,
        "sellingGeneralAndAdministrativeExpenses": 0,
        "otherExpenses": -8900000,
        "operatingExpenses": -8900000,
        "costAndExpenses": 13600000,
        "interestIncome": 0,
        "interestExpense": 5400000,
        "depreciationAndAmortization": 700000,
        "ebitda": 6100000,
        "ebitdaratio": 0.0764411028,
        "operatingIncome": 70900000,
        "operatingIncomeRatio": 0.8884711779,
        "totalOtherIncomeExpensesNet": 53600000,
        "incomeBeforeTax": 124500000,
        "incomeBeforeTaxRatio": 1.5601503759,
        "incomeTaxExpense": 16000000,
        "netIncome": 49500000,
        "netIncomeRatio": 0.6203007519,
        "eps": 0.47,
        "epsdiluted": 0.47,
        "weightedAverageShsOut": 105319149,
        "weightedAverageShsOutDil": 105319149,
        "link": "",
        "finalLink": ""
    },
    {
        "date": "1995-06-30",
        "symbol": "AMBC",
        "reportedCurrency": "USD",
        "cik": "0000874501",
        "fillingDate": "1995-06-30",
        "acceptedDate": "1995-06-29 20:00:00",
        "calendarYear": "1995",
        "period": "Q2",
        "revenue": 61400000,
        "costOfRevenue": 0,
        "grossProfit": 61400000,
        "grossProfitRatio": 1,
        "researchAndDevelopmentExpenses": 0,
        "generalAndAdministrativeExpenses": 0,
        "sellingAndMarketingExpenses": 0,
        "sellingGeneralAndAdministrativeExpenses": 0,
        "otherExpenses": -10400000,
        "operatingExpenses": -10400000,
        "costAndExpenses": 14300000,
        "interestIncome": 0,
        "interestExpense": 5200000,
        "depreciationAndAmortization": 2000000,
        "ebitda": 7200000,
        "ebitdaratio": 0.1172638436,
        "operatingIncome": 51000000,
        "operatingIncomeRatio": 0.8306188925,
        "totalOtherIncomeExpensesNet": 33600000,
        "incomeBeforeTax": 84600000,
        "incomeBeforeTaxRatio": 1.3778501629,
        "incomeTaxExpense": 8800000,
        "netIncome": 37000000,
        "netIncomeRatio": 0.6026058632,
        "eps": 0.35,
        "epsdiluted": 0.35,
        "weightedAverageShsOut": 105714286,
        "weightedAverageShsOutDil": 105714286,
        "link": "",
        "finalLink": ""
    },
    {
        "date": "1995-03-31",
        "symbol": "AMBC",
        "reportedCurrency": "USD",
        "cik": "0000874501",
        "fillingDate": "1995-03-31",
        "acceptedDate": "1995-03-30 19:00:00",
        "calendarYear": "1995",
        "period": "Q1",
        "revenue": 54600000,
        "costOfRevenue": 0,
        "grossProfit": 54600000,
        "grossProfitRatio": 1,
        "researchAndDevelopmentExpenses": 0,
        "generalAndAdministrativeExpenses": 0,
        "sellingAndMarketingExpenses": 0,
        "sellingGeneralAndAdministrativeExpenses": 0,
        "otherExpenses": -9300000,
        "operatingExpenses": -9300000,
        "costAndExpenses": 13000000,
        "interestIncome": 0,
        "interestExpense": 5000000,
        "depreciationAndAmortization": 2000000,
        "ebitda": 7000000,
        "ebitdaratio": 0.1282051282,
        "operatingIncome": 45300000,
        "operatingIncomeRatio": 0.8296703297,
        "totalOtherIncomeExpensesNet": 30400000,
        "incomeBeforeTax": 75700000,
        "incomeBeforeTaxRatio": 1.3864468864,
        "incomeTaxExpense": 7000000,
        "netIncome": 33300000,
        "netIncomeRatio": 0.6098901099,
        "eps": 0.32,
        "epsdiluted": 0.32,
        "weightedAverageShsOut": 104062500,
        "weightedAverageShsOutDil": 104062500,
        "link": "",
        "finalLink": ""
    },
    {
        "date": "1994-12-31",
        "symbol": "AMBC",
        "reportedCurrency": "USD",
        "cik": "0000874501",
        "fillingDate": "1994-12-31",
        "acceptedDate": "1994-12-30 19:00:00",
        "calendarYear": "1994",
        "period": "Q4",
        "revenue": 26700000,
        "costOfRevenue": 0,
        "grossProfit": 26700000,
        "grossProfitRatio": 1,
        "researchAndDevelopmentExpenses": 0,
        "generalAndAdministrativeExpenses": 0,
        "sellingAndMarketingExpenses": 0,
        "sellingGeneralAndAdministrativeExpenses": 0,
        "otherExpenses": 18100000,
        "operatingExpenses": 18100000,
        "costAndExpenses": 10600000,
        "interestIncome": 0,
        "interestExpense": 5000000,
        "depreciationAndAmortization": 2200000,
        "ebitda": 7200000,
        "ebitdaratio": 0.2696629213,
        "operatingIncome": 44800000,
        "operatingIncomeRatio": 1.6779026217,
        "totalOtherIncomeExpensesNet": -2100000,
        "incomeBeforeTax": 42700000,
        "incomeBeforeTaxRatio": 1.5992509363,
        "incomeTaxExpense": 7900000,
        "netIncome": 31900000,
        "netIncomeRatio": 1.1947565543,
        "eps": 0.31,
        "epsdiluted": 0.31,
        "weightedAverageShsOut": 104062500,
        "weightedAverageShsOutDil": 104062500,
        "link": "",
        "finalLink": ""
    },
    {
        "date": "1994-09-30",
        "symbol": "AMBC",
        "reportedCurrency": "USD",
        "cik": "0000874501",
        "fillingDate": "1994-09-30",
        "acceptedDate": "1994-09-29 20:00:00",
        "calendarYear": "1994",
        "period": "Q3",
        "revenue": 68700000,
        "costOfRevenue": 0,
        "grossProfit": 68700000,
        "grossProfitRatio": 1,
        "researchAndDevelopmentExpenses": 0,
        "generalAndAdministrativeExpenses": 0,
        "sellingAndMarketingExpenses": 0,
        "sellingGeneralAndAdministrativeExpenses": 0,
        "otherExpenses": -17600000,
        "operatingExpenses": -17600000,
        "costAndExpenses": 15000000,
        "interestIncome": 0,
        "interestExpense": 4800000,
        "depreciationAndAmortization": 0,
        "ebitda": 0,
        "ebitdaratio": 0,
        "operatingIncome": 51100000,
        "operatingIncomeRatio": 0.7438136827,
        "totalOtherIncomeExpensesNet": 42300000,
        "incomeBeforeTax": 93400000,
        "incomeBeforeTaxRatio": 1.3595342067,
        "incomeTaxExpense": 10300000,
        "netIncome": 36000000,
        "netIncomeRatio": 0.5240174672,
        "eps": 0.34,
        "epsdiluted": 0.34,
        "weightedAverageShsOut": 105882353,
        "weightedAverageShsOutDil": 105882353,
        "link": "",
        "finalLink": ""
    },
    {
        "date": "1994-06-30",
        "symbol": "AMBC",
        "reportedCurrency": "USD",
        "cik": "0000874501",
        "fillingDate": "1994-06-30",
        "acceptedDate": "1994-06-29 20:00:00",
        "calendarYear": "1994",
        "period": "Q2",
        "revenue": 66300000,
        "costOfRevenue": 0,
        "grossProfit": 66300000,
        "grossProfitRatio": 1,
        "researchAndDevelopmentExpenses": 0,
        "generalAndAdministrativeExpenses": 0,
        "sellingAndMarketingExpenses": 0,
        "sellingGeneralAndAdministrativeExpenses": 0,
        "otherExpenses": -17300000,
        "operatingExpenses": -17300000,
        "costAndExpenses": 4600000,
        "interestIncome": 0,
        "interestExpense": 4600000,
        "depreciationAndAmortization": 0,
        "ebitda": 0,
        "ebitdaratio": 0,
        "operatingIncome": 49000000,
        "operatingIncomeRatio": 0.7390648567,
        "totalOtherIncomeExpensesNet": 39500000,
        "incomeBeforeTax": 88500000,
        "incomeBeforeTaxRatio": 1.334841629,
        "incomeTaxExpense": 9100000,
        "netIncome": 35300000,
        "netIncomeRatio": 0.532428356,
        "eps": 0.33,
        "epsdiluted": 0.33,
        "weightedAverageShsOut": 106969697,
        "weightedAverageShsOutDil": 106969697,
        "link": "",
        "finalLink": ""
    },
    {
        "date": "1994-03-31",
        "symbol": "AMBC",
        "reportedCurrency": "USD",
        "cik": "0000874501",
        "fillingDate": "1994-03-31",
        "acceptedDate": "1994-03-30 19:00:00",
        "calendarYear": "1994",
        "period": "Q1",
        "revenue": 72400000,
        "costOfRevenue": 0,
        "grossProfit": 72400000,
        "grossProfitRatio": 1,
        "researchAndDevelopmentExpenses": 0,
        "generalAndAdministrativeExpenses": 0,
        "sellingAndMarketingExpenses": 0,
        "sellingGeneralAndAdministrativeExpenses": 0,
        "otherExpenses": -18600000,
        "operatingExpenses": -18600000,
        "costAndExpenses": 4400000,
        "interestIncome": 0,
        "interestExpense": 4400000,
        "depreciationAndAmortization": 0,
        "ebitda": 0,
        "ebitdaratio": 0,
        "operatingIncome": 53800000,
        "operatingIncomeRatio": 0.7430939227,
        "totalOtherIncomeExpensesNet": 36900000,
        "incomeBeforeTax": 90700000,
        "incomeBeforeTaxRatio": 1.2527624309,
        "incomeTaxExpense": 11500000,
        "netIncome": 37900000,
        "netIncomeRatio": 0.523480663,
        "eps": 0.36,
        "epsdiluted": 0.36,
        "weightedAverageShsOut": 105277778,
        "weightedAverageShsOutDil": 105277778,
        "link": "",
        "finalLink": ""
    },
    {
        "date": "1993-12-31",
        "symbol": "AMBC",
        "reportedCurrency": "USD",
        "cik": "0000874501",
        "fillingDate": "1993-12-31",
        "acceptedDate": "1993-12-30 19:00:00",
        "calendarYear": "1993",
        "period": "Q4",
        "revenue": 74000000,
        "costOfRevenue": 0,
        "grossProfit": 74000000,
        "grossProfitRatio": 1,
        "researchAndDevelopmentExpenses": 0,
        "generalAndAdministrativeExpenses": 0,
        "sellingAndMarketingExpenses": 0,
        "sellingGeneralAndAdministrativeExpenses": 0,
        "otherExpenses": -18300000,
        "operatingExpenses": -18300000,
        "costAndExpenses": 40400000,
        "interestIncome": 0,
        "interestExpense": 4200000,
        "depreciationAndAmortization": 0,
        "ebitda": 0,
        "ebitdaratio": 0,
        "operatingIncome": 55700000,
        "operatingIncomeRatio": 0.7527027027,
        "totalOtherIncomeExpensesNet": 39400000,
        "incomeBeforeTax": 95100000,
        "incomeBeforeTaxRatio": 1.2851351351,
        "incomeTaxExpense": 13000000,
        "netIncome": 38500000,
        "netIncomeRatio": 0.5202702703,
        "eps": 0.37,
        "epsdiluted": 0.37,
        "weightedAverageShsOut": 105277778,
        "weightedAverageShsOutDil": 105277778,
        "link": "",
        "finalLink": ""
    },
    {
        "date": "1993-09-30",
        "symbol": "AMBC",
        "reportedCurrency": "USD",
        "cik": "0000874501",
        "fillingDate": "1993-09-30",
        "acceptedDate": "1993-09-29 20:00:00",
        "calendarYear": "1993",
        "period": "Q3",
        "revenue": 90000000,
        "costOfRevenue": 0,
        "grossProfit": 90000000,
        "grossProfitRatio": 1,
        "researchAndDevelopmentExpenses": 0,
        "generalAndAdministrativeExpenses": 0,
        "sellingAndMarketingExpenses": 0,
        "sellingGeneralAndAdministrativeExpenses": 0,
        "otherExpenses": -13000000,
        "operatingExpenses": -13000000,
        "costAndExpenses": 4100000,
        "interestIncome": 0,
        "interestExpense": 4100000,
        "depreciationAndAmortization": 0,
        "ebitda": 0,
        "ebitdaratio": 0,
        "operatingIncome": 77000000,
        "operatingIncomeRatio": 0.8555555556,
        "totalOtherIncomeExpensesNet": 51300000,
        "incomeBeforeTax": 128300000,
        "incomeBeforeTaxRatio": 1.4255555556,
        "incomeTaxExpense": 22000000,
        "netIncome": 50900000,
        "netIncomeRatio": 0.5655555556,
        "eps": 0.48,
        "epsdiluted": 0.48,
        "weightedAverageShsOut": 106041667,
        "weightedAverageShsOutDil": 106041667,
        "link": "",
        "finalLink": ""
    },
    {
        "date": "1993-06-30",
        "symbol": "AMBC",
        "reportedCurrency": "USD",
        "cik": "0000874501",
        "fillingDate": "1993-06-30",
        "acceptedDate": "1993-06-29 20:00:00",
        "calendarYear": "1993",
        "period": "Q2",
        "revenue": 85500000,
        "costOfRevenue": 0,
        "grossProfit": 85500000,
        "grossProfitRatio": 1,
        "researchAndDevelopmentExpenses": 0,
        "generalAndAdministrativeExpenses": 0,
        "sellingAndMarketingExpenses": 0,
        "sellingGeneralAndAdministrativeExpenses": 0,
        "otherExpenses": -17400000,
        "operatingExpenses": -17400000,
        "costAndExpenses": 14600000,
        "interestIncome": 0,
        "interestExpense": 4000000,
        "depreciationAndAmortization": 0,
        "ebitda": 0,
        "ebitdaratio": 0,
        "operatingIncome": 68100000,
        "operatingIncomeRatio": 0.7964912281,
        "totalOtherIncomeExpensesNet": 37800000,
        "incomeBeforeTax": 105900000,
        "incomeBeforeTaxRatio": 1.2385964912,
        "incomeTaxExpense": 17700000,
        "netIncome": 46400000,
        "netIncomeRatio": 0.5426900585,
        "eps": 0.44,
        "epsdiluted": 0.44,
        "weightedAverageShsOut": 105454545,
        "weightedAverageShsOutDil": 105454545,
        "link": "",
        "finalLink": ""
    },
    {
        "date": "1993-03-31",
        "symbol": "AMBC",
        "reportedCurrency": "USD",
        "cik": "0000874501",
        "fillingDate": "1993-03-31",
        "acceptedDate": "1993-03-30 19:00:00",
        "calendarYear": "1993",
        "period": "Q1",
        "revenue": 78100000,
        "costOfRevenue": 0,
        "grossProfit": 78100000,
        "grossProfitRatio": 1,
        "researchAndDevelopmentExpenses": 0,
        "generalAndAdministrativeExpenses": 0,
        "sellingAndMarketingExpenses": 0,
        "sellingGeneralAndAdministrativeExpenses": 0,
        "otherExpenses": -15600000,
        "operatingExpenses": -15600000,
        "costAndExpenses": 13100000,
        "interestIncome": 0,
        "interestExpense": 3600000,
        "depreciationAndAmortization": 1300000,
        "ebitda": 4900000,
        "ebitdaratio": 0.0627400768,
        "operatingIncome": 62500000,
        "operatingIncomeRatio": 0.8002560819,
        "totalOtherIncomeExpensesNet": 47100000,
        "incomeBeforeTax": 109600000,
        "incomeBeforeTaxRatio": 1.4033290653,
        "incomeTaxExpense": 15400000,
        "netIncome": 43500000,
        "netIncomeRatio": 0.556978233,
        "eps": 0.42,
        "epsdiluted": 0.42,
        "weightedAverageShsOut": 103571429,
        "weightedAverageShsOutDil": 103571429,
        "link": "",
        "finalLink": ""
    },
    {
        "date": "1992-12-31",
        "symbol": "AMBC",
        "reportedCurrency": "USD",
        "cik": "0000874501",
        "fillingDate": "1992-12-31",
        "acceptedDate": "1992-12-30 19:00:00",
        "calendarYear": "1992",
        "period": "Q4",
        "revenue": 66000000,
        "costOfRevenue": 0,
        "grossProfit": 66000000,
        "grossProfitRatio": 1,
        "researchAndDevelopmentExpenses": 0,
        "generalAndAdministrativeExpenses": 0,
        "sellingAndMarketingExpenses": 0,
        "sellingGeneralAndAdministrativeExpenses": 0,
        "otherExpenses": -16700000,
        "operatingExpenses": -16700000,
        "costAndExpenses": 13200000,
        "interestIncome": 0,
        "interestExpense": 3500000,
        "depreciationAndAmortization": 1500000,
        "ebitda": 5000000,
        "ebitdaratio": 0.0757575758,
        "operatingIncome": 49300000,
        "operatingIncomeRatio": 0.746969697,
        "totalOtherIncomeExpensesNet": 36400000,
        "incomeBeforeTax": 85700000,
        "incomeBeforeTaxRatio": 1.2984848485,
        "incomeTaxExpense": 11400000,
        "netIncome": 34400000,
        "netIncomeRatio": 0.5212121212,
        "eps": 0.33,
        "epsdiluted": 0.33,
        "weightedAverageShsOut": 103571429,
        "weightedAverageShsOutDil": 103571429,
        "link": "",
        "finalLink": ""
    },
    {
        "date": "1992-09-30",
        "symbol": "AMBC",
        "reportedCurrency": "USD",
        "cik": "0000874501",
        "fillingDate": "1992-09-30",
        "acceptedDate": "1992-09-29 20:00:00",
        "calendarYear": "1992",
        "period": "Q3",
        "revenue": 65000000,
        "costOfRevenue": 0,
        "grossProfit": 65000000,
        "grossProfitRatio": 1,
        "researchAndDevelopmentExpenses": 0,
        "generalAndAdministrativeExpenses": 0,
        "sellingAndMarketingExpenses": 0,
        "sellingGeneralAndAdministrativeExpenses": 0,
        "otherExpenses": -16200000,
        "operatingExpenses": -16200000,
        "costAndExpenses": 12700000,
        "interestIncome": 0,
        "interestExpense": 3600000,
        "depreciationAndAmortization": 1300000,
        "ebitda": 4900000,
        "ebitdaratio": 0.0753846154,
        "operatingIncome": 48800000,
        "operatingIncomeRatio": 0.7507692308,
        "totalOtherIncomeExpensesNet": 32700000,
        "incomeBeforeTax": 81500000,
        "incomeBeforeTaxRatio": 1.2538461538,
        "incomeTaxExpense": 11700000,
        "netIncome": 33500000,
        "netIncomeRatio": 0.5153846154,
        "eps": 0.32,
        "epsdiluted": 0.32,
        "weightedAverageShsOut": 104687500,
        "weightedAverageShsOutDil": 104687500,
        "link": "",
        "finalLink": ""
    },
    {
        "date": "1992-06-30",
        "symbol": "AMBC",
        "reportedCurrency": "USD",
        "cik": "0000874501",
        "fillingDate": "1992-06-30",
        "acceptedDate": "1992-06-29 20:00:00",
        "calendarYear": "1992",
        "period": "Q2",
        "revenue": 59400000,
        "costOfRevenue": 0,
        "grossProfit": 59400000,
        "grossProfitRatio": 1,
        "researchAndDevelopmentExpenses": 0,
        "generalAndAdministrativeExpenses": 0,
        "sellingAndMarketingExpenses": 0,
        "sellingGeneralAndAdministrativeExpenses": 0,
        "otherExpenses": -14900000,
        "operatingExpenses": -14900000,
        "costAndExpenses": 12600000,
        "interestIncome": 0,
        "interestExpense": 3600000,
        "depreciationAndAmortization": 1000000,
        "ebitda": 4600000,
        "ebitdaratio": 0.0774410774,
        "operatingIncome": 44500000,
        "operatingIncomeRatio": 0.7491582492,
        "totalOtherIncomeExpensesNet": 36900000,
        "incomeBeforeTax": 81400000,
        "incomeBeforeTaxRatio": 1.3703703704,
        "incomeTaxExpense": 10200000,
        "netIncome": 30700000,
        "netIncomeRatio": 0.5168350168,
        "eps": 0.29,
        "epsdiluted": 0.29,
        "weightedAverageShsOut": 105862069,
        "weightedAverageShsOutDil": 105862069,
        "link": "",
        "finalLink": ""
    },
    {
        "date": "1992-03-31",
        "symbol": "AMBC",
        "reportedCurrency": "USD",
        "cik": "0000874501",
        "fillingDate": "1992-03-31",
        "acceptedDate": "1992-03-30 19:00:00",
        "calendarYear": "1992",
        "period": "Q1",
        "revenue": 50200000,
        "costOfRevenue": 0,
        "grossProfit": 50200000,
        "grossProfitRatio": 1,
        "researchAndDevelopmentExpenses": 0,
        "generalAndAdministrativeExpenses": 0,
        "sellingAndMarketingExpenses": 0,
        "sellingGeneralAndAdministrativeExpenses": 0,
        "otherExpenses": -7900000,
        "operatingExpenses": -7900000,
        "costAndExpenses": 11400000,
        "interestIncome": 0,
        "interestExpense": 3500000,
        "depreciationAndAmortization": 800000,
        "ebitda": 4300000,
        "ebitdaratio": 0.0856573705,
        "operatingIncome": 42300000,
        "operatingIncomeRatio": 0.8426294821,
        "totalOtherIncomeExpensesNet": 31200000,
        "incomeBeforeTax": 73500000,
        "incomeBeforeTaxRatio": 1.4641434263,
        "incomeTaxExpense": 7200000,
        "netIncome": 31600000,
        "netIncomeRatio": 0.6294820717,
        "eps": 0.3,
        "epsdiluted": 0.3,
        "weightedAverageShsOut": 105333333,
        "weightedAverageShsOutDil": 105333333,
        "link": "",
        "finalLink": ""
    },
    {
        "date": "1991-12-31",
        "symbol": "AMBC",
        "reportedCurrency": "USD",
        "cik": "0000874501",
        "fillingDate": "1991-12-31",
        "acceptedDate": "1991-12-30 19:00:00",
        "calendarYear": "1991",
        "period": "Q4",
        "revenue": 49900000,
        "costOfRevenue": 0,
        "grossProfit": 49900000,
        "grossProfitRatio": 1,
        "researchAndDevelopmentExpenses": 0,
        "generalAndAdministrativeExpenses": 0,
        "sellingAndMarketingExpenses": 0,
        "sellingGeneralAndAdministrativeExpenses": 0,
        "otherExpenses": -21800000,
        "operatingExpenses": -21800000,
        "costAndExpenses": -21800000,
        "interestIncome": 0,
        "interestExpense": 0,
        "depreciationAndAmortization": 0,
        "ebitda": 28100000,
        "ebitdaratio": 0.5631262525,
        "operatingIncome": 28100000,
        "operatingIncomeRatio": 0.5631262525,
        "totalOtherIncomeExpensesNet": 0,
        "incomeBeforeTax": 0,
        "incomeBeforeTaxRatio": 0,
        "incomeTaxExpense": -28100000,
        "netIncome": 28100000,
        "netIncomeRatio": 0.5631262525,
        "eps": 0.27,
        "epsdiluted": 0.27,
        "weightedAverageShsOut": 104076975,
        "weightedAverageShsOutDil": 105333333,
        "link": "",
        "finalLink": ""
    },
    {
        "date": "1991-09-30",
        "symbol": "AMBC",
        "reportedCurrency": "USD",
        "cik": "0000874501",
        "fillingDate": "1991-09-30",
        "acceptedDate": "1991-09-29 20:00:00",
        "calendarYear": "1991",
        "period": "Q3",
        "revenue": 46200000,
        "costOfRevenue": 0,
        "grossProfit": 46200000,
        "grossProfitRatio": 1,
        "researchAndDevelopmentExpenses": 0,
        "generalAndAdministrativeExpenses": 0,
        "sellingAndMarketingExpenses": 0,
        "sellingGeneralAndAdministrativeExpenses": 0,
        "otherExpenses": -18800000,
        "operatingExpenses": -18800000,
        "costAndExpenses": -18800000,
        "interestIncome": 0,
        "interestExpense": 0,
        "depreciationAndAmortization": 0,
        "ebitda": 27400000,
        "ebitdaratio": 0.5930735931,
        "operatingIncome": 27400000,
        "operatingIncomeRatio": 0.5930735931,
        "totalOtherIncomeExpensesNet": 0,
        "incomeBeforeTax": 0,
        "incomeBeforeTaxRatio": 0,
        "incomeTaxExpense": -27400000,
        "netIncome": 27400000,
        "netIncomeRatio": 0.5930735931,
        "eps": 0.26,
        "epsdiluted": 0.26,
        "weightedAverageShsOut": 105384615,
        "weightedAverageShsOutDil": 105384615,
        "link": "",
        "finalLink": ""
    },
    {
        "date": "1991-06-30",
        "symbol": "AMBC",
        "reportedCurrency": "USD",
        "cik": "0000874501",
        "fillingDate": "1991-06-30",
        "acceptedDate": "1991-06-29 20:00:00",
        "calendarYear": "1991",
        "period": "Q2",
        "revenue": 46600000,
        "costOfRevenue": 0,
        "grossProfit": 46600000,
        "grossProfitRatio": 1,
        "researchAndDevelopmentExpenses": 0,
        "generalAndAdministrativeExpenses": 0,
        "sellingAndMarketingExpenses": 0,
        "sellingGeneralAndAdministrativeExpenses": 0,
        "otherExpenses": -18700000,
        "operatingExpenses": -18700000,
        "costAndExpenses": -18700000,
        "interestIncome": 0,
        "interestExpense": 0,
        "depreciationAndAmortization": 0,
        "ebitda": 27900000,
        "ebitdaratio": 0.5987124464,
        "operatingIncome": 27900000,
        "operatingIncomeRatio": 0.5987124464,
        "totalOtherIncomeExpensesNet": 0,
        "incomeBeforeTax": 0,
        "incomeBeforeTaxRatio": 0,
        "incomeTaxExpense": -27900000,
        "netIncome": 27900000,
        "netIncomeRatio": 0.5987124464,
        "eps": 0.25,
        "epsdiluted": 0.25,
        "weightedAverageShsOut": 111600000,
        "weightedAverageShsOutDil": 111600000,
        "link": "",
        "finalLink": ""
    },
    {
        "date": "1991-03-31",
        "symbol": "AMBC",
        "reportedCurrency": "USD",
        "cik": "0000874501",
        "fillingDate": "1991-03-31",
        "acceptedDate": "1991-03-30 19:00:00",
        "calendarYear": "1991",
        "period": "Q1",
        "revenue": 43500000,
        "costOfRevenue": 0,
        "grossProfit": 43500000,
        "grossProfitRatio": 1,
        "researchAndDevelopmentExpenses": 0,
        "generalAndAdministrativeExpenses": 0,
        "sellingAndMarketingExpenses": 0,
        "sellingGeneralAndAdministrativeExpenses": 0,
        "otherExpenses": -13100000,
        "operatingExpenses": -13100000,
        "costAndExpenses": -13100000,
        "interestIncome": 0,
        "interestExpense": 0,
        "depreciationAndAmortization": 0,
        "ebitda": 30400000,
        "ebitdaratio": 0.6988505747,
        "operatingIncome": 30400000,
        "operatingIncomeRatio": 0.6988505747,
        "totalOtherIncomeExpensesNet": 0,
        "incomeBeforeTax": 0,
        "incomeBeforeTaxRatio": 0,
        "incomeTaxExpense": -30400000,
        "netIncome": 30400000,
        "netIncomeRatio": 0.6988505747,
        "eps": 0.27,
        "epsdiluted": 0.27,
        "weightedAverageShsOut": 112592593,
        "weightedAverageShsOutDil": 112592593,
        "link": "",
        "finalLink": ""
    }
]