[
    {
        "date": "2025-09-30",
        "symbol": "AMH",
        "reportedCurrency": "USD",
        "cik": "0001562401",
        "fillingDate": "2025-09-03",
        "acceptedDate": "2025-09-03 16:30:05",
        "calendarYear": "2025",
        "period": "Q3",
        "revenue": -916779000,
        "costOfRevenue": 401928000,
        "grossProfit": -514850999,
        "grossProfitRatio": 0.5615868154,
        "researchAndDevelopmentExpenses": 0,
        "generalAndAdministrativeExpenses": 20503000,
        "sellingAndMarketingExpenses": 0,
        "sellingGeneralAndAdministrativeExpenses": 20503000,
        "otherExpenses": 0,
        "operatingExpenses": 20503000,
        "costAndExpenses": 422431000,
        "interestIncome": 0,
        "interestExpense": 48199000,
        "depreciationAndAmortization": 127756000,
        "ebitda": 238840000,
        "ebitdaratio": -0.2605208016,
        "operatingIncome": -472972000,
        "operatingIncomeRatio": 0.5159062326,
        "totalOtherIncomeExpensesNet": 0,
        "incomeBeforeTax": 62885000,
        "incomeBeforeTaxRatio": -0.0685934124,
        "incomeTaxExpense": -29840000,
        "netIncome": 92725000,
        "netIncomeRatio": -0.1011421509,
        "eps": 0.27,
        "epsdiluted": 0.27,
        "weightedAverageShsOut": 370721279,
        "weightedAverageShsOutDil": 371084326,
        "link": "https://www.sec.gov/Archives/edgar/data/1562401/000156240125000073/0001562401-25-000073-index.htm",
        "finalLink": "https://www.sec.gov/Archives/edgar/data/1562401/000156240125000073/investorhighlights-sept2.htm"
    },
    {
        "date": "2025-06-30",
        "symbol": "AMH",
        "reportedCurrency": "USD",
        "cik": "0001562401",
        "fillingDate": "2025-08-01",
        "acceptedDate": "2025-08-01 14:53:43",
        "calendarYear": "2025",
        "period": "Q2",
        "revenue": 457503000,
        "costOfRevenue": 194501000,
        "grossProfit": 263002000,
        "grossProfitRatio": 0.57486399,
        "researchAndDevelopmentExpenses": 0,
        "generalAndAdministrativeExpenses": 20008000,
        "sellingAndMarketingExpenses": 1100000,
        "sellingGeneralAndAdministrativeExpenses": 20008000,
        "otherExpenses": 126939000,
        "operatingExpenses": 146947000,
        "costAndExpenses": 341448000,
        "interestIncome": 0,
        "interestExpense": 46303000,
        "depreciationAndAmortization": 126939000,
        "ebitda": 296866000,
        "ebitdaratio": 0.6488831767,
        "operatingIncome": 116055000,
        "operatingIncomeRatio": 0.2536704677,
        "totalOtherIncomeExpensesNet": 7569000,
        "incomeBeforeTax": 123624000,
        "incomeBeforeTaxRatio": 0.2702146215,
        "incomeTaxExpense": 0,
        "netIncome": 109039000,
        "netIncomeRatio": 0.2383350492,
        "eps": 0.28,
        "epsdiluted": 0.28,
        "weightedAverageShsOut": 370692250,
        "weightedAverageShsOutDil": 371059970,
        "link": "https://www.sec.gov/Archives/edgar/data/1562401/000156240125000067/0001562401-25-000067-index.htm",
        "finalLink": "https://www.sec.gov/Archives/edgar/data/1562401/000156240125000067/amh-20250630.htm"
    },
    {
        "date": "2025-03-31",
        "symbol": "AMH",
        "reportedCurrency": "USD",
        "cik": "0001562401",
        "fillingDate": "2025-05-02",
        "acceptedDate": "2025-05-02 13:49:24",
        "calendarYear": "2025",
        "period": "Q1",
        "revenue": 459276000,
        "costOfRevenue": 204772000,
        "grossProfit": 254504000,
        "grossProfitRatio": 0.5541417361,
        "researchAndDevelopmentExpenses": 0,
        "generalAndAdministrativeExpenses": 19671000,
        "sellingAndMarketingExpenses": 1100000,
        "sellingGeneralAndAdministrativeExpenses": 20771000,
        "otherExpenses": 0,
        "operatingExpenses": 20771000,
        "costAndExpenses": 225543000,
        "interestIncome": 0,
        "interestExpense": 45426000,
        "depreciationAndAmortization": 123828000,
        "ebitda": 233733000,
        "ebitdaratio": 0.5089162072,
        "operatingIncome": 233733000,
        "operatingIncomeRatio": 0.5089162072,
        "totalOtherIncomeExpensesNet": -105020000,
        "incomeBeforeTax": 128713000,
        "incomeBeforeTaxRatio": 0.2802519618,
        "incomeTaxExpense": 0,
        "netIncome": 113458000,
        "netIncomeRatio": 0.2470366403,
        "eps": 0.3,
        "epsdiluted": 0.3,
        "weightedAverageShsOut": 370372388,
        "weightedAverageShsOutDil": 370761741,
        "link": "https://www.sec.gov/Archives/edgar/data/1562401/000156240125000037/0001562401-25-000037-index.htm",
        "finalLink": "https://www.sec.gov/Archives/edgar/data/1562401/000156240125000037/amh-20250331.htm"
    },
    {
        "date": "2024-12-31",
        "symbol": "AMH",
        "reportedCurrency": "USD",
        "cik": "0001562401",
        "fillingDate": "2025-02-21",
        "acceptedDate": "2025-02-21 14:39:06",
        "calendarYear": "2024",
        "period": "Q4",
        "revenue": 436593000,
        "costOfRevenue": 185345000,
        "grossProfit": 251248000,
        "grossProfitRatio": 0.575474183,
        "researchAndDevelopmentExpenses": 0,
        "generalAndAdministrativeExpenses": 16747000,
        "sellingAndMarketingExpenses": 4918000,
        "sellingGeneralAndAdministrativeExpenses": 21665000,
        "otherExpenses": 0,
        "operatingExpenses": 21665000,
        "costAndExpenses": 207010000,
        "interestIncome": 0,
        "interestExpense": 44485000,
        "depreciationAndAmortization": 123090000,
        "ebitda": 229583000,
        "ebitdaratio": 0.5258513077,
        "operatingIncome": 229583000,
        "operatingIncomeRatio": 0.5258513077,
        "totalOtherIncomeExpensesNet": -85710000,
        "incomeBeforeTax": 143873000,
        "incomeBeforeTaxRatio": 0.3295357461,
        "incomeTaxExpense": 0,
        "netIncome": 126716000,
        "netIncomeRatio": 0.2902382768,
        "eps": 0.33,
        "epsdiluted": 0.33,
        "weightedAverageShsOut": 369378000,
        "weightedAverageShsOutDil": 369908000,
        "link": "https://www.sec.gov/Archives/edgar/data/1562401/000156240125000013/0001562401-25-000013-index.htm",
        "finalLink": "https://www.sec.gov/Archives/edgar/data/1562401/000156240125000013/amh-20241231.htm"
    },
    {
        "date": "2024-09-30",
        "symbol": "AMH",
        "reportedCurrency": "USD",
        "cik": "0001562401",
        "fillingDate": "2024-10-30",
        "acceptedDate": "2024-10-30 13:50:41",
        "calendarYear": "2024",
        "period": "Q3",
        "revenue": 445055000,
        "costOfRevenue": 206609000,
        "grossProfit": 238446000,
        "grossProfitRatio": 0.5357674894,
        "researchAndDevelopmentExpenses": 0,
        "generalAndAdministrativeExpenses": 19247000,
        "sellingAndMarketingExpenses": 900000,
        "sellingGeneralAndAdministrativeExpenses": 20147000,
        "otherExpenses": 0,
        "operatingExpenses": 20147000,
        "costAndExpenses": 226756000,
        "interestIncome": 0,
        "interestExpense": 43611000,
        "depreciationAndAmortization": 118791000,
        "ebitda": 218299000,
        "ebitdaratio": 0.4904989271,
        "operatingIncome": 218299000,
        "operatingIncomeRatio": 0.4904989271,
        "totalOtherIncomeExpensesNet": -130659000,
        "incomeBeforeTax": 87640000,
        "incomeBeforeTaxRatio": 0.1969194819,
        "incomeTaxExpense": 0,
        "netIncome": 77307000,
        "netIncomeRatio": 0.1737021267,
        "eps": 0.2,
        "epsdiluted": 0.2,
        "weightedAverageShsOut": 366981000,
        "weightedAverageShsOutDil": 367601000,
        "link": "https://www.sec.gov/Archives/edgar/data/1562401/000156240124000082/0001562401-24-000082-index.htm",
        "finalLink": "https://www.sec.gov/Archives/edgar/data/1562401/000156240124000082/amh-20240930.htm"
    },
    {
        "date": "2024-06-30",
        "symbol": "AMH",
        "reportedCurrency": "USD",
        "cik": "0001562401",
        "fillingDate": "2024-08-02",
        "acceptedDate": "2024-08-02 13:27:10",
        "calendarYear": "2024",
        "period": "Q2",
        "revenue": 423494000,
        "costOfRevenue": 184789000,
        "grossProfit": 238705000,
        "grossProfitRatio": 0.5636561557,
        "researchAndDevelopmentExpenses": 0,
        "generalAndAdministrativeExpenses": 21693000,
        "sellingAndMarketingExpenses": 800000,
        "sellingGeneralAndAdministrativeExpenses": 22493000,
        "otherExpenses": 0,
        "operatingExpenses": 22493000,
        "costAndExpenses": 207282000,
        "interestIncome": 0,
        "interestExpense": 38678000,
        "depreciationAndAmortization": 116803000,
        "ebitda": 216212000,
        "ebitdaratio": 0.5105432426,
        "operatingIncome": 216212000,
        "operatingIncomeRatio": 0.5105432426,
        "totalOtherIncomeExpensesNet": -107678000,
        "incomeBeforeTax": 108534000,
        "incomeBeforeTaxRatio": 0.2562822614,
        "incomeTaxExpense": 0,
        "netIncome": 95628000,
        "netIncomeRatio": 0.2258072133,
        "eps": 0.25,
        "epsdiluted": 0.25,
        "weightedAverageShsOut": 366778333,
        "weightedAverageShsOutDil": 367312955,
        "link": "https://www.sec.gov/Archives/edgar/data/1562401/000156240124000069/0001562401-24-000069-index.htm",
        "finalLink": "https://www.sec.gov/Archives/edgar/data/1562401/000156240124000069/amh-20240630.htm"
    },
    {
        "date": "2024-03-31",
        "symbol": "AMH",
        "reportedCurrency": "USD",
        "cik": "0001562401",
        "fillingDate": "2024-05-03",
        "acceptedDate": "2024-05-03 13:27:22",
        "calendarYear": "2024",
        "period": "Q1",
        "revenue": 423555000,
        "costOfRevenue": 190653000,
        "grossProfit": 232902000,
        "grossProfitRatio": 0.5498742784,
        "researchAndDevelopmentExpenses": 0,
        "generalAndAdministrativeExpenses": 21885000,
        "sellingAndMarketingExpenses": 800000,
        "sellingGeneralAndAdministrativeExpenses": 22685000,
        "otherExpenses": 0,
        "operatingExpenses": 22685000,
        "costAndExpenses": 213338000,
        "interestIncome": 0,
        "interestExpense": 38577000,
        "depreciationAndAmortization": 114926000,
        "ebitda": 210217000,
        "ebitdaratio": 0.4963157087,
        "operatingIncome": 210217000,
        "operatingIncomeRatio": 0.4963157087,
        "totalOtherIncomeExpensesNet": -82122000,
        "incomeBeforeTax": 128095000,
        "incomeBeforeTaxRatio": 0.3024282561,
        "incomeTaxExpense": 0,
        "netIncome": 112775000,
        "netIncomeRatio": 0.2662582191,
        "eps": 0.3,
        "epsdiluted": 0.3,
        "weightedAverageShsOut": 366513257,
        "weightedAverageShsOutDil": 366972293,
        "link": "https://www.sec.gov/Archives/edgar/data/1562401/000156240124000053/0001562401-24-000053-index.htm",
        "finalLink": "https://www.sec.gov/Archives/edgar/data/1562401/000156240124000053/amh-20240331.htm"
    },
    {
        "date": "2023-12-31",
        "symbol": "AMH",
        "reportedCurrency": "USD",
        "cik": "0001562401",
        "fillingDate": "2024-02-23",
        "acceptedDate": "2024-02-23 14:57:34",
        "calendarYear": "2023",
        "period": "Q4",
        "revenue": 408657000,
        "costOfRevenue": 178169000,
        "grossProfit": 230488000,
        "grossProfitRatio": 0.5640133413,
        "researchAndDevelopmentExpenses": 0,
        "generalAndAdministrativeExpenses": 14473000,
        "sellingAndMarketingExpenses": 4814000,
        "sellingGeneralAndAdministrativeExpenses": 19287000,
        "otherExpenses": 0,
        "operatingExpenses": 19287000,
        "costAndExpenses": 197456000,
        "interestIncome": 14241000,
        "interestExpense": 49332000,
        "depreciationAndAmortization": 114971000,
        "ebitda": 211201000,
        "ebitdaratio": 0.516817282,
        "operatingIncome": 211201000,
        "operatingIncomeRatio": 0.516817282,
        "totalOtherIncomeExpensesNet": -120264000,
        "incomeBeforeTax": 90937000,
        "incomeBeforeTaxRatio": 0.2225264709,
        "incomeTaxExpense": 0,
        "netIncome": 80103000,
        "netIncomeRatio": 0.1960152402,
        "eps": 0.21,
        "epsdiluted": 0.21,
        "weightedAverageShsOut": 362954405,
        "weightedAverageShsOutDil": 363396325,
        "link": "https://www.sec.gov/Archives/edgar/data/1562401/000156240124000021/0001562401-24-000021-index.htm",
        "finalLink": "https://www.sec.gov/Archives/edgar/data/1562401/000156240124000021/amh-20231231.htm"
    },
    {
        "date": "2023-09-30",
        "symbol": "AMH",
        "reportedCurrency": "USD",
        "cik": "0001562401",
        "fillingDate": "2023-11-03",
        "acceptedDate": "2023-11-03 13:39:03",
        "calendarYear": "2023",
        "period": "Q3",
        "revenue": 421697000,
        "costOfRevenue": 201225000,
        "grossProfit": 220472000,
        "grossProfitRatio": 0.522820888,
        "researchAndDevelopmentExpenses": 0,
        "generalAndAdministrativeExpenses": 18336000,
        "sellingAndMarketingExpenses": 800000,
        "sellingGeneralAndAdministrativeExpenses": 19136000,
        "otherExpenses": 0,
        "operatingExpenses": 19136000,
        "costAndExpenses": 220361000,
        "interestIncome": 0,
        "interestExpense": 34381000,
        "depreciationAndAmortization": 114063000,
        "ebitda": 201336000,
        "ebitdaratio": 0.4774423342,
        "operatingIncome": 201336000,
        "operatingIncomeRatio": 0.4774423342,
        "totalOtherIncomeExpensesNet": -113244000,
        "incomeBeforeTax": 88092000,
        "incomeBeforeTaxRatio": 0.2088988065,
        "incomeTaxExpense": 0,
        "netIncome": 77599000,
        "netIncomeRatio": 0.1840160115,
        "eps": 0.2,
        "epsdiluted": 0.2,
        "weightedAverageShsOut": 362426273,
        "weightedAverageShsOutDil": 362924932,
        "link": "https://www.sec.gov/Archives/edgar/data/1562401/000156240123000123/0001562401-23-000123-index.htm",
        "finalLink": "https://www.sec.gov/Archives/edgar/data/1562401/000156240123000123/amh-20230930.htm"
    },
    {
        "date": "2023-06-30",
        "symbol": "AMH",
        "reportedCurrency": "USD",
        "cik": "0001562401",
        "fillingDate": "2023-08-01",
        "acceptedDate": "2023-08-01 13:44:13",
        "calendarYear": "2023",
        "period": "Q2",
        "revenue": 395548000,
        "costOfRevenue": 177394000,
        "grossProfit": 218154000,
        "grossProfitRatio": 0.5515234561,
        "researchAndDevelopmentExpenses": 0,
        "generalAndAdministrativeExpenses": 19937000,
        "sellingAndMarketingExpenses": 700000,
        "sellingGeneralAndAdministrativeExpenses": 20637000,
        "otherExpenses": 0,
        "operatingExpenses": 20637000,
        "costAndExpenses": 198031000,
        "interestIncome": 0,
        "interestExpense": 34844000,
        "depreciationAndAmortization": 112499000,
        "ebitda": 197517000,
        "ebitdaratio": 0.4993502685,
        "operatingIncome": 197517000,
        "operatingIncomeRatio": 0.4993502685,
        "totalOtherIncomeExpensesNet": -82103000,
        "incomeBeforeTax": 115414000,
        "incomeBeforeTaxRatio": 0.2917825397,
        "incomeTaxExpense": 0,
        "netIncome": 101515000,
        "netIncomeRatio": 0.2566439471,
        "eps": 0.27,
        "epsdiluted": 0.27,
        "weightedAverageShsOut": 362148911,
        "weightedAverageShsOutDil": 362479942,
        "link": "https://www.sec.gov/Archives/edgar/data/1562401/000156240123000099/0001562401-23-000099-index.htm",
        "finalLink": "https://www.sec.gov/Archives/edgar/data/1562401/000156240123000099/amh-20230630.htm"
    },
    {
        "date": "2023-03-31",
        "symbol": "AMH",
        "reportedCurrency": "USD",
        "cik": "0001562401",
        "fillingDate": "2023-05-05",
        "acceptedDate": "2023-05-05 14:28:00",
        "calendarYear": "2023",
        "period": "Q1",
        "revenue": 397703000,
        "costOfRevenue": 182944000,
        "grossProfit": 214759000,
        "grossProfitRatio": 0.539998441,
        "researchAndDevelopmentExpenses": 0,
        "generalAndAdministrativeExpenses": 17855000,
        "sellingAndMarketingExpenses": 700000,
        "sellingGeneralAndAdministrativeExpenses": 18555000,
        "otherExpenses": 0,
        "operatingExpenses": 18555000,
        "costAndExpenses": 201499000,
        "interestIncome": 0,
        "interestExpense": 35882000,
        "depreciationAndAmortization": 112017000,
        "ebitda": 196204000,
        "ebitdaratio": 0.4933430223,
        "operatingIncome": 196204000,
        "operatingIncomeRatio": 0.4933430223,
        "totalOtherIncomeExpensesNet": -58505000,
        "incomeBeforeTax": 137699000,
        "incomeBeforeTaxRatio": 0.3462357588,
        "incomeTaxExpense": 0,
        "netIncome": 120951000,
        "netIncomeRatio": 0.3041239317,
        "eps": 0.33,
        "epsdiluted": 0.32,
        "weightedAverageShsOut": 360353124,
        "weightedAverageShsOutDil": 360674370,
        "link": "https://www.sec.gov/Archives/edgar/data/1562401/000156240123000047/0001562401-23-000047-index.htm",
        "finalLink": "https://www.sec.gov/Archives/edgar/data/1562401/000156240123000047/amh-20230331.htm"
    },
    {
        "date": "2022-12-31",
        "symbol": "AMH",
        "reportedCurrency": "USD",
        "cik": "0001562401",
        "fillingDate": "2023-02-24",
        "acceptedDate": "2023-02-24 14:15:52",
        "calendarYear": "2022",
        "period": "Q4",
        "revenue": 380926000,
        "costOfRevenue": 170608000,
        "grossProfit": 210318000,
        "grossProfitRatio": 0.5521229845,
        "researchAndDevelopmentExpenses": 0,
        "generalAndAdministrativeExpenses": 11045000,
        "sellingAndMarketingExpenses": 1697000,
        "sellingGeneralAndAdministrativeExpenses": 12742000,
        "otherExpenses": 0,
        "operatingExpenses": 12742000,
        "costAndExpenses": 183350000,
        "interestIncome": 0,
        "interestExpense": 36249000,
        "depreciationAndAmortization": 112343000,
        "ebitda": 194876000,
        "ebitdaratio": 0.5115849273,
        "operatingIncome": 197576000,
        "operatingIncomeRatio": 0.5186729181,
        "totalOtherIncomeExpensesNet": -93785000,
        "incomeBeforeTax": 103791000,
        "incomeBeforeTaxRatio": 0.2724702436,
        "incomeTaxExpense": 0,
        "netIncome": 91023000,
        "netIncomeRatio": 0.2389519224,
        "eps": 0.25,
        "epsdiluted": 0.24,
        "weightedAverageShsOut": 353857902,
        "weightedAverageShsOutDil": 354185629,
        "link": "https://www.sec.gov/Archives/edgar/data/1562401/000156240123000032/0001562401-23-000032-index.htm",
        "finalLink": "https://www.sec.gov/Archives/edgar/data/1562401/000156240123000032/amh-20221231.htm"
    },
    {
        "date": "2022-09-30",
        "symbol": "AMH",
        "reportedCurrency": "USD",
        "cik": "0001562401",
        "fillingDate": "2022-11-04",
        "acceptedDate": "2022-11-04 14:09:11",
        "calendarYear": "2022",
        "period": "Q3",
        "revenue": 391627000,
        "costOfRevenue": 186286000,
        "grossProfit": 205341000,
        "grossProfitRatio": 0.5243279958,
        "researchAndDevelopmentExpenses": 0,
        "generalAndAdministrativeExpenses": 16986000,
        "sellingAndMarketingExpenses": 700000,
        "sellingGeneralAndAdministrativeExpenses": 17686000,
        "otherExpenses": 0,
        "operatingExpenses": 17686000,
        "costAndExpenses": 203972000,
        "interestIncome": 0,
        "interestExpense": 36254000,
        "depreciationAndAmortization": 108619000,
        "ebitda": 187655000,
        "ebitdaratio": 0.4791676774,
        "operatingIncome": 187655000,
        "operatingIncomeRatio": 0.4791676774,
        "totalOtherIncomeExpensesNet": -125990000,
        "incomeBeforeTax": 61665000,
        "incomeBeforeTaxRatio": 0.1574585001,
        "incomeTaxExpense": 0,
        "netIncome": 54201000,
        "netIncomeRatio": 0.1383995486,
        "eps": 0.14,
        "epsdiluted": 0.14,
        "weightedAverageShsOut": 348944055,
        "weightedAverageShsOutDil": 349344541,
        "link": "https://www.sec.gov/Archives/edgar/data/1562401/000156240122000115/0001562401-22-000115-index.htm",
        "finalLink": "https://www.sec.gov/Archives/edgar/data/1562401/000156240122000115/amh-20220930.htm"
    },
    {
        "date": "2022-06-30",
        "symbol": "AMH",
        "reportedCurrency": "USD",
        "cik": "0001562401",
        "fillingDate": "2022-08-05",
        "acceptedDate": "2022-08-05 14:32:12",
        "calendarYear": "2022",
        "period": "Q2",
        "revenue": 361876000,
        "costOfRevenue": 165696000,
        "grossProfit": 196180000,
        "grossProfitRatio": 0.5421194,
        "researchAndDevelopmentExpenses": 0,
        "generalAndAdministrativeExpenses": 18847000,
        "sellingAndMarketingExpenses": 700000,
        "sellingGeneralAndAdministrativeExpenses": 19547000,
        "otherExpenses": 0,
        "operatingExpenses": 19547000,
        "costAndExpenses": 185243000,
        "interestIncome": 0,
        "interestExpense": 34801000,
        "depreciationAndAmortization": 103715000,
        "ebitda": 176633000,
        "ebitdaratio": 0.4881036598,
        "operatingIncome": 176633000,
        "operatingIncomeRatio": 0.4881036598,
        "totalOtherIncomeExpensesNet": -102078000,
        "incomeBeforeTax": 74555000,
        "incomeBeforeTaxRatio": 0.2060236103,
        "incomeTaxExpense": 0,
        "netIncome": 66212000,
        "netIncomeRatio": 0.1829687517,
        "eps": 0.16,
        "epsdiluted": 0.16,
        "weightedAverageShsOut": 348484158,
        "weightedAverageShsOutDil": 349002624,
        "link": "https://www.sec.gov/Archives/edgar/data/1562401/000156240122000098/0001562401-22-000098-index.htm",
        "finalLink": "https://www.sec.gov/Archives/edgar/data/1562401/000156240122000098/amh-20220630.htm"
    },
    {
        "date": "2022-03-31",
        "symbol": "AMH",
        "reportedCurrency": "USD",
        "cik": "0001562401",
        "fillingDate": "2022-05-06",
        "acceptedDate": "2022-05-06 14:38:52",
        "calendarYear": "2022",
        "period": "Q1",
        "revenue": 356105000,
        "costOfRevenue": 165651000,
        "grossProfit": 190454000,
        "grossProfitRatio": 0.5348254026,
        "researchAndDevelopmentExpenses": 0,
        "generalAndAdministrativeExpenses": 17282000,
        "sellingAndMarketingExpenses": 800000,
        "sellingGeneralAndAdministrativeExpenses": 18082000,
        "otherExpenses": 0,
        "operatingExpenses": 18082000,
        "costAndExpenses": 183733000,
        "interestIncome": 0,
        "interestExpense": 27567000,
        "depreciationAndAmortization": 99154000,
        "ebitda": 172372000,
        "ebitdaratio": 0.4840482442,
        "operatingIncome": 172372000,
        "operatingIncomeRatio": 0.4840482442,
        "totalOtherIncomeExpensesNet": -102358000,
        "incomeBeforeTax": 70014000,
        "incomeBeforeTaxRatio": 0.1966105503,
        "incomeTaxExpense": 0,
        "netIncome": 61702000,
        "netIncomeRatio": 0.1732691201,
        "eps": 0.16,
        "epsdiluted": 0.16,
        "weightedAverageShsOut": 345742526,
        "weightedAverageShsOutDil": 346480823,
        "link": "https://www.sec.gov/Archives/edgar/data/1562401/000156240122000076/0001562401-22-000076-index.htm",
        "finalLink": "https://www.sec.gov/Archives/edgar/data/1562401/000156240122000076/amh-20220331.htm"
    },
    {
        "date": "2021-12-31",
        "symbol": "AMH",
        "reportedCurrency": "USD",
        "cik": "0001562401",
        "fillingDate": "2022-02-25",
        "acceptedDate": "2022-02-25 15:01:40",
        "calendarYear": "2021",
        "period": "Q4",
        "revenue": 338092000,
        "costOfRevenue": 151083000,
        "grossProfit": 187009000,
        "grossProfitRatio": 0.5531305089,
        "researchAndDevelopmentExpenses": 0,
        "generalAndAdministrativeExpenses": 11842000,
        "sellingAndMarketingExpenses": 857000,
        "sellingGeneralAndAdministrativeExpenses": 12699000,
        "otherExpenses": 0,
        "operatingExpenses": 12699000,
        "costAndExpenses": 163782000,
        "interestIncome": 0,
        "interestExpense": 28263000,
        "depreciationAndAmortization": 96366000,
        "ebitda": 170410000,
        "ebitdaratio": 0.5040344048,
        "operatingIncome": 174310000,
        "operatingIncomeRatio": 0.5155697266,
        "totalOtherIncomeExpensesNet": -112987000,
        "incomeBeforeTax": 61323000,
        "incomeBeforeTaxRatio": 0.1813796245,
        "incomeTaxExpense": 0,
        "netIncome": 53868000,
        "netIncomeRatio": 0.1593294133,
        "eps": 0.14,
        "epsdiluted": 0.14,
        "weightedAverageShsOut": 336014151,
        "weightedAverageShsOutDil": 336600433,
        "link": "https://www.sec.gov/Archives/edgar/data/1562401/000156240122000039/0001562401-22-000039-index.htm",
        "finalLink": "https://www.sec.gov/Archives/edgar/data/1562401/000156240122000039/amh-20211231.htm"
    },
    {
        "date": "2021-09-30",
        "symbol": "AMH",
        "reportedCurrency": "USD",
        "cik": "0001562401",
        "fillingDate": "2021-11-05",
        "acceptedDate": "2021-11-05 14:41:22",
        "calendarYear": "2021",
        "period": "Q3",
        "revenue": 339563000,
        "costOfRevenue": 162535000,
        "grossProfit": 177028000,
        "grossProfitRatio": 0.5213406643,
        "researchAndDevelopmentExpenses": 0,
        "generalAndAdministrativeExpenses": 12647000,
        "sellingAndMarketingExpenses": 1000000,
        "sellingGeneralAndAdministrativeExpenses": 13647000,
        "otherExpenses": 0,
        "operatingExpenses": 13647000,
        "costAndExpenses": 176182000,
        "interestIncome": 0,
        "interestExpense": 31097000,
        "depreciationAndAmortization": 93494000,
        "ebitda": 163381000,
        "ebitdaratio": 0.4811507732,
        "operatingIncome": 163381000,
        "operatingIncomeRatio": 0.4811507732,
        "totalOtherIncomeExpensesNet": -114880000,
        "incomeBeforeTax": 48501000,
        "incomeBeforeTaxRatio": 0.1428335832,
        "incomeTaxExpense": 0,
        "netIncome": 42632000,
        "netIncomeRatio": 0.1255496035,
        "eps": 0.11,
        "epsdiluted": 0.11,
        "weightedAverageShsOut": 324002538,
        "weightedAverageShsOutDil": 326206423,
        "link": "https://www.sec.gov/Archives/edgar/data/1562401/000156240121000139/0001562401-21-000139-index.htm",
        "finalLink": "https://www.sec.gov/Archives/edgar/data/1562401/000156240121000139/amh-20210930.htm"
    },
    {
        "date": "2021-06-30",
        "symbol": "AMH",
        "reportedCurrency": "USD",
        "cik": "0001562401",
        "fillingDate": "2021-08-06",
        "acceptedDate": "2021-08-06 14:02:54",
        "calendarYear": "2021",
        "period": "Q2",
        "revenue": 313654000,
        "costOfRevenue": 141962000,
        "grossProfit": 171692000,
        "grossProfitRatio": 0.5473929872,
        "researchAndDevelopmentExpenses": 0,
        "generalAndAdministrativeExpenses": 12793000,
        "sellingAndMarketingExpenses": 1100000,
        "sellingGeneralAndAdministrativeExpenses": 13893000,
        "otherExpenses": 0,
        "operatingExpenses": 13893000,
        "costAndExpenses": 155855000,
        "interestIncome": 0,
        "interestExpense": 27528000,
        "depreciationAndAmortization": 90017000,
        "ebitda": 157799000,
        "ebitdaratio": 0.5030989562,
        "operatingIncome": 157799000,
        "operatingIncomeRatio": 0.5030989562,
        "totalOtherIncomeExpensesNet": -105985000,
        "incomeBeforeTax": 51814000,
        "incomeBeforeTaxRatio": 0.1651947688,
        "incomeTaxExpense": 0,
        "netIncome": 48596000,
        "netIncomeRatio": 0.1549350558,
        "eps": 0.0629,
        "epsdiluted": 0.06,
        "weightedAverageShsOut": 319752730,
        "weightedAverageShsOutDil": 320808996,
        "link": "https://www.sec.gov/Archives/edgar/data/1562401/000156240121000123/0001562401-21-000123-index.htm",
        "finalLink": "https://www.sec.gov/Archives/edgar/data/1562401/000156240121000123/amh-20210630.htm"
    },
    {
        "date": "2021-03-31",
        "symbol": "AMH",
        "reportedCurrency": "USD",
        "cik": "0001562401",
        "fillingDate": "2021-05-07",
        "acceptedDate": "2021-05-07 14:10:16",
        "calendarYear": "2021",
        "period": "Q1",
        "revenue": 312573000,
        "costOfRevenue": 147239000,
        "grossProfit": 165334000,
        "grossProfitRatio": 0.5289452384,
        "researchAndDevelopmentExpenses": 0,
        "generalAndAdministrativeExpenses": 15205000,
        "sellingAndMarketingExpenses": 0,
        "sellingGeneralAndAdministrativeExpenses": 15205000,
        "otherExpenses": 0,
        "operatingExpenses": 15205000,
        "costAndExpenses": 162444000,
        "interestIncome": 0,
        "interestExpense": 28005000,
        "depreciationAndAmortization": 89071000,
        "ebitda": 149129000,
        "ebitdaratio": 0.4771013491,
        "operatingIncome": 150129000,
        "operatingIncomeRatio": 0.4803006018,
        "totalOtherIncomeExpensesNet": -101208000,
        "incomeBeforeTax": 48921000,
        "incomeBeforeTaxRatio": 0.1565106391,
        "incomeTaxExpense": 0,
        "netIncome": 43996000,
        "netIncomeRatio": 0.1407543198,
        "eps": 0.095,
        "epsdiluted": 0.09,
        "weightedAverageShsOut": 316982460,
        "weightedAverageShsOutDil": 317441397,
        "link": "https://www.sec.gov/Archives/edgar/data/1562401/000156240121000071/0001562401-21-000071-index.htm",
        "finalLink": "https://www.sec.gov/Archives/edgar/data/1562401/000156240121000071/amh-20210331.htm"
    },
    {
        "date": "2020-12-31",
        "symbol": "AMH",
        "reportedCurrency": "USD",
        "cik": "0001562401",
        "fillingDate": "2021-02-26",
        "acceptedDate": "2021-02-26 13:20:19",
        "calendarYear": "2020",
        "period": "Q4",
        "revenue": 296551000,
        "costOfRevenue": 132119000,
        "grossProfit": 164432000,
        "grossProfitRatio": 0.554481354,
        "researchAndDevelopmentExpenses": 0,
        "generalAndAdministrativeExpenses": 9741000,
        "sellingAndMarketingExpenses": 347000,
        "sellingGeneralAndAdministrativeExpenses": 10088000,
        "otherExpenses": 0,
        "operatingExpenses": 10088000,
        "costAndExpenses": 142207000,
        "interestIncome": 0,
        "interestExpense": 28498000,
        "depreciationAndAmortization": 87500000,
        "ebitda": 150244000,
        "ebitdaratio": 0.5066379813,
        "operatingIncome": 154344000,
        "operatingIncomeRatio": 0.5204635965,
        "totalOtherIncomeExpensesNet": -109002000,
        "incomeBeforeTax": 45342000,
        "incomeBeforeTaxRatio": 0.1528978152,
        "incomeTaxExpense": 0,
        "netIncome": 40863000,
        "netIncomeRatio": 0.1377941737,
        "eps": 0.0854,
        "epsdiluted": 0.0854,
        "weightedAverageShsOut": 316424015,
        "weightedAverageShsOutDil": 316884567,
        "link": "https://www.sec.gov/Archives/edgar/data/1562401/000156240121000041/0001562401-21-000041-index.htm",
        "finalLink": "https://www.sec.gov/Archives/edgar/data/1562401/000156240121000041/amh-20201231.htm"
    },
    {
        "date": "2020-09-30",
        "symbol": "AMH",
        "reportedCurrency": "USD",
        "cik": "0001562401",
        "fillingDate": "2020-11-06",
        "acceptedDate": "2020-11-06 16:07:17",
        "calendarYear": "2020",
        "period": "Q3",
        "revenue": 307932000,
        "costOfRevenue": 149766000,
        "grossProfit": 158166000,
        "grossProfitRatio": 0.5136393749,
        "researchAndDevelopmentExpenses": 0,
        "generalAndAdministrativeExpenses": 12570000,
        "sellingAndMarketingExpenses": 1000000,
        "sellingGeneralAndAdministrativeExpenses": 13570000,
        "otherExpenses": 0,
        "operatingExpenses": 13570000,
        "costAndExpenses": 163336000,
        "interestIncome": 0,
        "interestExpense": 29267000,
        "depreciationAndAmortization": 85996000,
        "ebitda": 144596000,
        "ebitdaratio": 0.469571204,
        "operatingIncome": 144596000,
        "operatingIncomeRatio": 0.469571204,
        "totalOtherIncomeExpensesNet": -104443000,
        "incomeBeforeTax": 40153000,
        "incomeBeforeTaxRatio": 0.1303956718,
        "incomeTaxExpense": 0,
        "netIncome": 36334000,
        "netIncomeRatio": 0.117993583,
        "eps": 0.073,
        "epsdiluted": 0.07,
        "weightedAverageShsOut": 308080226,
        "weightedAverageShsOutDil": 308541502,
        "link": "https://www.sec.gov/Archives/edgar/data/1562401/000156240120000148/0001562401-20-000148-index.htm",
        "finalLink": "https://www.sec.gov/Archives/edgar/data/1562401/000156240120000148/amh-20200930.htm"
    },
    {
        "date": "2020-06-30",
        "symbol": "AMH",
        "reportedCurrency": "USD",
        "cik": "0001562401",
        "fillingDate": "2020-08-07",
        "acceptedDate": "2020-08-07 17:51:14",
        "calendarYear": "2020",
        "period": "Q2",
        "revenue": 280689000,
        "costOfRevenue": 134652000,
        "grossProfit": 146037000,
        "grossProfitRatio": 0.5202804527,
        "researchAndDevelopmentExpenses": 0,
        "generalAndAdministrativeExpenses": 11493000,
        "sellingAndMarketingExpenses": 0,
        "sellingGeneralAndAdministrativeExpenses": 11493000,
        "otherExpenses": 0,
        "operatingExpenses": 11493000,
        "costAndExpenses": 146145000,
        "interestIncome": 0,
        "interestExpense": 29558000,
        "depreciationAndAmortization": 83735999,
        "ebitda": 133443999,
        "ebitdaratio": 0.4754158481,
        "operatingIncome": 134544000,
        "operatingIncomeRatio": 0.4793347798,
        "totalOtherIncomeExpensesNet": -102737000,
        "incomeBeforeTax": 31807000,
        "incomeBeforeTaxRatio": 0.1133175864,
        "incomeTaxExpense": 0,
        "netIncome": 29151000,
        "netIncomeRatio": 0.1038551564,
        "eps": 0.0509,
        "epsdiluted": 0.05,
        "weightedAverageShsOut": 301011545,
        "weightedAverageShsOutDil": 301412243,
        "link": "https://www.sec.gov/Archives/edgar/data/1562401/000156240120000123/0001562401-20-000123-index.htm",
        "finalLink": "https://www.sec.gov/Archives/edgar/data/1562401/000156240120000123/amh-20200630.htm"
    },
    {
        "date": "2020-03-31",
        "symbol": "AMH",
        "reportedCurrency": "USD",
        "cik": "0001562401",
        "fillingDate": "2020-05-08",
        "acceptedDate": "2020-05-08 14:33:18",
        "calendarYear": "2020",
        "period": "Q1",
        "revenue": 287342000,
        "costOfRevenue": 132919999,
        "grossProfit": 154422000,
        "grossProfitRatio": 0.5374153448,
        "researchAndDevelopmentExpenses": 0,
        "generalAndAdministrativeExpenses": 11266000,
        "sellingAndMarketingExpenses": 0,
        "sellingGeneralAndAdministrativeExpenses": 11266000,
        "otherExpenses": 0,
        "operatingExpenses": 11266000,
        "costAndExpenses": 144185999,
        "interestIncome": 0,
        "interestExpense": 29715000,
        "depreciationAndAmortization": 81821000,
        "ebitda": 142156000,
        "ebitdaratio": 0.4947275372,
        "operatingIncome": 143156000,
        "operatingIncomeRatio": 0.4982077107,
        "totalOtherIncomeExpensesNet": -105629000,
        "incomeBeforeTax": 37527000,
        "incomeBeforeTaxRatio": 0.1306004691,
        "incomeTaxExpense": 0,
        "netIncome": 34026000,
        "netIncomeRatio": 0.1184163819,
        "eps": 0.0671,
        "epsdiluted": 0.0671,
        "weightedAverageShsOut": 300813069,
        "weightedAverageShsOutDil": 301305068,
        "link": "https://www.sec.gov/Archives/edgar/data/1562401/000156240120000090/0001562401-20-000090-index.htm",
        "finalLink": "https://www.sec.gov/Archives/edgar/data/1562401/000156240120000090/amh-20200331.htm"
    },
    {
        "date": "2019-12-31",
        "symbol": "AMH",
        "reportedCurrency": "USD",
        "cik": "0001562401",
        "fillingDate": "2020-02-28",
        "acceptedDate": "2020-02-28 16:32:49",
        "calendarYear": "2019",
        "period": "Q4",
        "revenue": 284010000,
        "costOfRevenue": 125379000,
        "grossProfit": 158631000,
        "grossProfitRatio": 0.5585401922,
        "researchAndDevelopmentExpenses": 0,
        "generalAndAdministrativeExpenses": 12178000,
        "sellingAndMarketingExpenses": 0,
        "sellingGeneralAndAdministrativeExpenses": 12178000,
        "otherExpenses": 0,
        "operatingExpenses": 12178000,
        "costAndExpenses": 137557000,
        "interestIncome": 0,
        "interestExpense": 31163000,
        "depreciationAndAmortization": 81919000,
        "ebitda": 145153000,
        "ebitdaratio": 0.5110841168,
        "operatingIncome": 146453000,
        "operatingIncomeRatio": 0.5156614204,
        "totalOtherIncomeExpensesNet": -104989000,
        "incomeBeforeTax": 41464000,
        "incomeBeforeTaxRatio": 0.1459948593,
        "incomeTaxExpense": 0,
        "netIncome": 37372000,
        "netIncomeRatio": 0.131586916,
        "eps": 0.0783,
        "epsdiluted": 0.0783,
        "weightedAverageShsOut": 300724761,
        "weightedAverageShsOutDil": 301213621,
        "link": "https://www.sec.gov/Archives/edgar/data/1562401/000156240120000037/0001562401-20-000037-index.htm",
        "finalLink": "https://www.sec.gov/Archives/edgar/data/1562401/000156240120000037/amh12311910k.htm"
    },
    {
        "date": "2019-09-30",
        "symbol": "AMH",
        "reportedCurrency": "USD",
        "cik": "0001562401",
        "fillingDate": "2019-11-08",
        "acceptedDate": "2019-11-08 14:08:54",
        "calendarYear": "2019",
        "period": "Q3",
        "revenue": 298304000,
        "costOfRevenue": 143169000,
        "grossProfit": 155135000,
        "grossProfitRatio": 0.5200567207,
        "researchAndDevelopmentExpenses": 0,
        "generalAndAdministrativeExpenses": 11107000,
        "sellingAndMarketingExpenses": 0,
        "sellingGeneralAndAdministrativeExpenses": 11107000,
        "otherExpenses": 0,
        "operatingExpenses": 11107000,
        "costAndExpenses": 154276000,
        "interestIncome": 0,
        "interestExpense": 31465000,
        "depreciationAndAmortization": 80273000,
        "ebitda": 142228000,
        "ebitdaratio": 0.4767887792,
        "operatingIncome": 144028000,
        "operatingIncomeRatio": 0.4828228921,
        "totalOtherIncomeExpensesNet": -102627000,
        "incomeBeforeTax": 41401000,
        "incomeBeforeTaxRatio": 0.1387879479,
        "incomeTaxExpense": 0,
        "netIncome": 37302000,
        "netIncomeRatio": 0.125046932,
        "eps": 0.0781,
        "epsdiluted": 0.0781,
        "weightedAverageShsOut": 300580978,
        "weightedAverageShsOutDil": 301032855,
        "link": "https://www.sec.gov/Archives/edgar/data/1562401/000156240119000144/0001562401-19-000144-index.htm",
        "finalLink": "https://www.sec.gov/Archives/edgar/data/1562401/000156240119000144/amh09301910q.htm"
    },
    {
        "date": "2019-06-30",
        "symbol": "AMH",
        "reportedCurrency": "USD",
        "cik": "0001562401",
        "fillingDate": "2019-08-02",
        "acceptedDate": "2019-08-02 15:14:53",
        "calendarYear": "2019",
        "period": "Q2",
        "revenue": 281860000,
        "costOfRevenue": 127211000,
        "grossProfit": 154649000,
        "grossProfitRatio": 0.5486731001,
        "researchAndDevelopmentExpenses": 0,
        "generalAndAdministrativeExpenses": 10486000,
        "sellingAndMarketingExpenses": 0,
        "sellingGeneralAndAdministrativeExpenses": 10486000,
        "otherExpenses": 0,
        "operatingExpenses": 10486000,
        "costAndExpenses": 137697000,
        "interestIncome": 0,
        "interestExpense": 32571000,
        "depreciationAndAmortization": 80440000,
        "ebitda": 141763000,
        "ebitdaratio": 0.5029553679,
        "operatingIncome": 144163000,
        "operatingIncomeRatio": 0.5114702334,
        "totalOtherIncomeExpensesNet": -103859000,
        "incomeBeforeTax": 40304000,
        "incomeBeforeTaxRatio": 0.1429929752,
        "incomeTaxExpense": 0,
        "netIncome": 36300000,
        "netIncomeRatio": 0.1287873412,
        "eps": 0.075,
        "epsdiluted": 0.075,
        "weightedAverageShsOut": 299466526,
        "weightedAverageShsOutDil": 299991084,
        "link": "https://www.sec.gov/Archives/edgar/data/1562401/000156240119000123/0001562401-19-000123-index.htm",
        "finalLink": "https://www.sec.gov/Archives/edgar/data/1562401/000156240119000123/amh06301910q.htm"
    },
    {
        "date": "2019-03-31",
        "symbol": "AMH",
        "reportedCurrency": "USD",
        "cik": "0001562401",
        "fillingDate": "2019-05-03",
        "acceptedDate": "2019-05-03 13:22:04",
        "calendarYear": "2019",
        "period": "Q1",
        "revenue": 279204000,
        "costOfRevenue": 128227000,
        "grossProfit": 150977000,
        "grossProfitRatio": 0.5407408203,
        "researchAndDevelopmentExpenses": 0,
        "generalAndAdministrativeExpenses": 9435000,
        "sellingAndMarketingExpenses": 0,
        "sellingGeneralAndAdministrativeExpenses": 9435000,
        "otherExpenses": 0,
        "operatingExpenses": 9435000,
        "costAndExpenses": 137662000,
        "interestIncome": 0,
        "interestExpense": 31915000,
        "depreciationAndAmortization": 78661000,
        "ebitda": 139042000,
        "ebitdaratio": 0.4979942981,
        "operatingIncome": 141542000,
        "operatingIncomeRatio": 0.5069483245,
        "totalOtherIncomeExpensesNet": -108451000,
        "incomeBeforeTax": 33091000,
        "incomeBeforeTaxRatio": 0.1185190757,
        "incomeTaxExpense": 0,
        "netIncome": 30065000,
        "netIncomeRatio": 0.107681122,
        "eps": 0.0548,
        "epsdiluted": 0.05,
        "weightedAverageShsOut": 296833755,
        "weightedAverageShsOutDil": 297444941,
        "link": "https://www.sec.gov/Archives/edgar/data/1562401/000156240119000070/0001562401-19-000070-index.htm",
        "finalLink": "https://www.sec.gov/Archives/edgar/data/1562401/000156240119000070/amh03311910q.htm"
    },
    {
        "date": "2018-12-31",
        "symbol": "AMH",
        "reportedCurrency": "USD",
        "cik": "0001562401",
        "fillingDate": "2019-02-22",
        "acceptedDate": "2019-02-22 15:00:18",
        "calendarYear": "2018",
        "period": "Q4",
        "revenue": 270316000,
        "costOfRevenue": 119118000,
        "grossProfit": 151198000,
        "grossProfitRatio": 0.55933796,
        "researchAndDevelopmentExpenses": 0,
        "generalAndAdministrativeExpenses": 8402000,
        "sellingAndMarketingExpenses": 0,
        "sellingGeneralAndAdministrativeExpenses": 8402000,
        "otherExpenses": 0,
        "operatingExpenses": 8402000,
        "costAndExpenses": 127520000,
        "interestIncome": 0,
        "interestExpense": 30691000,
        "depreciationAndAmortization": 77823000,
        "ebitda": 139496000,
        "ebitdaratio": 0.5160478847,
        "operatingIncome": 142796000,
        "operatingIncomeRatio": 0.5282558191,
        "totalOtherIncomeExpensesNet": -108062000,
        "incomeBeforeTax": 34734000,
        "incomeBeforeTaxRatio": 0.1284940588,
        "incomeTaxExpense": 0,
        "netIncome": 31414000,
        "netIncomeRatio": 0.1162121369,
        "eps": 0.0594,
        "epsdiluted": 0.0594,
        "weightedAverageShsOut": 296559183,
        "weightedAverageShsOutDil": 297067211,
        "link": "https://www.sec.gov/Archives/edgar/data/1562401/000156240119000020/0001562401-19-000020-index.htm",
        "finalLink": "https://www.sec.gov/Archives/edgar/data/1562401/000156240119000020/amh12311810k.htm"
    },
    {
        "date": "2018-09-30",
        "symbol": "AMH",
        "reportedCurrency": "USD",
        "cik": "0001562401",
        "fillingDate": "2018-11-02",
        "acceptedDate": "2018-11-02 14:14:03",
        "calendarYear": "2018",
        "period": "Q3",
        "revenue": 280052000,
        "costOfRevenue": 133520000,
        "grossProfit": 146532000,
        "grossProfitRatio": 0.5232313999,
        "researchAndDevelopmentExpenses": 0,
        "generalAndAdministrativeExpenses": 9265000,
        "sellingAndMarketingExpenses": 0,
        "sellingGeneralAndAdministrativeExpenses": 9265000,
        "otherExpenses": 0,
        "operatingExpenses": 9265000,
        "costAndExpenses": 142785000,
        "interestIncome": 0,
        "interestExpense": 30930000,
        "depreciationAndAmortization": 76940000,
        "ebitda": 134267000,
        "ebitdaratio": 0.4794359619,
        "operatingIncome": 137267000,
        "operatingIncomeRatio": 0.4901482582,
        "totalOtherIncomeExpensesNet": -106986000,
        "incomeBeforeTax": 30281000,
        "incomeBeforeTaxRatio": 0.108126348,
        "incomeTaxExpense": 0,
        "netIncome": 27400000,
        "netIncomeRatio": 0.0978389728,
        "eps": 0.0512,
        "epsdiluted": 0.05,
        "weightedAverageShsOut": 296214509,
        "weightedAverageShsOutDil": 296967649,
        "link": "https://www.sec.gov/Archives/edgar/data/1562401/000156240118000108/0001562401-18-000108-index.htm",
        "finalLink": "https://www.sec.gov/Archives/edgar/data/1562401/000156240118000108/amh09301810q.htm"
    },
    {
        "date": "2018-06-30",
        "symbol": "AMH",
        "reportedCurrency": "USD",
        "cik": "0001562401",
        "fillingDate": "2018-08-03",
        "acceptedDate": "2018-08-03 12:57:00",
        "calendarYear": "2018",
        "period": "Q2",
        "revenue": 264483000,
        "costOfRevenue": 118780000,
        "grossProfit": 145703000,
        "grossProfitRatio": 0.5508974112,
        "researchAndDevelopmentExpenses": 0,
        "generalAndAdministrativeExpenses": 9677000,
        "sellingAndMarketingExpenses": 0,
        "sellingGeneralAndAdministrativeExpenses": 9677000,
        "otherExpenses": 0,
        "operatingExpenses": 9677000,
        "costAndExpenses": 128457000,
        "interestIncome": 0,
        "interestExpense": 31978000,
        "depreciationAndAmortization": 75819000,
        "ebitda": 133526000,
        "ebitdaratio": 0.5048566449,
        "operatingIncome": 136026000,
        "operatingIncomeRatio": 0.5143090482,
        "totalOtherIncomeExpensesNet": -110128000,
        "incomeBeforeTax": 25898000,
        "incomeBeforeTaxRatio": 0.097919337,
        "incomeTaxExpense": 0,
        "netIncome": 29048000,
        "netIncomeRatio": 0.1098293652,
        "eps": -0.0513,
        "epsdiluted": -0.0513,
        "weightedAverageShsOut": 295462572,
        "weightedAverageShsOutDil": 295462572,
        "link": "https://www.sec.gov/Archives/edgar/data/1562401/000156240118000084/0001562401-18-000084-index.htm",
        "finalLink": "https://www.sec.gov/Archives/edgar/data/1562401/000156240118000084/amh06301810q.htm"
    },
    {
        "date": "2018-03-31",
        "symbol": "AMH",
        "reportedCurrency": "USD",
        "cik": "0001562401",
        "fillingDate": "2018-05-04",
        "acceptedDate": "2018-05-04 13:42:15",
        "calendarYear": "2018",
        "period": "Q1",
        "revenue": 258004000,
        "costOfRevenue": 121285000,
        "grossProfit": 136719000,
        "grossProfitRatio": 0.529910389,
        "researchAndDevelopmentExpenses": 0,
        "generalAndAdministrativeExpenses": 9231000,
        "sellingAndMarketingExpenses": 0,
        "sellingGeneralAndAdministrativeExpenses": 9231000,
        "otherExpenses": 0,
        "operatingExpenses": 9231000,
        "costAndExpenses": 130516000,
        "interestIncome": 0,
        "interestExpense": 29301000,
        "depreciationAndAmortization": 77103000,
        "ebitda": 125288000,
        "ebitdaratio": 0.4856048743,
        "operatingIncome": 127488000,
        "operatingIncomeRatio": 0.4941318739,
        "totalOtherIncomeExpensesNet": -105963000,
        "incomeBeforeTax": 21525000,
        "incomeBeforeTaxRatio": 0.0834289391,
        "incomeTaxExpense": 0,
        "netIncome": 20411000,
        "netIncomeRatio": 0.0791111766,
        "eps": 0.0202,
        "epsdiluted": 0.02,
        "weightedAverageShsOut": 286183429,
        "weightedAverageShsOutDil": 286727863,
        "link": "https://www.sec.gov/Archives/edgar/data/1562401/000156240118000064/0001562401-18-000064-index.htm",
        "finalLink": "https://www.sec.gov/Archives/edgar/data/1562401/000156240118000064/amh03311810q.htm"
    },
    {
        "date": "2017-12-31",
        "symbol": "AMH",
        "reportedCurrency": "USD",
        "cik": "0001562401",
        "fillingDate": "2018-02-23",
        "acceptedDate": "2018-02-23 14:41:19",
        "calendarYear": "2017",
        "period": "Q4",
        "revenue": 242801000,
        "costOfRevenue": 106025000,
        "grossProfit": 136776000,
        "grossProfitRatio": 0.5633255217,
        "researchAndDevelopmentExpenses": 0,
        "generalAndAdministrativeExpenses": 7986000,
        "sellingAndMarketingExpenses": 0,
        "sellingGeneralAndAdministrativeExpenses": 7986000,
        "otherExpenses": 0,
        "operatingExpenses": 7986000,
        "costAndExpenses": 114011000,
        "interestIncome": 0,
        "interestExpense": 25747000,
        "depreciationAndAmortization": 73831000,
        "ebitda": 126790000,
        "ebitdaratio": 0.5221971903,
        "operatingIncome": 128790000,
        "operatingIncomeRatio": 0.5304343887,
        "totalOtherIncomeExpensesNet": -98257000,
        "incomeBeforeTax": 30533000,
        "incomeBeforeTaxRatio": 0.1257531888,
        "incomeTaxExpense": 0,
        "netIncome": 35018000,
        "netIncomeRatio": 0.1442251062,
        "eps": -0.0768,
        "epsdiluted": -0.0768,
        "weightedAverageShsOut": 286469724,
        "weightedAverageShsOutDil": 286469724,
        "link": "https://www.sec.gov/Archives/edgar/data/1562401/000156240118000029/0001562401-18-000029-index.htm",
        "finalLink": "https://www.sec.gov/Archives/edgar/data/1562401/000156240118000029/amh12311710k.htm"
    },
    {
        "date": "2017-09-30",
        "symbol": "AMH",
        "reportedCurrency": "USD",
        "cik": "0001562401",
        "fillingDate": "2017-11-03",
        "acceptedDate": "2017-11-03 13:41:28",
        "calendarYear": "2017",
        "period": "Q3",
        "revenue": 246836000,
        "costOfRevenue": 116697000,
        "grossProfit": 130139000,
        "grossProfitRatio": 0.5272286052,
        "researchAndDevelopmentExpenses": 0,
        "generalAndAdministrativeExpenses": 8525000,
        "sellingAndMarketingExpenses": 0,
        "sellingGeneralAndAdministrativeExpenses": 8525000,
        "otherExpenses": 0,
        "operatingExpenses": 8525000,
        "costAndExpenses": 125222000,
        "interestIncome": 0,
        "interestExpense": 26592000,
        "depreciationAndAmortization": 72690000,
        "ebitda": 119514000,
        "ebitdaratio": 0.4841838306,
        "operatingIncome": 121614000,
        "operatingIncomeRatio": 0.4926915037,
        "totalOtherIncomeExpensesNet": -102517000,
        "incomeBeforeTax": 19097000,
        "incomeBeforeTaxRatio": 0.0773671588,
        "incomeTaxExpense": 0,
        "netIncome": 18788000,
        "netIncomeRatio": 0.0761153154,
        "eps": 0.0057,
        "epsdiluted": -0.0045,
        "weightedAverageShsOut": 266767313,
        "weightedAverageShsOutDil": 289153060,
        "link": "https://www.sec.gov/Archives/edgar/data/1562401/000156240117000055/0001562401-17-000055-index.htm",
        "finalLink": "https://www.sec.gov/Archives/edgar/data/1562401/000156240117000055/amh09301710q.htm"
    },
    {
        "date": "2017-06-30",
        "symbol": "AMH",
        "reportedCurrency": "USD",
        "cik": "0001562401",
        "fillingDate": "2017-08-04",
        "acceptedDate": "2017-08-04 12:50:45",
        "calendarYear": "2017",
        "period": "Q2",
        "revenue": 237008000,
        "costOfRevenue": 104808000,
        "grossProfit": 132199999,
        "grossProfitRatio": 0.5577870747,
        "researchAndDevelopmentExpenses": 0,
        "generalAndAdministrativeExpenses": 8926000,
        "sellingAndMarketingExpenses": 0,
        "sellingGeneralAndAdministrativeExpenses": 8926000,
        "otherExpenses": 0,
        "operatingExpenses": 8926000,
        "costAndExpenses": 113734000,
        "interestIncome": 0,
        "interestExpense": 28392000,
        "depreciationAndAmortization": 70516000,
        "ebitda": 121074000,
        "ebitdaratio": 0.5108435158,
        "operatingIncome": 123274000,
        "operatingIncomeRatio": 0.5201259029,
        "totalOtherIncomeExpensesNet": -108208000,
        "incomeBeforeTax": 15066000,
        "incomeBeforeTaxRatio": 0.0635674745,
        "incomeTaxExpense": 0,
        "netIncome": 15096000,
        "netIncomeRatio": 0.0636940525,
        "eps": -0.0007,
        "epsdiluted": -0.0007,
        "weightedAverageShsOut": 258900456,
        "weightedAverageShsOutDil": 258900456,
        "link": "https://www.sec.gov/Archives/edgar/data/1562401/000156240117000028/0001562401-17-000028-index.htm",
        "finalLink": "https://www.sec.gov/Archives/edgar/data/1562401/000156240117000028/amh06301710q.htm"
    },
    {
        "date": "2017-03-31",
        "symbol": "AMH",
        "reportedCurrency": "USD",
        "cik": "0001562401",
        "fillingDate": "2017-05-05",
        "acceptedDate": "2017-05-05 13:10:01",
        "calendarYear": "2017",
        "period": "Q1",
        "revenue": 233754000,
        "costOfRevenue": 101879000,
        "grossProfit": 131875000,
        "grossProfitRatio": 0.5641614689,
        "researchAndDevelopmentExpenses": 0,
        "generalAndAdministrativeExpenses": 9295000,
        "sellingAndMarketingExpenses": 0,
        "sellingGeneralAndAdministrativeExpenses": 9295000,
        "otherExpenses": 0,
        "operatingExpenses": 9295000,
        "costAndExpenses": 111174000,
        "interestIncome": 0,
        "interestExpense": 31889000,
        "depreciationAndAmortization": 71053000,
        "ebitda": 119680000,
        "ebitdaratio": 0.5119912387,
        "operatingIncome": 122580000,
        "operatingIncomeRatio": 0.5243974435,
        "totalOtherIncomeExpensesNet": -110784000,
        "incomeBeforeTax": 11796000,
        "incomeBeforeTaxRatio": 0.0504633076,
        "incomeTaxExpense": 0,
        "netIncome": 12097000,
        "netIncomeRatio": 0.0517509861,
        "eps": -0.0061,
        "epsdiluted": -0.01,
        "weightedAverageShsOut": 244391368,
        "weightedAverageShsOutDil": 244391368,
        "link": "https://www.sec.gov/Archives/edgar/data/1562401/000156240117000015/0001562401-17-000015-index.htm",
        "finalLink": "https://www.sec.gov/Archives/edgar/data/1562401/000156240117000015/amh0331201710q.htm"
    },
    {
        "date": "2016-12-31",
        "symbol": "AMH",
        "reportedCurrency": "USD",
        "cik": "0001562401",
        "fillingDate": "2017-02-24",
        "acceptedDate": "2017-02-24 16:08:39",
        "calendarYear": "2016",
        "period": "Q4",
        "revenue": 227559000,
        "costOfRevenue": 96714000,
        "grossProfit": 130845000,
        "grossProfitRatio": 0.5749937379,
        "researchAndDevelopmentExpenses": 0,
        "generalAndAdministrativeExpenses": 8524000,
        "sellingAndMarketingExpenses": 0,
        "sellingGeneralAndAdministrativeExpenses": 8524000,
        "otherExpenses": 0,
        "operatingExpenses": 8524000,
        "costAndExpenses": 105238000,
        "interestIncome": 0,
        "interestExpense": 31538000,
        "depreciationAndAmortization": 69664000,
        "ebitda": 117821000,
        "ebitdaratio": 0.5177602292,
        "operatingIncome": 122321000,
        "operatingIncomeRatio": 0.5375353205,
        "totalOtherIncomeExpensesNet": -112983000,
        "incomeBeforeTax": 9338000,
        "incomeBeforeTaxRatio": 0.0410355117,
        "incomeTaxExpense": 0,
        "netIncome": 15978000,
        "netIncomeRatio": 0.0702147575,
        "eps": 0.01,
        "epsdiluted": 0.0043,
        "weightedAverageShsOut": 239887357,
        "weightedAverageShsOutDil": 295965589,
        "link": "https://www.sec.gov/Archives/edgar/data/1562401/000156240117000005/0001562401-17-000005-index.htm",
        "finalLink": "https://www.sec.gov/Archives/edgar/data/1562401/000156240117000005/a123116-10k.htm"
    },
    {
        "date": "2016-09-30",
        "symbol": "AMH",
        "reportedCurrency": "USD",
        "cik": "0001562401",
        "fillingDate": "2016-11-04",
        "acceptedDate": "2016-11-04 14:07:28",
        "calendarYear": "2016",
        "period": "Q3",
        "revenue": 236057000,
        "costOfRevenue": 112080000,
        "grossProfit": 123977000,
        "grossProfitRatio": 0.5251994222,
        "researchAndDevelopmentExpenses": 0,
        "generalAndAdministrativeExpenses": 8042999,
        "sellingAndMarketingExpenses": 0,
        "sellingGeneralAndAdministrativeExpenses": 8042999,
        "otherExpenses": 0,
        "operatingExpenses": 8042999,
        "costAndExpenses": 120122999,
        "interestIncome": 0,
        "interestExpense": 32851000,
        "depreciationAndAmortization": 68492000,
        "ebitda": 109034000,
        "ebitdaratio": 0.4618969147,
        "operatingIncome": 115934000,
        "operatingIncomeRatio": 0.491127143,
        "totalOtherIncomeExpensesNet": -116101000,
        "incomeBeforeTax": -167000,
        "incomeBeforeTaxRatio": -0.0007074562,
        "incomeTaxExpense": 0,
        "netIncome": -7483000,
        "netIncomeRatio": -0.0316999708,
        "eps": -0.0887,
        "epsdiluted": -0.09,
        "weightedAverageShsOut": 238401343,
        "weightedAverageShsOutDil": 238401343,
        "link": "https://www.sec.gov/Archives/edgar/data/1562401/000156240116000114/0001562401-16-000114-index.htm",
        "finalLink": "https://www.sec.gov/Archives/edgar/data/1562401/000156240116000114/amh0930201610q.htm"
    },
    {
        "date": "2016-06-30",
        "symbol": "AMH",
        "reportedCurrency": "USD",
        "cik": "0001562401",
        "fillingDate": "2016-08-05",
        "acceptedDate": "2016-08-05 13:59:58",
        "calendarYear": "2016",
        "period": "Q2",
        "revenue": 220314000,
        "costOfRevenue": 97572000,
        "grossProfit": 122742000,
        "grossProfitRatio": 0.5571230153,
        "researchAndDevelopmentExpenses": 0,
        "generalAndAdministrativeExpenses": 7931000,
        "sellingAndMarketingExpenses": 0,
        "sellingGeneralAndAdministrativeExpenses": 7931000,
        "otherExpenses": 0,
        "operatingExpenses": 7931000,
        "costAndExpenses": 105503000,
        "interestIncome": 0,
        "interestExpense": 35481000,
        "depreciationAndAmortization": 67404000,
        "ebitda": 102611000,
        "ebitdaratio": 0.4657488857,
        "operatingIncome": 114811000,
        "operatingIncomeRatio": 0.5211243952,
        "totalOtherIncomeExpensesNet": -118564000,
        "incomeBeforeTax": -3753000,
        "incomeBeforeTaxRatio": -0.0170347776,
        "incomeTaxExpense": 0,
        "netIncome": -2992000,
        "netIncomeRatio": -0.0135806168,
        "eps": -0.0436,
        "epsdiluted": -0.0436,
        "weightedAverageShsOut": 238481265,
        "weightedAverageShsOutDil": 238481265,
        "link": "https://www.sec.gov/Archives/edgar/data/1562401/000156240116000098/0001562401-16-000098-index.htm",
        "finalLink": "https://www.sec.gov/Archives/edgar/data/1562401/000156240116000098/amh0630201610q.htm"
    },
    {
        "date": "2016-03-31",
        "symbol": "AMH",
        "reportedCurrency": "USD",
        "cik": "0001562401",
        "fillingDate": "2016-05-06",
        "acceptedDate": "2016-05-06 14:35:50",
        "calendarYear": "2016",
        "period": "Q1",
        "revenue": 194959000,
        "costOfRevenue": 87611000,
        "grossProfit": 107348000,
        "grossProfitRatio": 0.5506183351,
        "researchAndDevelopmentExpenses": 0,
        "generalAndAdministrativeExpenses": 8570000,
        "sellingAndMarketingExpenses": 0,
        "sellingGeneralAndAdministrativeExpenses": 8570000,
        "otherExpenses": 0,
        "operatingExpenses": 8570000,
        "costAndExpenses": 96181000,
        "interestIncome": 0,
        "interestExpense": 30977000,
        "depreciationAndAmortization": 61917000,
        "ebitda": 91178000,
        "ebitdaratio": 0.4676778194,
        "operatingIncome": 98778000,
        "operatingIncomeRatio": 0.5066603747,
        "totalOtherIncomeExpensesNet": -93750000,
        "incomeBeforeTax": 5028000,
        "incomeBeforeTaxRatio": 0.0257900379,
        "incomeTaxExpense": 0,
        "netIncome": 1192000,
        "netIncomeRatio": 0.006114106,
        "eps": -0.02,
        "epsdiluted": -0.02,
        "weightedAverageShsOut": 219157870,
        "weightedAverageShsOutDil": 219157870,
        "link": "https://www.sec.gov/Archives/edgar/data/1562401/000156240116000081/0001562401-16-000081-index.htm",
        "finalLink": "https://www.sec.gov/Archives/edgar/data/1562401/000156240116000081/amh0331201610q.htm"
    },
    {
        "date": "2015-12-31",
        "symbol": "AMH",
        "reportedCurrency": "USD",
        "cik": "0001562401",
        "fillingDate": "2016-02-26",
        "acceptedDate": "2016-02-26 14:21:10",
        "calendarYear": "2015",
        "period": "Q4",
        "revenue": 172587000,
        "costOfRevenue": 79136000,
        "grossProfit": 93451000,
        "grossProfitRatio": 0.5414718374,
        "researchAndDevelopmentExpenses": 0,
        "generalAndAdministrativeExpenses": 6409000,
        "sellingAndMarketingExpenses": 782000,
        "sellingGeneralAndAdministrativeExpenses": 7191000,
        "otherExpenses": 0,
        "operatingExpenses": 7191000,
        "costAndExpenses": 86327000,
        "interestIncome": 0,
        "interestExpense": 27874000,
        "depreciationAndAmortization": 59063000,
        "ebitda": 83160000,
        "ebitdaratio": 0.4818439396,
        "operatingIncome": 86260000,
        "operatingIncomeRatio": 0.499805895,
        "totalOtherIncomeExpensesNet": -97607000,
        "incomeBeforeTax": -11347000,
        "incomeBeforeTaxRatio": -0.065746551,
        "incomeTaxExpense": 0,
        "netIncome": -14905000,
        "netIncomeRatio": -0.0863622405,
        "eps": -0.0984,
        "epsdiluted": -0.0984,
        "weightedAverageShsOut": 208045996,
        "weightedAverageShsOutDil": 208045996,
        "link": "https://www.sec.gov/Archives/edgar/data/1562401/000156240116000057/0001562401-16-000057-index.htm",
        "finalLink": "https://www.sec.gov/Archives/edgar/data/1562401/000156240116000057/amh-12312015x10k.htm"
    },
    {
        "date": "2015-09-30",
        "symbol": "AMH",
        "reportedCurrency": "USD",
        "cik": "0001562401",
        "fillingDate": "2015-11-06",
        "acceptedDate": "2015-11-06 14:53:27",
        "calendarYear": "2015",
        "period": "Q3",
        "revenue": 172613000,
        "costOfRevenue": 89205000,
        "grossProfit": 83408000,
        "grossProfitRatio": 0.4832081014,
        "researchAndDevelopmentExpenses": 0,
        "generalAndAdministrativeExpenses": 6090000,
        "sellingAndMarketingExpenses": 913000,
        "sellingGeneralAndAdministrativeExpenses": 7003000,
        "otherExpenses": 0,
        "operatingExpenses": 7003000,
        "costAndExpenses": 96208000,
        "interestIncome": 0,
        "interestExpense": 23866000,
        "depreciationAndAmortization": 65000000,
        "ebitda": 73605000,
        "ebitdaratio": 0.4264163186,
        "operatingIncome": 76405000,
        "operatingIncomeRatio": 0.4426375765,
        "totalOtherIncomeExpensesNet": -96343000,
        "incomeBeforeTax": -19938000,
        "incomeBeforeTaxRatio": -0.1155069433,
        "incomeTaxExpense": 0,
        "netIncome": -23047000,
        "netIncomeRatio": -0.1335183329,
        "eps": -0.14,
        "epsdiluted": -0.14,
        "weightedAverageShsOut": 211414368,
        "weightedAverageShsOutDil": 211414368,
        "link": "https://www.sec.gov/Archives/edgar/data/1562401/000156240115000036/0001562401-15-000036-index.htm",
        "finalLink": "https://www.sec.gov/Archives/edgar/data/1562401/000156240115000036/amh0930201510q.htm"
    },
    {
        "date": "2015-06-30",
        "symbol": "AMH",
        "reportedCurrency": "USD",
        "cik": "0001562401",
        "fillingDate": "2015-08-10",
        "acceptedDate": "2015-08-10 14:43:01",
        "calendarYear": "2015",
        "period": "Q2",
        "revenue": 153628000,
        "costOfRevenue": 75675000,
        "grossProfit": 77953000,
        "grossProfitRatio": 0.5074140131,
        "researchAndDevelopmentExpenses": 0,
        "generalAndAdministrativeExpenses": 6276000,
        "sellingAndMarketingExpenses": 734000,
        "sellingGeneralAndAdministrativeExpenses": 7010000,
        "otherExpenses": 0,
        "operatingExpenses": 7010000,
        "costAndExpenses": 82685000,
        "interestIncome": 0,
        "interestExpense": 22003000,
        "depreciationAndAmortization": 55221000,
        "ebitda": 66943000,
        "ebitdaratio": 0.4357473898,
        "operatingIncome": 70943000,
        "operatingIncomeRatio": 0.4617843102,
        "totalOtherIncomeExpensesNet": -79341000,
        "incomeBeforeTax": -8398000,
        "incomeBeforeTaxRatio": -0.0546645143,
        "incomeTaxExpense": 0,
        "netIncome": -12128000,
        "netIncomeRatio": -0.0789439425,
        "eps": -0.0837,
        "epsdiluted": -0.0837,
        "weightedAverageShsOut": 211487164,
        "weightedAverageShsOutDil": 211487164,
        "link": "https://www.sec.gov/Archives/edgar/data/1562401/000110465915058174/0001104659-15-058174-index.htm",
        "finalLink": "https://www.sec.gov/Archives/edgar/data/1562401/000110465915058174/a15-11952_110q.htm"
    },
    {
        "date": "2015-03-31",
        "symbol": "AMH",
        "reportedCurrency": "USD",
        "cik": "0001562401",
        "fillingDate": "2015-05-11",
        "acceptedDate": "2015-05-11 14:53:36",
        "calendarYear": "2015",
        "period": "Q1",
        "revenue": 131747999,
        "costOfRevenue": 65116000,
        "grossProfit": 66632000,
        "grossProfitRatio": 0.5057534119,
        "researchAndDevelopmentExpenses": 0,
        "generalAndAdministrativeExpenses": 6131000,
        "sellingAndMarketingExpenses": 696000,
        "sellingGeneralAndAdministrativeExpenses": 6827000,
        "otherExpenses": 0,
        "operatingExpenses": 6827000,
        "costAndExpenses": 71943000,
        "interestIncome": 0,
        "interestExpense": 15670000,
        "depreciationAndAmortization": 50464000,
        "ebitda": 56605000,
        "ebitdaratio": 0.4296459941,
        "operatingIncome": 59804999,
        "operatingIncomeRatio": 0.4539347804,
        "totalOtherIncomeExpensesNet": -68069999,
        "incomeBeforeTax": -8265000,
        "incomeBeforeTaxRatio": -0.0627334006,
        "incomeTaxExpense": 0,
        "netIncome": -12221000,
        "netIncomeRatio": -0.0927604221,
        "eps": -0.0841,
        "epsdiluted": -0.0841,
        "weightedAverageShsOut": 211481727,
        "weightedAverageShsOutDil": 211481727,
        "link": "https://www.sec.gov/Archives/edgar/data/1562401/000110465915036761/0001104659-15-036761-index.htm",
        "finalLink": "https://www.sec.gov/Archives/edgar/data/1562401/000110465915036761/a15-7169_110q.htm"
    },
    {
        "date": "2014-12-31",
        "symbol": "AMH",
        "reportedCurrency": "USD",
        "cik": "0001562401",
        "fillingDate": "2015-05-08",
        "acceptedDate": "2015-05-08 17:25:06",
        "calendarYear": "2014",
        "period": "Q4",
        "revenue": 116899000,
        "costOfRevenue": 58420000,
        "grossProfit": 58479000,
        "grossProfitRatio": 0.5002523546,
        "researchAndDevelopmentExpenses": 0,
        "generalAndAdministrativeExpenses": 5879000,
        "sellingAndMarketingExpenses": 691000,
        "sellingGeneralAndAdministrativeExpenses": 6570000,
        "otherExpenses": 0,
        "operatingExpenses": 6570000,
        "costAndExpenses": 64990000,
        "interestIncome": 0,
        "interestExpense": 9379000,
        "depreciationAndAmortization": 43805000,
        "ebitda": 48509000,
        "ebitdaratio": 0.4149650553,
        "operatingIncome": 51909000,
        "operatingIncomeRatio": 0.4440499919,
        "totalOtherIncomeExpensesNet": -61901000,
        "incomeBeforeTax": -9992000,
        "incomeBeforeTaxRatio": -0.0854754959,
        "incomeTaxExpense": 0,
        "netIncome": -13743000,
        "netIncomeRatio": -0.1175630245,
        "eps": -0.0913,
        "epsdiluted": -0.0913,
        "weightedAverageShsOut": 211473906,
        "weightedAverageShsOutDil": 211473906,
        "link": "https://www.sec.gov/Archives/edgar/data/1562401/000110465915036333/0001104659-15-036333-index.htm",
        "finalLink": "https://www.sec.gov/Archives/edgar/data/1562401/000110465915036333/a15-11107_110ka.htm"
    },
    {
        "date": "2014-09-30",
        "symbol": "AMH",
        "reportedCurrency": "USD",
        "cik": "0001562401",
        "fillingDate": "2014-11-14",
        "acceptedDate": "2014-11-14 16:17:42",
        "calendarYear": "2014",
        "period": "Q3",
        "revenue": 110393000,
        "costOfRevenue": 69018000,
        "grossProfit": 41375000,
        "grossProfitRatio": 0.374797315,
        "researchAndDevelopmentExpenses": 0,
        "generalAndAdministrativeExpenses": 5291000,
        "sellingAndMarketingExpenses": 751000,
        "sellingGeneralAndAdministrativeExpenses": 6042000,
        "otherExpenses": 0,
        "operatingExpenses": 6042000,
        "costAndExpenses": 75060000,
        "interestIncome": 0,
        "interestExpense": 5112000,
        "depreciationAndAmortization": 40855000,
        "ebitda": 31333000,
        "ebitdaratio": 0.2838314024,
        "operatingIncome": 35333000,
        "operatingIncomeRatio": 0.3200655839,
        "totalOtherIncomeExpensesNet": -48129000,
        "incomeBeforeTax": -12796000,
        "incomeBeforeTaxRatio": -0.1159131467,
        "incomeTaxExpense": 0,
        "netIncome": -16178000,
        "netIncomeRatio": -0.1465491471,
        "eps": -0.11,
        "epsdiluted": -0.11,
        "weightedAverageShsOut": 202547677,
        "weightedAverageShsOutDil": 202547677,
        "link": "https://www.sec.gov/Archives/edgar/data/1562401/000104746914009227/0001047469-14-009227-index.htm",
        "finalLink": "https://www.sec.gov/Archives/edgar/data/1562401/000104746914009227/a2222184z10-q.htm"
    },
    {
        "date": "2014-06-30",
        "symbol": "AMH",
        "reportedCurrency": "USD",
        "cik": "0001562401",
        "fillingDate": "2014-08-07",
        "acceptedDate": "2014-08-07 06:01:10",
        "calendarYear": "2014",
        "period": "Q2",
        "revenue": 94304000,
        "costOfRevenue": 44060000,
        "grossProfit": 50244000,
        "grossProfitRatio": 0.5327875806,
        "researchAndDevelopmentExpenses": 0,
        "generalAndAdministrativeExpenses": 5703000,
        "sellingAndMarketingExpenses": 612000,
        "sellingGeneralAndAdministrativeExpenses": 6315000,
        "otherExpenses": 0,
        "operatingExpenses": 6315000,
        "costAndExpenses": 50375000,
        "interestIncome": 0,
        "interestExpense": 3888000,
        "depreciationAndAmortization": 34725000,
        "ebitda": 40329000,
        "ebitdaratio": 0.4276488802,
        "operatingIncome": 43929000,
        "operatingIncomeRatio": 0.4658232949,
        "totalOtherIncomeExpensesNet": -47298000,
        "incomeBeforeTax": -3369000,
        "incomeBeforeTaxRatio": -0.0357248897,
        "incomeTaxExpense": 0,
        "netIncome": -7581000,
        "netIncomeRatio": -0.0803889549,
        "eps": -0.066,
        "epsdiluted": -0.066,
        "weightedAverageShsOut": 185515651,
        "weightedAverageShsOutDil": 185515651,
        "link": "https://www.sec.gov/Archives/edgar/data/1562401/000104746914006707/0001047469-14-006707-index.htm",
        "finalLink": "https://www.sec.gov/Archives/edgar/data/1562401/000104746914006707/a2221036z10-q.htm"
    },
    {
        "date": "2014-03-31",
        "symbol": "AMH",
        "reportedCurrency": "USD",
        "cik": "0001562401",
        "fillingDate": "2014-05-14",
        "acceptedDate": "2014-05-14 12:07:31",
        "calendarYear": "2014",
        "period": "Q1",
        "revenue": 77278000,
        "costOfRevenue": 38761000,
        "grossProfit": 38517000,
        "grossProfitRatio": 0.4984212842,
        "researchAndDevelopmentExpenses": 0,
        "generalAndAdministrativeExpenses": 5074000,
        "sellingAndMarketingExpenses": 0,
        "sellingGeneralAndAdministrativeExpenses": 5606000,
        "otherExpenses": 0,
        "operatingExpenses": 43950000,
        "costAndExpenses": 82711000,
        "interestIncome": 0,
        "interestExpense": 1502000,
        "depreciationAndAmortization": 31031000,
        "ebitda": 28811000,
        "ebitdaratio": 0.3728227956,
        "operatingIncome": -2220000,
        "operatingIncomeRatio": -0.0287274515,
        "totalOtherIncomeExpensesNet": -4715000,
        "incomeBeforeTax": -6935000,
        "incomeBeforeTaxRatio": -0.0897409353,
        "incomeTaxExpense": 0,
        "netIncome": -10555000,
        "netIncomeRatio": -0.1365847977,
        "eps": -0.0737,
        "epsdiluted": -0.0737,
        "weightedAverageShsOut": 185504294,
        "weightedAverageShsOutDil": 185504294,
        "link": "https://www.sec.gov/Archives/edgar/data/1562401/000104746914004921/0001047469-14-004921-index.htm",
        "finalLink": "https://www.sec.gov/Archives/edgar/data/1562401/000104746914004921/a2220165z10-q.htm"
    },
    {
        "date": "2013-12-31",
        "symbol": "AMH",
        "reportedCurrency": "USD",
        "cik": "0001562401",
        "fillingDate": "2014-03-26",
        "acceptedDate": "2014-03-26 12:33:40",
        "calendarYear": "2013",
        "period": "Q4",
        "revenue": 64890000,
        "costOfRevenue": 33632000,
        "grossProfit": 31258000,
        "grossProfitRatio": 0.481707505,
        "researchAndDevelopmentExpenses": 0,
        "generalAndAdministrativeExpenses": 3667000,
        "sellingAndMarketingExpenses": 0,
        "sellingGeneralAndAdministrativeExpenses": 4139999,
        "otherExpenses": 0,
        "operatingExpenses": 40729000,
        "costAndExpenses": 74361000,
        "interestIncome": 0,
        "interestExpense": 0,
        "depreciationAndAmortization": 27560000,
        "ebitda": 21518000,
        "ebitdaratio": 0.3316073355,
        "operatingIncome": -6042000,
        "operatingIncomeRatio": -0.0931114193,
        "totalOtherIncomeExpensesNet": -3429000,
        "incomeBeforeTax": -9471000,
        "incomeBeforeTaxRatio": -0.1459546926,
        "incomeTaxExpense": 0,
        "netIncome": -13359000,
        "netIncomeRatio": -0.2058714748,
        "eps": -0.0783,
        "epsdiluted": -0.0783,
        "weightedAverageShsOut": 185499066,
        "weightedAverageShsOutDil": 185499066,
        "link": "https://www.sec.gov/Archives/edgar/data/1562401/000119312514116022/0001193125-14-116022-index.htm",
        "finalLink": "https://www.sec.gov/Archives/edgar/data/1562401/000119312514116022/d644538d10k.htm"
    },
    {
        "date": "2013-09-30",
        "symbol": "AMH",
        "reportedCurrency": "USD",
        "cik": "0001562401",
        "fillingDate": "2013-11-14",
        "acceptedDate": "2013-11-14 14:10:32",
        "calendarYear": "2013",
        "period": "Q3",
        "revenue": 49463000,
        "costOfRevenue": 25948000,
        "grossProfit": 23515000,
        "grossProfitRatio": 0.4754058589,
        "researchAndDevelopmentExpenses": 0,
        "generalAndAdministrativeExpenses": 2742000,
        "sellingAndMarketingExpenses": 0,
        "sellingGeneralAndAdministrativeExpenses": 2895000,
        "otherExpenses": 0,
        "operatingExpenses": 27376000,
        "costAndExpenses": 53324000,
        "interestIncome": 0,
        "interestExpense": 0,
        "depreciationAndAmortization": 20843000,
        "ebitda": 17420000,
        "ebitdaratio": 0.3521824394,
        "operatingIncome": -3423000,
        "operatingIncomeRatio": -0.0692032428,
        "totalOtherIncomeExpensesNet": -438000,
        "incomeBeforeTax": -3861000,
        "incomeBeforeTaxRatio": -0.0780583466,
        "incomeTaxExpense": 0,
        "netIncome": -7659000,
        "netIncomeRatio": -0.154843014,
        "eps": -0.0471,
        "epsdiluted": -0.0471,
        "weightedAverageShsOut": 162725150,
        "weightedAverageShsOutDil": 162725150,
        "link": "https://www.sec.gov/Archives/edgar/data/1562401/000119312513441803/0001193125-13-441803-index.htm",
        "finalLink": "https://www.sec.gov/Archives/edgar/data/1562401/000119312513441803/d616889d10q.htm"
    },
    {
        "date": "2013-06-30",
        "symbol": "AMH",
        "reportedCurrency": "USD",
        "cik": "0001562401",
        "fillingDate": "2013-09-19",
        "acceptedDate": "2013-09-19 16:43:24",
        "calendarYear": "2013",
        "period": "Q2",
        "revenue": 18120000,
        "costOfRevenue": 13349000,
        "grossProfit": 4771000,
        "grossProfitRatio": 0.2633002208,
        "researchAndDevelopmentExpenses": 0,
        "generalAndAdministrativeExpenses": 4421000,
        "sellingAndMarketingExpenses": 0,
        "sellingGeneralAndAdministrativeExpenses": 4700000,
        "otherExpenses": 0,
        "operatingExpenses": 4634000,
        "costAndExpenses": 17983000,
        "interestIncome": 0,
        "interestExpense": 0,
        "depreciationAndAmortization": 8979000,
        "ebitda": -1829000,
        "ebitdaratio": -0.1009381898,
        "operatingIncome": -10808000,
        "operatingIncomeRatio": -0.5964679912,
        "totalOtherIncomeExpensesNet": 10945000,
        "incomeBeforeTax": 137000,
        "incomeBeforeTaxRatio": 0.0075607064,
        "incomeTaxExpense": 0,
        "netIncome": -3541000,
        "netIncomeRatio": -0.195419426,
        "eps": -0.16,
        "epsdiluted": -0.16,
        "weightedAverageShsOut": 95971706,
        "weightedAverageShsOutDil": 95971706,
        "link": "https://www.sec.gov/Archives/edgar/data/1562401/000119312513371811/0001193125-13-371811-index.htm",
        "finalLink": "https://www.sec.gov/Archives/edgar/data/1562401/000119312513371811/d589139d10qa.htm"
    },
    {
        "date": "2013-03-31",
        "symbol": "AMH",
        "reportedCurrency": "USD",
        "cik": "0001562401",
        "fillingDate": "2013-03-31",
        "acceptedDate": "2013-03-31 00:00:00",
        "calendarYear": "2013",
        "period": "Q1",
        "revenue": 6559000,
        "costOfRevenue": 5622000,
        "grossProfit": 937000,
        "grossProfitRatio": 0.1428571429,
        "researchAndDevelopmentExpenses": 0,
        "generalAndAdministrativeExpenses": 4367000,
        "sellingAndMarketingExpenses": 0,
        "sellingGeneralAndAdministrativeExpenses": 4541000,
        "otherExpenses": 0,
        "operatingExpenses": 7446000,
        "costAndExpenses": 13068000,
        "interestIncome": 0,
        "interestExpense": 370000,
        "depreciationAndAmortization": 2905000,
        "ebitda": -3604000,
        "ebitdaratio": -0.5494740052,
        "operatingIncome": -6509000,
        "operatingIncomeRatio": -0.9923768867,
        "totalOtherIncomeExpensesNet": -370000,
        "incomeBeforeTax": -6879000,
        "incomeBeforeTaxRatio": -1.048787925,
        "incomeTaxExpense": 0,
        "netIncome": -7752000,
        "netIncomeRatio": -1.1818874828,
        "eps": -0.16,
        "epsdiluted": -0.16,
        "weightedAverageShsOut": 48233982,
        "weightedAverageShsOutDil": 48233982,
        "link": null,
        "finalLink": null
    },
    {
        "date": "2012-12-31",
        "symbol": "AMH",
        "reportedCurrency": "USD",
        "cik": "0001562401",
        "fillingDate": "2012-12-31",
        "acceptedDate": "2012-12-31 00:00:00",
        "calendarYear": "2012",
        "period": "Q4",
        "revenue": 3277000,
        "costOfRevenue": 3331000,
        "grossProfit": -54000,
        "grossProfitRatio": -0.0164784864,
        "researchAndDevelopmentExpenses": 0,
        "generalAndAdministrativeExpenses": 4187999,
        "sellingAndMarketingExpenses": 0,
        "sellingGeneralAndAdministrativeExpenses": 4258000,
        "otherExpenses": 0,
        "operatingExpenses": 5777000,
        "costAndExpenses": 9108000,
        "interestIncome": 0,
        "interestExpense": 0,
        "depreciationAndAmortization": 1519000,
        "ebitda": -4312000,
        "ebitdaratio": -1.3158376564,
        "operatingIncome": -5831000,
        "operatingIncomeRatio": -1.7793713763,
        "totalOtherIncomeExpensesNet": 0,
        "incomeBeforeTax": -5831000,
        "incomeBeforeTaxRatio": -1.7793713763,
        "incomeTaxExpense": 0,
        "netIncome": -5831000,
        "netIncomeRatio": -1.7793713763,
        "eps": -0.31,
        "epsdiluted": -0.31,
        "weightedAverageShsOut": 18997047,
        "weightedAverageShsOutDil": 18997047,
        "link": null,
        "finalLink": null
    },
    {
        "date": "2012-09-30",
        "symbol": "AMH",
        "reportedCurrency": "USD",
        "cik": "0001562401",
        "fillingDate": "2012-09-30",
        "acceptedDate": "2012-09-30 00:00:00",
        "calendarYear": "2012",
        "period": "Q3",
        "revenue": 983000,
        "costOfRevenue": 877000,
        "grossProfit": 106000,
        "grossProfitRatio": 0.1078331638,
        "researchAndDevelopmentExpenses": 0,
        "generalAndAdministrativeExpenses": 2291000,
        "sellingAndMarketingExpenses": 0,
        "sellingGeneralAndAdministrativeExpenses": 2291000,
        "otherExpenses": 0,
        "operatingExpenses": 2780999,
        "costAndExpenses": -1903999,
        "interestIncome": 0,
        "interestExpense": 0,
        "depreciationAndAmortization": 490000,
        "ebitda": -2185000,
        "ebitdaratio": -2.2227873856,
        "operatingIncome": -2675000,
        "operatingIncomeRatio": -2.7212614446,
        "totalOtherIncomeExpensesNet": 0,
        "incomeBeforeTax": -2675000,
        "incomeBeforeTaxRatio": -2.7212614446,
        "incomeTaxExpense": 0,
        "netIncome": -2675000,
        "netIncomeRatio": -2.7212614446,
        "eps": -0.81,
        "epsdiluted": -0.81,
        "weightedAverageShsOut": 95971706,
        "weightedAverageShsOutDil": 95971706,
        "link": null,
        "finalLink": null
    },
    {
        "date": "2012-06-30",
        "symbol": "AMH",
        "reportedCurrency": "USD",
        "cik": "0001562401",
        "fillingDate": "2012-06-30",
        "acceptedDate": "2012-06-30 00:00:00",
        "calendarYear": "2012",
        "period": "Q2",
        "revenue": 184000,
        "costOfRevenue": 186000,
        "grossProfit": -2000,
        "grossProfitRatio": -0.0108695652,
        "researchAndDevelopmentExpenses": 0,
        "generalAndAdministrativeExpenses": 1487000,
        "sellingAndMarketingExpenses": 0,
        "sellingGeneralAndAdministrativeExpenses": 1487000,
        "otherExpenses": 77000,
        "operatingExpenses": 1564000,
        "costAndExpenses": 1750000,
        "interestIncome": 0,
        "interestExpense": 0,
        "depreciationAndAmortization": 77000,
        "ebitda": -1489000,
        "ebitdaratio": -8.0923913043,
        "operatingIncome": -1566000,
        "operatingIncomeRatio": -8.5108695652,
        "totalOtherIncomeExpensesNet": 0,
        "incomeBeforeTax": -1566000,
        "incomeBeforeTaxRatio": -8.5108695652,
        "incomeTaxExpense": 0,
        "netIncome": -1566000,
        "netIncomeRatio": -8.5108695652,
        "eps": -0.0163,
        "epsdiluted": -0.0163,
        "weightedAverageShsOut": 95971706,
        "weightedAverageShsOutDil": 95971706,
        "link": null,
        "finalLink": null
    },
    {
        "date": "2012-03-31",
        "symbol": "AMH",
        "reportedCurrency": "USD",
        "cik": "0001562401",
        "fillingDate": "2012-03-31",
        "acceptedDate": "2012-03-31 00:00:00",
        "calendarYear": "2012",
        "period": "Q1",
        "revenue": 96000,
        "costOfRevenue": 65000,
        "grossProfit": 31000,
        "grossProfitRatio": 0.3229166667,
        "researchAndDevelopmentExpenses": 0,
        "generalAndAdministrativeExpenses": 170000,
        "sellingAndMarketingExpenses": 0,
        "sellingGeneralAndAdministrativeExpenses": 170000,
        "otherExpenses": 25000,
        "operatingExpenses": 195000,
        "costAndExpenses": 260000,
        "interestIncome": 0,
        "interestExpense": 0,
        "depreciationAndAmortization": 25000,
        "ebitda": -139000,
        "ebitdaratio": -1.4479166667,
        "operatingIncome": -164000,
        "operatingIncomeRatio": -1.7083333333,
        "totalOtherIncomeExpensesNet": 0,
        "incomeBeforeTax": -164000,
        "incomeBeforeTaxRatio": -1.7083333333,
        "incomeTaxExpense": 0,
        "netIncome": -164000,
        "netIncomeRatio": -1.7083333333,
        "eps": -0.0018,
        "epsdiluted": -0.0018,
        "weightedAverageShsOut": 91843376,
        "weightedAverageShsOutDil": 91843376,
        "link": null,
        "finalLink": null
    }
]