[
    {
        "date": "2025-09-30",
        "symbol": "AN",
        "reportedCurrency": "USD",
        "cik": "0000350698",
        "fillingDate": "2025-10-23",
        "acceptedDate": "2025-10-23 16:39:55",
        "calendarYear": "2025",
        "period": "Q3",
        "revenue": 7037400000,
        "costOfRevenue": 5863200000,
        "grossProfit": 1174200000,
        "grossProfitRatio": 0.166851394,
        "researchAndDevelopmentExpenses": 0,
        "generalAndAdministrativeExpenses": 0,
        "sellingAndMarketingExpenses": 0,
        "sellingGeneralAndAdministrativeExpenses": 850100000,
        "otherExpenses": 0,
        "operatingExpenses": 850100000,
        "costAndExpenses": 6713300000,
        "interestIncome": 0,
        "interestExpense": 92600000,
        "depreciationAndAmortization": 64200000,
        "ebitda": 442900000,
        "ebitdaratio": 0.0629351749,
        "operatingIncome": 324100000,
        "operatingIncomeRatio": 0.0460539404,
        "totalOtherIncomeExpensesNet": -36500000,
        "incomeBeforeTax": 287600000,
        "incomeBeforeTaxRatio": 0.0408673658,
        "incomeTaxExpense": 72500000,
        "netIncome": 215100000,
        "netIncomeRatio": 0.0305652656,
        "eps": 5.65,
        "epsdiluted": 5.65,
        "weightedAverageShsOut": 38100000,
        "weightedAverageShsOutDil": 38100000,
        "link": "https://www.sec.gov/Archives/edgar/data/350698/000162828025046121/0001628280-25-046121-index.htm",
        "finalLink": "https://www.sec.gov/Archives/edgar/data/350698/000162828025046121/an-20250930.htm"
    },
    {
        "date": "2025-06-30",
        "symbol": "AN",
        "reportedCurrency": "USD",
        "cik": "0000350698",
        "fillingDate": "2025-07-25",
        "acceptedDate": "2025-07-25 16:07:02",
        "calendarYear": "2025",
        "period": "Q2",
        "revenue": 6974400000,
        "costOfRevenue": 5699000000,
        "grossProfit": 1275400000,
        "grossProfitRatio": 0.1828687772,
        "researchAndDevelopmentExpenses": 0,
        "generalAndAdministrativeExpenses": 789200000,
        "sellingAndMarketingExpenses": 65500000,
        "sellingGeneralAndAdministrativeExpenses": 854700000,
        "otherExpenses": 203100000,
        "operatingExpenses": 1057800000,
        "costAndExpenses": 6756800000,
        "interestIncome": 0,
        "interestExpense": 46200000,
        "depreciationAndAmortization": 63900000,
        "ebitda": 311600000,
        "ebitdaratio": 0.0446776784,
        "operatingIncome": 217600000,
        "operatingIncomeRatio": 0.0311998165,
        "totalOtherIncomeExpensesNet": -79200000,
        "incomeBeforeTax": 138400000,
        "incomeBeforeTaxRatio": 0.0198440009,
        "incomeTaxExpense": 52000000,
        "netIncome": 86400000,
        "netIncomeRatio": 0.0123881624,
        "eps": 2.29,
        "epsdiluted": 2.26,
        "weightedAverageShsOut": 38900000,
        "weightedAverageShsOutDil": 38900000,
        "link": "https://www.sec.gov/Archives/edgar/data/350698/000035069825000100/0000350698-25-000100-index.htm",
        "finalLink": "https://www.sec.gov/Archives/edgar/data/350698/000035069825000100/an-20250630.htm"
    },
    {
        "date": "2025-03-31",
        "symbol": "AN",
        "reportedCurrency": "USD",
        "cik": "0000350698",
        "fillingDate": "2025-04-25",
        "acceptedDate": "2025-04-25 17:20:25",
        "calendarYear": "2025",
        "period": "Q1",
        "revenue": 6690400000,
        "costOfRevenue": 5470500000,
        "grossProfit": 1219900000,
        "grossProfitRatio": 0.1823358843,
        "researchAndDevelopmentExpenses": 0,
        "generalAndAdministrativeExpenses": 759900000,
        "sellingAndMarketingExpenses": 62000000,
        "sellingGeneralAndAdministrativeExpenses": 821900000,
        "otherExpenses": 62000000,
        "operatingExpenses": 883900000,
        "costAndExpenses": 6354400000,
        "interestIncome": 0,
        "interestExpense": 42300000,
        "depreciationAndAmortization": 61800000,
        "ebitda": 398500000,
        "ebitdaratio": 0.0595629559,
        "operatingIncome": 336000000,
        "operatingIncomeRatio": 0.0502212125,
        "totalOtherIncomeExpensesNet": -102000000,
        "incomeBeforeTax": 234000000,
        "incomeBeforeTaxRatio": 0.0349754873,
        "incomeTaxExpense": 58500000,
        "netIncome": 175500000,
        "netIncomeRatio": 0.0262316154,
        "eps": 4.5,
        "epsdiluted": 4.45,
        "weightedAverageShsOut": 39000000,
        "weightedAverageShsOutDil": 39400000,
        "link": "https://www.sec.gov/Archives/edgar/data/350698/000035069825000085/0000350698-25-000085-index.htm",
        "finalLink": "https://www.sec.gov/Archives/edgar/data/350698/000035069825000085/an-20250331.htm"
    },
    {
        "date": "2024-12-31",
        "symbol": "AN",
        "reportedCurrency": "USD",
        "cik": "0000350698",
        "fillingDate": "2025-02-14",
        "acceptedDate": "2025-02-14 16:45:56",
        "calendarYear": "2024",
        "period": "Q4",
        "revenue": 7213200000,
        "costOfRevenue": 5971600000,
        "grossProfit": 1241600000,
        "grossProfitRatio": 0.1721288748,
        "researchAndDevelopmentExpenses": 0,
        "generalAndAdministrativeExpenses": 767700000,
        "sellingAndMarketingExpenses": 66000000,
        "sellingGeneralAndAdministrativeExpenses": 833700000,
        "otherExpenses": 68400000,
        "operatingExpenses": 902100000,
        "costAndExpenses": 6873700000,
        "interestIncome": 88000000,
        "interestExpense": 138300000,
        "depreciationAndAmortization": 61200000,
        "ebitda": 441300000,
        "ebitdaratio": 0.0611795042,
        "operatingIncome": 339500000,
        "operatingIncomeRatio": 0.0470664892,
        "totalOtherIncomeExpensesNet": -97700000,
        "incomeBeforeTax": 241800000,
        "incomeBeforeTaxRatio": 0.0335218766,
        "incomeTaxExpense": 55700000,
        "netIncome": 186100000,
        "netIncomeRatio": 0.0257999224,
        "eps": 4.66,
        "epsdiluted": 4.62,
        "weightedAverageShsOut": 39900000,
        "weightedAverageShsOutDil": 40300000,
        "link": "https://www.sec.gov/Archives/edgar/data/350698/000035069825000029/0000350698-25-000029-index.htm",
        "finalLink": "https://www.sec.gov/Archives/edgar/data/350698/000035069825000029/an-20241231.htm"
    },
    {
        "date": "2024-09-30",
        "symbol": "AN",
        "reportedCurrency": "USD",
        "cik": "0000350698",
        "fillingDate": "2024-10-25",
        "acceptedDate": "2024-10-25 17:25:31",
        "calendarYear": "2024",
        "period": "Q3",
        "revenue": 6586100000,
        "costOfRevenue": 5403300000,
        "grossProfit": 1182800000,
        "grossProfitRatio": 0.1795903494,
        "researchAndDevelopmentExpenses": 0,
        "generalAndAdministrativeExpenses": 746100000,
        "sellingAndMarketingExpenses": 65200000,
        "sellingGeneralAndAdministrativeExpenses": 811300000,
        "otherExpenses": 20800000,
        "operatingExpenses": 832100000,
        "costAndExpenses": 6235400000,
        "interestIncome": 0,
        "interestExpense": 105400000,
        "depreciationAndAmortization": 61300000,
        "ebitda": 414100000,
        "ebitdaratio": 0.0628748425,
        "operatingIncome": 350700000,
        "operatingIncomeRatio": 0.0532485082,
        "totalOtherIncomeExpensesNet": -103300000,
        "incomeBeforeTax": 247400000,
        "incomeBeforeTaxRatio": 0.0375639605,
        "incomeTaxExpense": 61600000,
        "netIncome": 185800000,
        "netIncomeRatio": 0.0282109291,
        "eps": 4.66,
        "epsdiluted": 4.61,
        "weightedAverageShsOut": 39900000,
        "weightedAverageShsOutDil": 40300000,
        "link": "https://www.sec.gov/Archives/edgar/data/350698/000035069824000111/0000350698-24-000111-index.htm",
        "finalLink": "https://www.sec.gov/Archives/edgar/data/350698/000035069824000111/an-20240930.htm"
    },
    {
        "date": "2024-06-30",
        "symbol": "AN",
        "reportedCurrency": "USD",
        "cik": "0000350698",
        "fillingDate": "2024-08-01",
        "acceptedDate": "2024-08-01 16:34:29",
        "calendarYear": "2024",
        "period": "Q2",
        "revenue": 6480400000,
        "costOfRevenue": 5317300000,
        "grossProfit": 1163100000,
        "grossProfitRatio": 0.1794796617,
        "researchAndDevelopmentExpenses": 0,
        "generalAndAdministrativeExpenses": 759600000,
        "sellingAndMarketingExpenses": 66200000,
        "sellingGeneralAndAdministrativeExpenses": 825800000,
        "otherExpenses": 62300000,
        "operatingExpenses": 888100000,
        "costAndExpenses": 6205400000,
        "interestIncome": 0,
        "interestExpense": 100700000,
        "depreciationAndAmortization": 59900000,
        "ebitda": 334800000,
        "ebitdaratio": 0.0516634776,
        "operatingIncome": 275000000,
        "operatingIncomeRatio": 0.0424356521,
        "totalOtherIncomeExpensesNet": -100800000,
        "incomeBeforeTax": 174200000,
        "incomeBeforeTaxRatio": 0.0268810567,
        "incomeTaxExpense": 44000000,
        "netIncome": 130200000,
        "netIncomeRatio": 0.0200913524,
        "eps": 3.22,
        "epsdiluted": 3.2,
        "weightedAverageShsOut": 40400000,
        "weightedAverageShsOutDil": 40700000,
        "link": "https://www.sec.gov/Archives/edgar/data/350698/000035069824000098/0000350698-24-000098-index.htm",
        "finalLink": "https://www.sec.gov/Archives/edgar/data/350698/000035069824000098/an-20240630.htm"
    },
    {
        "date": "2024-03-31",
        "symbol": "AN",
        "reportedCurrency": "USD",
        "cik": "0000350698",
        "fillingDate": "2024-04-26",
        "acceptedDate": "2024-04-26 16:48:37",
        "calendarYear": "2024",
        "period": "Q1",
        "revenue": 6485700000,
        "costOfRevenue": 5287800000,
        "grossProfit": 1197900000,
        "grossProfitRatio": 0.1846986447,
        "researchAndDevelopmentExpenses": 0,
        "generalAndAdministrativeExpenses": 735000000,
        "sellingAndMarketingExpenses": 58100000,
        "sellingGeneralAndAdministrativeExpenses": 793100000,
        "otherExpenses": 64500000,
        "operatingExpenses": 857600000,
        "costAndExpenses": 6145400000,
        "interestIncome": 0,
        "interestExpense": 94000000,
        "depreciationAndAmortization": 58300000,
        "ebitda": 412600000,
        "ebitdaratio": 0.0636168802,
        "operatingIncome": 340300000,
        "operatingIncomeRatio": 0.0524692786,
        "totalOtherIncomeExpensesNet": -87000000,
        "incomeBeforeTax": 253300000,
        "incomeBeforeTaxRatio": 0.0390551521,
        "incomeTaxExpense": 63200000,
        "netIncome": 190100000,
        "netIncomeRatio": 0.0293106372,
        "eps": 4.53,
        "epsdiluted": 4.49,
        "weightedAverageShsOut": 42000000,
        "weightedAverageShsOutDil": 42300000,
        "link": "https://www.sec.gov/Archives/edgar/data/350698/000035069824000074/0000350698-24-000074-index.htm",
        "finalLink": "https://www.sec.gov/Archives/edgar/data/350698/000035069824000074/an-20240331.htm"
    },
    {
        "date": "2023-12-31",
        "symbol": "AN",
        "reportedCurrency": "USD",
        "cik": "0000350698",
        "fillingDate": "2024-02-16",
        "acceptedDate": "2024-02-16 17:28:28",
        "calendarYear": "2023",
        "period": "Q4",
        "revenue": 6767400000,
        "costOfRevenue": 5552200000,
        "grossProfit": 1215200000,
        "grossProfitRatio": 0.1795667465,
        "researchAndDevelopmentExpenses": 0,
        "generalAndAdministrativeExpenses": 743000000,
        "sellingAndMarketingExpenses": 65300000,
        "sellingGeneralAndAdministrativeExpenses": 808300000,
        "otherExpenses": 57000000,
        "operatingExpenses": 865300000,
        "costAndExpenses": 6417500000,
        "interestIncome": 0,
        "interestExpense": 92000000,
        "depreciationAndAmortization": 57400000,
        "ebitda": 427100000,
        "ebitdaratio": 0.0631113869,
        "operatingIncome": 349900000,
        "operatingIncomeRatio": 0.0517037562,
        "totalOtherIncomeExpensesNet": -72200000,
        "incomeBeforeTax": 277700000,
        "incomeBeforeTaxRatio": 0.0410349617,
        "incomeTaxExpense": 61500000,
        "netIncome": 216200000,
        "netIncomeRatio": 0.0319472766,
        "eps": 5.04,
        "epsdiluted": 5.04,
        "weightedAverageShsOut": 42900000,
        "weightedAverageShsOutDil": 42900000,
        "link": "https://www.sec.gov/Archives/edgar/data/350698/000035069824000021/0000350698-24-000021-index.htm",
        "finalLink": "https://www.sec.gov/Archives/edgar/data/350698/000035069824000021/an-20231231.htm"
    },
    {
        "date": "2023-09-30",
        "symbol": "AN",
        "reportedCurrency": "USD",
        "cik": "0000350698",
        "fillingDate": "2023-10-27",
        "acceptedDate": "2023-10-27 17:11:55",
        "calendarYear": "2023",
        "period": "Q3",
        "revenue": 6892700000,
        "costOfRevenue": 5598100000,
        "grossProfit": 1294600000,
        "grossProfitRatio": 0.1878218985,
        "researchAndDevelopmentExpenses": 0,
        "generalAndAdministrativeExpenses": 755200000,
        "sellingAndMarketingExpenses": 64100000,
        "sellingGeneralAndAdministrativeExpenses": 819300000,
        "otherExpenses": 55800000,
        "operatingExpenses": 875100000,
        "costAndExpenses": 6473200000,
        "interestIncome": 0,
        "interestExpense": 87100000,
        "depreciationAndAmortization": 55700000,
        "ebitda": 470200000,
        "ebitdaratio": 0.0682170992,
        "operatingIncome": 419500000,
        "operatingIncomeRatio": 0.0608614911,
        "totalOtherIncomeExpensesNet": -92100000,
        "incomeBeforeTax": 327400000,
        "incomeBeforeTaxRatio": 0.0474995285,
        "incomeTaxExpense": 83700000,
        "netIncome": 243700000,
        "netIncomeRatio": 0.0353562465,
        "eps": 5.59,
        "epsdiluted": 5.54,
        "weightedAverageShsOut": 43600000,
        "weightedAverageShsOutDil": 44000000,
        "link": "https://www.sec.gov/Archives/edgar/data/350698/000035069823000143/0000350698-23-000143-index.htm",
        "finalLink": "https://www.sec.gov/Archives/edgar/data/350698/000035069823000143/an-20230930.htm"
    },
    {
        "date": "2023-06-30",
        "symbol": "AN",
        "reportedCurrency": "USD",
        "cik": "0000350698",
        "fillingDate": "2023-07-21",
        "acceptedDate": "2023-07-21 16:46:15",
        "calendarYear": "2023",
        "period": "Q2",
        "revenue": 6890100000,
        "costOfRevenue": 5554800000,
        "grossProfit": 1335300000,
        "grossProfitRatio": 0.1937997997,
        "researchAndDevelopmentExpenses": 0,
        "generalAndAdministrativeExpenses": 779500000,
        "sellingAndMarketingExpenses": 63400000,
        "sellingGeneralAndAdministrativeExpenses": 842900000,
        "otherExpenses": 53200000,
        "operatingExpenses": 896100000,
        "costAndExpenses": 6450900000,
        "interestIncome": 0,
        "interestExpense": 78800000,
        "depreciationAndAmortization": 54600000,
        "ebitda": 498200000,
        "ebitdaratio": 0.0723066429,
        "operatingIncome": 439200000,
        "operatingIncomeRatio": 0.0637436322,
        "totalOtherIncomeExpensesNet": -74400000,
        "incomeBeforeTax": 364800000,
        "incomeBeforeTaxRatio": 0.0529455305,
        "incomeTaxExpense": 92300000,
        "netIncome": 272500000,
        "netIncomeRatio": 0.0395494986,
        "eps": 6.06,
        "epsdiluted": 6.02,
        "weightedAverageShsOut": 45000000,
        "weightedAverageShsOutDil": 45300000,
        "link": "https://www.sec.gov/Archives/edgar/data/350698/000035069823000098/0000350698-23-000098-index.htm",
        "finalLink": "https://www.sec.gov/Archives/edgar/data/350698/000035069823000098/an-20230630.htm"
    },
    {
        "date": "2023-03-31",
        "symbol": "AN",
        "reportedCurrency": "USD",
        "cik": "0000350698",
        "fillingDate": "2023-04-20",
        "acceptedDate": "2023-04-20 16:25:39",
        "calendarYear": "2023",
        "period": "Q1",
        "revenue": 6398700000,
        "costOfRevenue": 5112300000,
        "grossProfit": 1286400000,
        "grossProfitRatio": 0.2010408364,
        "researchAndDevelopmentExpenses": 0,
        "generalAndAdministrativeExpenses": 732000000,
        "sellingAndMarketingExpenses": 50700000,
        "sellingGeneralAndAdministrativeExpenses": 782700000,
        "otherExpenses": 60400000,
        "operatingExpenses": 843100000,
        "costAndExpenses": 5955400000,
        "interestIncome": 0,
        "interestExpense": 68200000,
        "depreciationAndAmortization": 52800000,
        "ebitda": 501300000,
        "ebitdaratio": 0.0783440386,
        "operatingIncome": 443300000,
        "operatingIncomeRatio": 0.0692796974,
        "totalOtherIncomeExpensesNet": -63000000,
        "incomeBeforeTax": 380300000,
        "incomeBeforeTaxRatio": 0.0594339475,
        "incomeTaxExpense": 92500000,
        "netIncome": 288700000,
        "netIncomeRatio": 0.0451185397,
        "eps": 6.12,
        "epsdiluted": 6.07,
        "weightedAverageShsOut": 47200000,
        "weightedAverageShsOutDil": 47600000,
        "link": "https://www.sec.gov/Archives/edgar/data/350698/000035069823000078/0000350698-23-000078-index.htm",
        "finalLink": "https://www.sec.gov/Archives/edgar/data/350698/000035069823000078/an-20230331.htm"
    },
    {
        "date": "2022-12-31",
        "symbol": "AN",
        "reportedCurrency": "USD",
        "cik": "0000350698",
        "fillingDate": "2023-02-17",
        "acceptedDate": "2023-02-17 16:39:27",
        "calendarYear": "2022",
        "period": "Q4",
        "revenue": 6697000000,
        "costOfRevenue": 5415100000,
        "grossProfit": 1281900000,
        "grossProfitRatio": 0.191414066,
        "researchAndDevelopmentExpenses": 0,
        "generalAndAdministrativeExpenses": 715900000,
        "sellingAndMarketingExpenses": 50800000,
        "sellingGeneralAndAdministrativeExpenses": 766700000,
        "otherExpenses": 90300000,
        "operatingExpenses": 857000000,
        "costAndExpenses": 6272100000,
        "interestIncome": 0,
        "interestExpense": 57200000,
        "depreciationAndAmortization": 51400000,
        "ebitda": 486300000,
        "ebitdaratio": 0.0726146036,
        "operatingIncome": 424900000,
        "operatingIncomeRatio": 0.0634463192,
        "totalOtherIncomeExpensesNet": -47200000,
        "incomeBeforeTax": 377700000,
        "incomeBeforeTaxRatio": 0.0563983873,
        "incomeTaxExpense": 91300000,
        "netIncome": 286400000,
        "netIncomeRatio": 0.0427654174,
        "eps": 5.72,
        "epsdiluted": 5.72,
        "weightedAverageShsOut": 50100000,
        "weightedAverageShsOutDil": 50100000,
        "link": "https://www.sec.gov/Archives/edgar/data/350698/000035069823000026/0000350698-23-000026-index.htm",
        "finalLink": "https://www.sec.gov/Archives/edgar/data/350698/000035069823000026/an-20221231.htm"
    },
    {
        "date": "2022-09-30",
        "symbol": "AN",
        "reportedCurrency": "USD",
        "cik": "0000350698",
        "fillingDate": "2022-10-27",
        "acceptedDate": "2022-10-27 16:49:59",
        "calendarYear": "2022",
        "period": "Q3",
        "revenue": 6666000000,
        "costOfRevenue": 5353200000,
        "grossProfit": 1312800000,
        "grossProfitRatio": 0.196939694,
        "researchAndDevelopmentExpenses": 0,
        "generalAndAdministrativeExpenses": 714100000,
        "sellingAndMarketingExpenses": 49100000,
        "sellingGeneralAndAdministrativeExpenses": 763200000,
        "otherExpenses": 27100000,
        "operatingExpenses": 790300000,
        "costAndExpenses": 6143500000,
        "interestIncome": 0,
        "interestExpense": 44400000,
        "depreciationAndAmortization": 50100000,
        "ebitda": 568000000,
        "ebitdaratio": 0.0852085209,
        "operatingIncome": 522500000,
        "operatingIncomeRatio": 0.0783828383,
        "totalOtherIncomeExpensesNet": -49000000,
        "incomeBeforeTax": 473500000,
        "incomeBeforeTaxRatio": 0.0710321032,
        "incomeTaxExpense": 120800000,
        "netIncome": 352600000,
        "netIncomeRatio": 0.0528952895,
        "eps": 6.35,
        "epsdiluted": 6.31,
        "weightedAverageShsOut": 55500000,
        "weightedAverageShsOutDil": 55900000,
        "link": "https://www.sec.gov/Archives/edgar/data/350698/000035069822000133/0000350698-22-000133-index.htm",
        "finalLink": "https://www.sec.gov/Archives/edgar/data/350698/000035069822000133/an-20220930.htm"
    },
    {
        "date": "2022-06-30",
        "symbol": "AN",
        "reportedCurrency": "USD",
        "cik": "0000350698",
        "fillingDate": "2022-07-21",
        "acceptedDate": "2022-07-21 16:19:05",
        "calendarYear": "2022",
        "period": "Q2",
        "revenue": 6869200000,
        "costOfRevenue": 5507500000,
        "grossProfit": 1361700000,
        "grossProfitRatio": 0.1982326909,
        "researchAndDevelopmentExpenses": 0,
        "generalAndAdministrativeExpenses": 710300000,
        "sellingAndMarketingExpenses": 44500000,
        "sellingGeneralAndAdministrativeExpenses": 754800000,
        "otherExpenses": 48800000,
        "operatingExpenses": 803600000,
        "costAndExpenses": 6311100000,
        "interestIncome": 0,
        "interestExpense": 39900000,
        "depreciationAndAmortization": 48800000,
        "ebitda": 593200000,
        "ebitdaratio": 0.0863564898,
        "operatingIncome": 558100000,
        "operatingIncomeRatio": 0.0812467245,
        "totalOtherIncomeExpensesNet": -53600000,
        "incomeBeforeTax": 504500000,
        "incomeBeforeTaxRatio": 0.073443778,
        "incomeTaxExpense": 128000000,
        "netIncome": 376300000,
        "netIncomeRatio": 0.0547807605,
        "eps": 6.51,
        "epsdiluted": 6.48,
        "weightedAverageShsOut": 57800000,
        "weightedAverageShsOutDil": 58100000,
        "link": "https://www.sec.gov/Archives/edgar/data/350698/000035069822000103/0000350698-22-000103-index.htm",
        "finalLink": "https://www.sec.gov/Archives/edgar/data/350698/000035069822000103/an-20220630.htm"
    },
    {
        "date": "2022-03-31",
        "symbol": "AN",
        "reportedCurrency": "USD",
        "cik": "0000350698",
        "fillingDate": "2022-04-21",
        "acceptedDate": "2022-04-21 16:16:13",
        "calendarYear": "2022",
        "period": "Q1",
        "revenue": 6752800000,
        "costOfRevenue": 5443900000,
        "grossProfit": 1308900000,
        "grossProfitRatio": 0.1938307073,
        "researchAndDevelopmentExpenses": 0,
        "generalAndAdministrativeExpenses": 701500000,
        "sellingAndMarketingExpenses": 39900000,
        "sellingGeneralAndAdministrativeExpenses": 741400000,
        "otherExpenses": 48500000,
        "operatingExpenses": 789900000,
        "costAndExpenses": 6233800000,
        "interestIncome": 0,
        "interestExpense": 34800000,
        "depreciationAndAmortization": 50000000,
        "ebitda": 562600000,
        "ebitdaratio": 0.0833135884,
        "operatingIncome": 519000000,
        "operatingIncomeRatio": 0.0768570075,
        "totalOtherIncomeExpensesNet": -41200000,
        "incomeBeforeTax": 477800000,
        "incomeBeforeTaxRatio": 0.0707558346,
        "incomeTaxExpense": 115700000,
        "netIncome": 362100000,
        "netIncomeRatio": 0.0536222012,
        "eps": 5.83,
        "epsdiluted": 5.78,
        "weightedAverageShsOut": 62100000,
        "weightedAverageShsOutDil": 62600000,
        "link": "https://www.sec.gov/Archives/edgar/data/350698/000035069822000083/0000350698-22-000083-index.htm",
        "finalLink": "https://www.sec.gov/Archives/edgar/data/350698/000035069822000083/an-20220331.htm"
    },
    {
        "date": "2021-12-31",
        "symbol": "AN",
        "reportedCurrency": "USD",
        "cik": "0000350698",
        "fillingDate": "2022-02-17",
        "acceptedDate": "2022-02-17 16:52:41",
        "calendarYear": "2021",
        "period": "Q4",
        "revenue": 6582300000,
        "costOfRevenue": 5260700000,
        "grossProfit": 1321600000,
        "grossProfitRatio": 0.2007808821,
        "researchAndDevelopmentExpenses": 0,
        "generalAndAdministrativeExpenses": 709200000,
        "sellingAndMarketingExpenses": 46500000,
        "sellingGeneralAndAdministrativeExpenses": 755700000,
        "otherExpenses": 33500000,
        "operatingExpenses": 789200000,
        "costAndExpenses": 6049900000,
        "interestIncome": 0,
        "interestExpense": 31600000,
        "depreciationAndAmortization": 49900000,
        "ebitda": 587500000,
        "ebitdaratio": 0.0892545159,
        "operatingIncome": 532400000,
        "operatingIncomeRatio": 0.0808835817,
        "totalOtherIncomeExpensesNet": -26400000,
        "incomeBeforeTax": 506000000,
        "incomeBeforeTaxRatio": 0.0768728256,
        "incomeTaxExpense": 118800000,
        "netIncome": 387100000,
        "netIncomeRatio": 0.0588092308,
        "eps": 5.87,
        "epsdiluted": 5.87,
        "weightedAverageShsOut": 64900000,
        "weightedAverageShsOutDil": 66000000,
        "link": "https://www.sec.gov/Archives/edgar/data/350698/000035069822000025/0000350698-22-000025-index.htm",
        "finalLink": "https://www.sec.gov/Archives/edgar/data/350698/000035069822000025/an-20211231.htm"
    },
    {
        "date": "2021-09-30",
        "symbol": "AN",
        "reportedCurrency": "USD",
        "cik": "0000350698",
        "fillingDate": "2021-10-21",
        "acceptedDate": "2021-10-21 17:10:16",
        "calendarYear": "2021",
        "period": "Q3",
        "revenue": 6379500000,
        "costOfRevenue": 5107600000,
        "grossProfit": 1271900000,
        "grossProfitRatio": 0.1993729916,
        "researchAndDevelopmentExpenses": 0,
        "generalAndAdministrativeExpenses": 679400000,
        "sellingAndMarketingExpenses": 44300000,
        "sellingGeneralAndAdministrativeExpenses": 723700000,
        "otherExpenses": 44900000,
        "operatingExpenses": 768600000,
        "costAndExpenses": 5876200000,
        "interestIncome": 0,
        "interestExpense": 29000000,
        "depreciationAndAmortization": 47600000,
        "ebitda": 550100000,
        "ebitdaratio": 0.0862293283,
        "operatingIncome": 503300000,
        "operatingIncomeRatio": 0.0788933302,
        "totalOtherIncomeExpensesNet": -29800000,
        "incomeBeforeTax": 473500000,
        "incomeBeforeTaxRatio": 0.0742221177,
        "incomeTaxExpense": 111800000,
        "netIncome": 361700000,
        "netIncomeRatio": 0.0566972333,
        "eps": 5.17,
        "epsdiluted": 5.12,
        "weightedAverageShsOut": 69900000,
        "weightedAverageShsOutDil": 70700000,
        "link": "https://www.sec.gov/Archives/edgar/data/350698/000035069821000148/0000350698-21-000148-index.htm",
        "finalLink": "https://www.sec.gov/Archives/edgar/data/350698/000035069821000148/an-20210930.htm"
    },
    {
        "date": "2021-06-30",
        "symbol": "AN",
        "reportedCurrency": "USD",
        "cik": "0000350698",
        "fillingDate": "2021-07-21",
        "acceptedDate": "2021-07-21 16:21:05",
        "calendarYear": "2021",
        "period": "Q2",
        "revenue": 6978400000,
        "costOfRevenue": 5652100000,
        "grossProfit": 1326300000,
        "grossProfitRatio": 0.1900578929,
        "researchAndDevelopmentExpenses": 0,
        "generalAndAdministrativeExpenses": 706100000,
        "sellingAndMarketingExpenses": 42800000,
        "sellingGeneralAndAdministrativeExpenses": 748900000,
        "otherExpenses": 47200000,
        "operatingExpenses": 796100000,
        "costAndExpenses": 6448200000,
        "interestIncome": 0,
        "interestExpense": 27500000,
        "depreciationAndAmortization": 47900000,
        "ebitda": 587000000,
        "ebitdaratio": 0.084116703,
        "operatingIncome": 530200000,
        "operatingIncomeRatio": 0.0759773014,
        "totalOtherIncomeExpensesNet": -18600000,
        "incomeBeforeTax": 511600000,
        "incomeBeforeTaxRatio": 0.073311934,
        "incomeTaxExpense": 126700000,
        "netIncome": 384800000,
        "netIncomeRatio": 0.0551415797,
        "eps": 4.88,
        "epsdiluted": 4.83,
        "weightedAverageShsOut": 78900000,
        "weightedAverageShsOutDil": 79700000,
        "link": "https://www.sec.gov/Archives/edgar/data/350698/000035069821000115/0000350698-21-000115-index.htm",
        "finalLink": "https://www.sec.gov/Archives/edgar/data/350698/000035069821000115/an-20210630.htm"
    },
    {
        "date": "2021-03-31",
        "symbol": "AN",
        "reportedCurrency": "USD",
        "cik": "0000350698",
        "fillingDate": "2021-04-22",
        "acceptedDate": "2021-04-22 16:05:16",
        "calendarYear": "2021",
        "period": "Q1",
        "revenue": 5903800000,
        "costOfRevenue": 4871000000,
        "grossProfit": 1032800000,
        "grossProfitRatio": 0.1749381754,
        "researchAndDevelopmentExpenses": 0,
        "generalAndAdministrativeExpenses": 611200000,
        "sellingAndMarketingExpenses": 36700000,
        "sellingGeneralAndAdministrativeExpenses": 647900000,
        "otherExpenses": 48000000,
        "operatingExpenses": 695900000,
        "costAndExpenses": 5566900000,
        "interestIncome": 0,
        "interestExpense": 30600000,
        "depreciationAndAmortization": 47900000,
        "ebitda": 395800000,
        "ebitdaratio": 0.0670415664,
        "operatingIncome": 336900000,
        "operatingIncomeRatio": 0.0570649412,
        "totalOtherIncomeExpensesNet": -19600000,
        "incomeBeforeTax": 317300000,
        "incomeBeforeTaxRatio": 0.0537450456,
        "incomeTaxExpense": 77800000,
        "netIncome": 239400000,
        "netIncomeRatio": 0.0405501541,
        "eps": 2.88,
        "epsdiluted": 2.85,
        "weightedAverageShsOut": 83100000,
        "weightedAverageShsOutDil": 83900000,
        "link": "https://www.sec.gov/Archives/edgar/data/350698/000035069821000090/0000350698-21-000090-index.htm",
        "finalLink": "https://www.sec.gov/Archives/edgar/data/350698/000035069821000090/an-20210331.htm"
    },
    {
        "date": "2020-12-31",
        "symbol": "AN",
        "reportedCurrency": "USD",
        "cik": "0000350698",
        "fillingDate": "2021-02-16",
        "acceptedDate": "2021-02-16 16:41:43",
        "calendarYear": "2020",
        "period": "Q4",
        "revenue": 5785100000,
        "costOfRevenue": 4801400000,
        "grossProfit": 983700000,
        "grossProfitRatio": 0.1700402759,
        "researchAndDevelopmentExpenses": 0,
        "generalAndAdministrativeExpenses": 586800000,
        "sellingAndMarketingExpenses": 45200000,
        "sellingGeneralAndAdministrativeExpenses": 632000000,
        "otherExpenses": 45300000,
        "operatingExpenses": 677300000,
        "costAndExpenses": 5475700000,
        "interestIncome": 0,
        "interestExpense": 34300000,
        "depreciationAndAmortization": 49900000,
        "ebitda": 285500000,
        "ebitdaratio": 0.0493509187,
        "operatingIncome": 309400000,
        "operatingIncomeRatio": 0.0534822216,
        "totalOtherIncomeExpensesNet": -108100000,
        "incomeBeforeTax": 201300000,
        "incomeBeforeTaxRatio": 0.034796287,
        "incomeTaxExpense": 49800000,
        "netIncome": 151500000,
        "netIncomeRatio": 0.0261879656,
        "eps": 1.73,
        "epsdiluted": 1.73,
        "weightedAverageShsOut": 87700000,
        "weightedAverageShsOutDil": 87700000,
        "link": "https://www.sec.gov/Archives/edgar/data/350698/000035069821000031/0000350698-21-000031-index.htm",
        "finalLink": "https://www.sec.gov/Archives/edgar/data/350698/000035069821000031/an-20201231.htm"
    },
    {
        "date": "2020-09-30",
        "symbol": "AN",
        "reportedCurrency": "USD",
        "cik": "0000350698",
        "fillingDate": "2020-10-21",
        "acceptedDate": "2020-10-21 17:01:53",
        "calendarYear": "2020",
        "period": "Q3",
        "revenue": 5404900000,
        "costOfRevenue": 4433400000,
        "grossProfit": 971500000,
        "grossProfitRatio": 0.1797443061,
        "researchAndDevelopmentExpenses": 0,
        "generalAndAdministrativeExpenses": 599300000,
        "sellingAndMarketingExpenses": 42100000,
        "sellingGeneralAndAdministrativeExpenses": 641400000,
        "otherExpenses": 58400000,
        "operatingExpenses": 699800000,
        "costAndExpenses": 5133200000,
        "interestIncome": 100000,
        "interestExpense": 34700000,
        "depreciationAndAmortization": 51800000,
        "ebitda": 330000000,
        "ebitdaratio": 0.0610557087,
        "operatingIncome": 271700000,
        "operatingIncomeRatio": 0.0502692002,
        "totalOtherIncomeExpensesNet": -28200000,
        "incomeBeforeTax": 243500000,
        "incomeBeforeTaxRatio": 0.0450517123,
        "incomeTaxExpense": 60900000,
        "netIncome": 182600000,
        "netIncomeRatio": 0.0337841588,
        "eps": 2.07,
        "epsdiluted": 2.05,
        "weightedAverageShsOut": 88300000,
        "weightedAverageShsOutDil": 88900000,
        "link": "https://www.sec.gov/Archives/edgar/data/350698/000035069820000130/0000350698-20-000130-index.htm",
        "finalLink": "https://www.sec.gov/Archives/edgar/data/350698/000035069820000130/an-20200930.htm"
    },
    {
        "date": "2020-06-30",
        "symbol": "AN",
        "reportedCurrency": "USD",
        "cik": "0000350698",
        "fillingDate": "2020-07-23",
        "acceptedDate": "2020-07-23 16:26:40",
        "calendarYear": "2020",
        "period": "Q2",
        "revenue": 4533000000,
        "costOfRevenue": 3738000000,
        "grossProfit": 795000000,
        "grossProfitRatio": 0.1753805427,
        "researchAndDevelopmentExpenses": 0,
        "generalAndAdministrativeExpenses": 519800000,
        "sellingAndMarketingExpenses": 28100000,
        "sellingGeneralAndAdministrativeExpenses": 547900000,
        "otherExpenses": 45700000,
        "operatingExpenses": 593600000,
        "costAndExpenses": 4331600000,
        "interestIncome": 100000,
        "interestExpense": 39500000,
        "depreciationAndAmortization": 49100000,
        "ebitda": 465100000,
        "ebitdaratio": 0.1026031326,
        "operatingIncome": 201400000,
        "operatingIncomeRatio": 0.0444297375,
        "totalOtherIncomeExpensesNet": 175100000,
        "incomeBeforeTax": 376500000,
        "incomeBeforeTaxRatio": 0.0830575778,
        "incomeTaxExpense": 96600000,
        "netIncome": 279800000,
        "netIncomeRatio": 0.0617251268,
        "eps": 3.18,
        "epsdiluted": 3.18,
        "weightedAverageShsOut": 87900000,
        "weightedAverageShsOutDil": 88100000,
        "link": "https://www.sec.gov/Archives/edgar/data/350698/000035069820000089/0000350698-20-000089-index.htm",
        "finalLink": "https://www.sec.gov/Archives/edgar/data/350698/000035069820000089/an10q6302020.htm"
    },
    {
        "date": "2020-03-31",
        "symbol": "AN",
        "reportedCurrency": "USD",
        "cik": "0000350698",
        "fillingDate": "2020-05-11",
        "acceptedDate": "2020-05-11 14:27:41",
        "calendarYear": "2020",
        "period": "Q1",
        "revenue": 4667000000,
        "costOfRevenue": 3853800000,
        "grossProfit": 813200000,
        "grossProfitRatio": 0.1742446968,
        "researchAndDevelopmentExpenses": 0,
        "generalAndAdministrativeExpenses": 554400000,
        "sellingAndMarketingExpenses": 46300000,
        "sellingGeneralAndAdministrativeExpenses": 600700000,
        "otherExpenses": 431800000,
        "operatingExpenses": 1032500000,
        "costAndExpenses": 4886300000,
        "interestIncome": 100000,
        "interestExpense": 49000000,
        "depreciationAndAmortization": 48100000,
        "ebitda": -174100000,
        "ebitdaratio": -0.0373044783,
        "operatingIncome": -219300000,
        "operatingIncomeRatio": -0.0469895007,
        "totalOtherIncomeExpensesNet": -51900000,
        "incomeBeforeTax": -271200000,
        "incomeBeforeTaxRatio": -0.058110135,
        "incomeTaxExpense": -39000000,
        "netIncome": -232300000,
        "netIncomeRatio": -0.0497750161,
        "eps": -2.58,
        "epsdiluted": -2.58,
        "weightedAverageShsOut": 90000000,
        "weightedAverageShsOutDil": 90000000,
        "link": "https://www.sec.gov/Archives/edgar/data/350698/000035069820000079/0000350698-20-000079-index.htm",
        "finalLink": "https://www.sec.gov/Archives/edgar/data/350698/000035069820000079/an10q3312020.htm"
    },
    {
        "date": "2019-12-31",
        "symbol": "AN",
        "reportedCurrency": "USD",
        "cik": "0000350698",
        "fillingDate": "2020-02-18",
        "acceptedDate": "2020-02-18 16:47:36",
        "calendarYear": "2019",
        "period": "Q4",
        "revenue": 5548900000,
        "costOfRevenue": 4653300000,
        "grossProfit": 895600000,
        "grossProfitRatio": 0.1614013588,
        "researchAndDevelopmentExpenses": 0,
        "generalAndAdministrativeExpenses": 596800000,
        "sellingAndMarketingExpenses": 48000000,
        "sellingGeneralAndAdministrativeExpenses": 644800000,
        "otherExpenses": 15000000,
        "operatingExpenses": 659800000,
        "costAndExpenses": 5313100000,
        "interestIncome": 100000,
        "interestExpense": 54100000,
        "depreciationAndAmortization": 46800000,
        "ebitda": 312100000,
        "ebitdaratio": 0.056245382,
        "operatingIncome": 235800000,
        "operatingIncomeRatio": 0.0424949089,
        "totalOtherIncomeExpensesNet": -24600000,
        "incomeBeforeTax": 211200000,
        "incomeBeforeTaxRatio": 0.0380615978,
        "incomeTaxExpense": 53500000,
        "netIncome": 157700000,
        "netIncomeRatio": 0.0284200472,
        "eps": 1.74,
        "epsdiluted": 1.74,
        "weightedAverageShsOut": 89349175,
        "weightedAverageShsOutDil": 90700000,
        "link": "https://www.sec.gov/Archives/edgar/data/350698/000035069820000042/0000350698-20-000042-index.htm",
        "finalLink": "https://www.sec.gov/Archives/edgar/data/350698/000035069820000042/an10k2019.htm"
    },
    {
        "date": "2019-09-30",
        "symbol": "AN",
        "reportedCurrency": "USD",
        "cik": "0000350698",
        "fillingDate": "2019-10-30",
        "acceptedDate": "2019-10-29 19:29:23",
        "calendarYear": "2019",
        "period": "Q3",
        "revenue": 5461200000,
        "costOfRevenue": 4573800000,
        "grossProfit": 887400000,
        "grossProfitRatio": 0.1624917601,
        "researchAndDevelopmentExpenses": 0,
        "generalAndAdministrativeExpenses": 605500000,
        "sellingAndMarketingExpenses": 48300000,
        "sellingGeneralAndAdministrativeExpenses": 653800000,
        "otherExpenses": 40100000,
        "operatingExpenses": 693900000,
        "costAndExpenses": 5267700000,
        "interestIncome": 100000,
        "interestExpense": 59100000,
        "depreciationAndAmortization": 45200000,
        "ebitda": 241400000,
        "ebitdaratio": 0.0442027393,
        "operatingIncome": 193500000,
        "operatingIncomeRatio": 0.0354317732,
        "totalOtherIncomeExpensesNet": -56400000,
        "incomeBeforeTax": 137100000,
        "incomeBeforeTaxRatio": 0.0251043727,
        "incomeTaxExpense": 37100000,
        "netIncome": 99500000,
        "netIncomeRatio": 0.018219439,
        "eps": 1.11,
        "epsdiluted": 1.1,
        "weightedAverageShsOut": 89900000,
        "weightedAverageShsOutDil": 90400000,
        "link": "https://www.sec.gov/Archives/edgar/data/350698/000035069819000148/0000350698-19-000148-index.htm",
        "finalLink": "https://www.sec.gov/Archives/edgar/data/350698/000035069819000148/an10q93019.htm"
    },
    {
        "date": "2019-06-30",
        "symbol": "AN",
        "reportedCurrency": "USD",
        "cik": "0000350698",
        "fillingDate": "2019-07-23",
        "acceptedDate": "2019-07-23 16:35:12",
        "calendarYear": "2019",
        "period": "Q2",
        "revenue": 5343800000,
        "costOfRevenue": 4453000000,
        "grossProfit": 890800000,
        "grossProfitRatio": 0.1666978555,
        "researchAndDevelopmentExpenses": 0,
        "generalAndAdministrativeExpenses": 589700000,
        "sellingAndMarketingExpenses": 47300000,
        "sellingGeneralAndAdministrativeExpenses": 637000000,
        "otherExpenses": 50300000,
        "operatingExpenses": 687300000,
        "costAndExpenses": 5140300000,
        "interestIncome": 100000,
        "interestExpense": 65100000,
        "depreciationAndAmortization": 44400000,
        "ebitda": 247700000,
        "ebitdaratio": 0.0463527827,
        "operatingIncome": 203500000,
        "operatingIncomeRatio": 0.038081515,
        "totalOtherIncomeExpensesNet": -65300000,
        "incomeBeforeTax": 138200000,
        "incomeBeforeTaxRatio": 0.0258617463,
        "incomeTaxExpense": 37200000,
        "netIncome": 100800000,
        "netIncomeRatio": 0.0188629814,
        "eps": 1.12,
        "epsdiluted": 1.12,
        "weightedAverageShsOut": 89900000,
        "weightedAverageShsOutDil": 90200000,
        "link": "https://www.sec.gov/Archives/edgar/data/350698/000035069819000116/0000350698-19-000116-index.htm",
        "finalLink": "https://www.sec.gov/Archives/edgar/data/350698/000035069819000116/an10q63019.htm"
    },
    {
        "date": "2019-03-31",
        "symbol": "AN",
        "reportedCurrency": "USD",
        "cik": "0000350698",
        "fillingDate": "2019-04-26",
        "acceptedDate": "2019-04-26 16:22:50",
        "calendarYear": "2019",
        "period": "Q1",
        "revenue": 4981800000,
        "costOfRevenue": 4132600000,
        "grossProfit": 849200000,
        "grossProfitRatio": 0.1704604761,
        "researchAndDevelopmentExpenses": 0,
        "generalAndAdministrativeExpenses": 578800000,
        "sellingAndMarketingExpenses": 44200000,
        "sellingGeneralAndAdministrativeExpenses": 623000000,
        "otherExpenses": 35400000,
        "operatingExpenses": 658400000,
        "costAndExpenses": 4791000000,
        "interestIncome": 200000,
        "interestExpense": 66800000,
        "depreciationAndAmortization": 44100000,
        "ebitda": 237000000,
        "ebitdaratio": 0.0475731663,
        "operatingIncome": 190800000,
        "operatingIncomeRatio": 0.0382994099,
        "totalOtherIncomeExpensesNet": -64700000,
        "incomeBeforeTax": 126100000,
        "incomeBeforeTaxRatio": 0.0253121362,
        "incomeTaxExpense": 34000000,
        "netIncome": 92000000,
        "netIncomeRatio": 0.0184672207,
        "eps": 1.02,
        "epsdiluted": 1.01,
        "weightedAverageShsOut": 90500000,
        "weightedAverageShsOutDil": 90700000,
        "link": "https://www.sec.gov/Archives/edgar/data/350698/000035069819000088/0000350698-19-000088-index.htm",
        "finalLink": "https://www.sec.gov/Archives/edgar/data/350698/000035069819000088/an10q33119.htm"
    },
    {
        "date": "2018-12-31",
        "symbol": "AN",
        "reportedCurrency": "USD",
        "cik": "0000350698",
        "fillingDate": "2019-02-22",
        "acceptedDate": "2019-02-22 17:16:34",
        "calendarYear": "2018",
        "period": "Q4",
        "revenue": 5411700000,
        "costOfRevenue": 4563800000,
        "grossProfit": 847900000,
        "grossProfitRatio": 0.1566790472,
        "researchAndDevelopmentExpenses": 0,
        "generalAndAdministrativeExpenses": 581700000,
        "sellingAndMarketingExpenses": 49800000,
        "sellingGeneralAndAdministrativeExpenses": 631500000,
        "otherExpenses": 19100000,
        "operatingExpenses": 650600000,
        "costAndExpenses": 5214400000,
        "interestIncome": 300000,
        "interestExpense": 66000000,
        "depreciationAndAmortization": 42200000,
        "ebitda": 236700000,
        "ebitdaratio": 0.0437385664,
        "operatingIncome": 197300000,
        "operatingIncomeRatio": 0.0364580446,
        "totalOtherIncomeExpensesNet": -68800000,
        "incomeBeforeTax": 128500000,
        "incomeBeforeTaxRatio": 0.0237448491,
        "incomeTaxExpense": 35600000,
        "netIncome": 92700000,
        "netIncomeRatio": 0.0171295526,
        "eps": 1.02,
        "epsdiluted": 1.02,
        "weightedAverageShsOut": 90700069,
        "weightedAverageShsOutDil": 90882353,
        "link": "https://www.sec.gov/Archives/edgar/data/350698/000035069819000047/0000350698-19-000047-index.htm",
        "finalLink": "https://www.sec.gov/Archives/edgar/data/350698/000035069819000047/an10k2018.htm"
    },
    {
        "date": "2018-09-30",
        "symbol": "AN",
        "reportedCurrency": "USD",
        "cik": "0000350698",
        "fillingDate": "2018-10-30",
        "acceptedDate": "2018-10-30 16:20:32",
        "calendarYear": "2018",
        "period": "Q3",
        "revenue": 5349200000,
        "costOfRevenue": 4493900000,
        "grossProfit": 855300000,
        "grossProfitRatio": 0.1598930681,
        "researchAndDevelopmentExpenses": 0,
        "generalAndAdministrativeExpenses": 574500000,
        "sellingAndMarketingExpenses": 51700000,
        "sellingGeneralAndAdministrativeExpenses": 626200000,
        "otherExpenses": 25500000,
        "operatingExpenses": 651700000,
        "costAndExpenses": 5145600000,
        "interestIncome": 300000,
        "interestExpense": 61100000,
        "depreciationAndAmortization": 42900000,
        "ebitda": 249100000,
        "ebitdaratio": 0.0465677111,
        "operatingIncome": 203600000,
        "operatingIncomeRatio": 0.0380617662,
        "totalOtherIncomeExpensesNet": -58500000,
        "incomeBeforeTax": 145100000,
        "incomeBeforeTaxRatio": 0.0271255515,
        "incomeTaxExpense": 32800000,
        "netIncome": 112000000,
        "netIncomeRatio": 0.0209377103,
        "eps": 1.24,
        "epsdiluted": 1.23,
        "weightedAverageShsOut": 90400000,
        "weightedAverageShsOutDil": 90800000,
        "link": "https://www.sec.gov/Archives/edgar/data/350698/000035069818000131/0000350698-18-000131-index.htm",
        "finalLink": "https://www.sec.gov/Archives/edgar/data/350698/000035069818000131/an10q93018.htm"
    },
    {
        "date": "2018-06-30",
        "symbol": "AN",
        "reportedCurrency": "USD",
        "cik": "0000350698",
        "fillingDate": "2018-08-01",
        "acceptedDate": "2018-08-01 16:25:30",
        "calendarYear": "2018",
        "period": "Q2",
        "revenue": 5392000000,
        "costOfRevenue": 4540200000,
        "grossProfit": 851800000,
        "grossProfitRatio": 0.1579747774,
        "researchAndDevelopmentExpenses": 0,
        "generalAndAdministrativeExpenses": 573300000,
        "sellingAndMarketingExpenses": 52000000,
        "sellingGeneralAndAdministrativeExpenses": 625300000,
        "otherExpenses": 35300000,
        "operatingExpenses": 660600000,
        "costAndExpenses": 5200800000,
        "interestIncome": 300000,
        "interestExpense": 62100000,
        "depreciationAndAmortization": 41100000,
        "ebitda": 232800000,
        "ebitdaratio": 0.0431750742,
        "operatingIncome": 191200000,
        "operatingIncomeRatio": 0.0354599407,
        "totalOtherIncomeExpensesNet": -61600000,
        "incomeBeforeTax": 129600000,
        "incomeBeforeTaxRatio": 0.0240356083,
        "incomeTaxExpense": 32200000,
        "netIncome": 97600000,
        "netIncomeRatio": 0.0181008902,
        "eps": 1.08,
        "epsdiluted": 1.07,
        "weightedAverageShsOut": 90700000,
        "weightedAverageShsOutDil": 91200000,
        "link": "https://www.sec.gov/Archives/edgar/data/350698/000035069818000114/0000350698-18-000114-index.htm",
        "finalLink": "https://www.sec.gov/Archives/edgar/data/350698/000035069818000114/an10q63018.htm"
    },
    {
        "date": "2018-03-31",
        "symbol": "AN",
        "reportedCurrency": "USD",
        "cik": "0000350698",
        "fillingDate": "2018-05-01",
        "acceptedDate": "2018-05-01 16:57:40",
        "calendarYear": "2018",
        "period": "Q1",
        "revenue": 5259900000,
        "costOfRevenue": 4417600000,
        "grossProfit": 842300000,
        "grossProfitRatio": 0.1601361243,
        "researchAndDevelopmentExpenses": 0,
        "generalAndAdministrativeExpenses": 582500000,
        "sellingAndMarketingExpenses": 44300000,
        "sellingGeneralAndAdministrativeExpenses": 626800000,
        "otherExpenses": 29700000,
        "operatingExpenses": 656500000,
        "costAndExpenses": 5074100000,
        "interestIncome": 200000,
        "interestExpense": 60600000,
        "depreciationAndAmortization": 40000000,
        "ebitda": 226800000,
        "ebitdaratio": 0.0431186905,
        "operatingIncome": 185800000,
        "operatingIncomeRatio": 0.0353238655,
        "totalOtherIncomeExpensesNet": -59600000,
        "incomeBeforeTax": 126200000,
        "incomeBeforeTaxRatio": 0.0239928516,
        "incomeTaxExpense": 32900000,
        "netIncome": 93700000,
        "netIncomeRatio": 0.0178140269,
        "eps": 1.02,
        "epsdiluted": 1.01,
        "weightedAverageShsOut": 92100000,
        "weightedAverageShsOutDil": 92700000,
        "link": "https://www.sec.gov/Archives/edgar/data/350698/000035069818000090/0000350698-18-000090-index.htm",
        "finalLink": "https://www.sec.gov/Archives/edgar/data/350698/000035069818000090/an10q33118.htm"
    },
    {
        "date": "2017-12-31",
        "symbol": "AN",
        "reportedCurrency": "USD",
        "cik": "0000350698",
        "fillingDate": "2018-02-15",
        "acceptedDate": "2018-02-14 18:46:25",
        "calendarYear": "2017",
        "period": "Q4",
        "revenue": 5683500000,
        "costOfRevenue": 4816300000,
        "grossProfit": 867200000,
        "grossProfitRatio": 0.1525820357,
        "researchAndDevelopmentExpenses": 0,
        "generalAndAdministrativeExpenses": 573600000,
        "sellingAndMarketingExpenses": 48500000,
        "sellingGeneralAndAdministrativeExpenses": 622100000,
        "otherExpenses": 15800000,
        "operatingExpenses": 637900000,
        "costAndExpenses": 5454200000,
        "interestIncome": 200000,
        "interestExpense": 58500000,
        "depreciationAndAmortization": 40600000,
        "ebitda": 273000000,
        "ebitdaratio": 0.048033782,
        "operatingIncome": 229300000,
        "operatingIncomeRatio": 0.0403448579,
        "totalOtherIncomeExpensesNet": -55400000,
        "incomeBeforeTax": 173900000,
        "incomeBeforeTaxRatio": 0.0305973432,
        "incomeTaxExpense": 22400000,
        "netIncome": 151300000,
        "netIncomeRatio": 0.0266209202,
        "eps": 1.65,
        "epsdiluted": 1.64,
        "weightedAverageShsOut": 92300000,
        "weightedAverageShsOutDil": 92300000,
        "link": "https://www.sec.gov/Archives/edgar/data/350698/000035069818000032/0000350698-18-000032-index.htm",
        "finalLink": "https://www.sec.gov/Archives/edgar/data/350698/000035069818000032/an10k2017.htm"
    },
    {
        "date": "2017-09-30",
        "symbol": "AN",
        "reportedCurrency": "USD",
        "cik": "0000350698",
        "fillingDate": "2017-11-02",
        "acceptedDate": "2017-11-02 16:57:07",
        "calendarYear": "2017",
        "period": "Q3",
        "revenue": 5432400000,
        "costOfRevenue": 4586500000,
        "grossProfit": 845900000,
        "grossProfitRatio": 0.155713865,
        "researchAndDevelopmentExpenses": 0,
        "generalAndAdministrativeExpenses": 556900000,
        "sellingAndMarketingExpenses": 50600000,
        "sellingGeneralAndAdministrativeExpenses": 607500000,
        "otherExpenses": 27200000,
        "operatingExpenses": 634700000,
        "costAndExpenses": 5221200000,
        "interestIncome": 200000,
        "interestExpense": 55100000,
        "depreciationAndAmortization": 41400000,
        "ebitda": 254400000,
        "ebitdaratio": 0.0468301303,
        "operatingIncome": 211200000,
        "operatingIncomeRatio": 0.038877844,
        "totalOtherIncomeExpensesNet": -53300000,
        "incomeBeforeTax": 157900000,
        "incomeBeforeTaxRatio": 0.0290663427,
        "incomeTaxExpense": 60300000,
        "netIncome": 97500000,
        "netIncomeRatio": 0.0179478683,
        "eps": 1,
        "epsdiluted": 1,
        "weightedAverageShsOut": 97300000,
        "weightedAverageShsOutDil": 97700000,
        "link": "https://www.sec.gov/Archives/edgar/data/350698/000035069817000118/0000350698-17-000118-index.htm",
        "finalLink": "https://www.sec.gov/Archives/edgar/data/350698/000035069817000118/an10q93017.htm"
    },
    {
        "date": "2017-06-30",
        "symbol": "AN",
        "reportedCurrency": "USD",
        "cik": "0000350698",
        "fillingDate": "2017-08-02",
        "acceptedDate": "2017-08-02 16:32:10",
        "calendarYear": "2017",
        "period": "Q2",
        "revenue": 5279300000,
        "costOfRevenue": 4453200000,
        "grossProfit": 826100000,
        "grossProfitRatio": 0.1564790787,
        "researchAndDevelopmentExpenses": 0,
        "generalAndAdministrativeExpenses": 563300000,
        "sellingAndMarketingExpenses": 48000000,
        "sellingGeneralAndAdministrativeExpenses": 611300000,
        "otherExpenses": 18600000,
        "operatingExpenses": 629900000,
        "costAndExpenses": 5083100000,
        "interestIncome": 200000,
        "interestExpense": 53300000,
        "depreciationAndAmortization": 39300000,
        "ebitda": 237500000,
        "ebitdaratio": 0.0449870248,
        "operatingIncome": 196200000,
        "operatingIncomeRatio": 0.037164018,
        "totalOtherIncomeExpensesNet": -51300000,
        "incomeBeforeTax": 144900000,
        "incomeBeforeTaxRatio": 0.0274468206,
        "incomeTaxExpense": 57200000,
        "netIncome": 87700000,
        "netIncomeRatio": 0.0166120508,
        "eps": 0.87,
        "epsdiluted": 0.86,
        "weightedAverageShsOut": 101200000,
        "weightedAverageShsOutDil": 101500000,
        "link": "https://www.sec.gov/Archives/edgar/data/350698/000035069817000100/0000350698-17-000100-index.htm",
        "finalLink": "https://www.sec.gov/Archives/edgar/data/350698/000035069817000100/an10q63017.htm"
    },
    {
        "date": "2017-03-31",
        "symbol": "AN",
        "reportedCurrency": "USD",
        "cik": "0000350698",
        "fillingDate": "2017-04-25",
        "acceptedDate": "2017-04-25 16:21:14",
        "calendarYear": "2017",
        "period": "Q1",
        "revenue": 5139400000,
        "costOfRevenue": 4319600000,
        "grossProfit": 819800000,
        "grossProfitRatio": 0.1595127836,
        "researchAndDevelopmentExpenses": 0,
        "generalAndAdministrativeExpenses": 549600000,
        "sellingAndMarketingExpenses": 45700000,
        "sellingGeneralAndAdministrativeExpenses": 595300000,
        "otherExpenses": 17800000,
        "operatingExpenses": 613100000,
        "costAndExpenses": 4932700000,
        "interestIncome": 400000,
        "interestExpense": 50300000,
        "depreciationAndAmortization": 37300000,
        "ebitda": 247400000,
        "ebitdaratio": 0.0481379149,
        "operatingIncome": 206700000,
        "operatingIncomeRatio": 0.0402187026,
        "totalOtherIncomeExpensesNet": -46900000,
        "incomeBeforeTax": 159800000,
        "incomeBeforeTaxRatio": 0.0310931237,
        "incomeTaxExpense": 61600000,
        "netIncome": 98100000,
        "netIncomeRatio": 0.0190878313,
        "eps": 0.97,
        "epsdiluted": 0.97,
        "weightedAverageShsOut": 101100000,
        "weightedAverageShsOutDil": 101600000,
        "link": "https://www.sec.gov/Archives/edgar/data/350698/000035069817000057/0000350698-17-000057-index.htm",
        "finalLink": "https://www.sec.gov/Archives/edgar/data/350698/000035069817000057/an10q33117.htm"
    },
    {
        "date": "2016-12-31",
        "symbol": "AN",
        "reportedCurrency": "USD",
        "cik": "0000350698",
        "fillingDate": "2017-02-09",
        "acceptedDate": "2017-02-08 21:55:28",
        "calendarYear": "2016",
        "period": "Q4",
        "revenue": 5480500000,
        "costOfRevenue": 4671400000,
        "grossProfit": 809100000,
        "grossProfitRatio": 0.1476325153,
        "researchAndDevelopmentExpenses": 0,
        "generalAndAdministrativeExpenses": 533400000,
        "sellingAndMarketingExpenses": 50800000,
        "sellingGeneralAndAdministrativeExpenses": 584200000,
        "otherExpenses": -11700000,
        "operatingExpenses": 572500000,
        "costAndExpenses": 5243900000,
        "interestIncome": 300000,
        "interestExpense": 49700000,
        "depreciationAndAmortization": 36400000,
        "ebitda": 273600000,
        "ebitdaratio": 0.0499224523,
        "operatingIncome": 236600000,
        "operatingIncomeRatio": 0.0431712435,
        "totalOtherIncomeExpensesNet": -49100000,
        "incomeBeforeTax": 187500000,
        "incomeBeforeTaxRatio": 0.0342122069,
        "incomeTaxExpense": 71900000,
        "netIncome": 115300000,
        "netIncomeRatio": 0.0210382264,
        "eps": 1.14,
        "epsdiluted": 1.14,
        "weightedAverageShsOut": 101500000,
        "weightedAverageShsOutDil": 101500000,
        "link": "https://www.sec.gov/Archives/edgar/data/350698/000035069817000028/0000350698-17-000028-index.htm",
        "finalLink": "https://www.sec.gov/Archives/edgar/data/350698/000035069817000028/an10k2016.htm"
    },
    {
        "date": "2016-09-30",
        "symbol": "AN",
        "reportedCurrency": "USD",
        "cik": "0000350698",
        "fillingDate": "2016-10-28",
        "acceptedDate": "2016-10-28 16:19:09",
        "calendarYear": "2016",
        "period": "Q3",
        "revenue": 5567500000,
        "costOfRevenue": 4731100000,
        "grossProfit": 836400000,
        "grossProfitRatio": 0.1502290076,
        "researchAndDevelopmentExpenses": 0,
        "generalAndAdministrativeExpenses": 540100000,
        "sellingAndMarketingExpenses": 51200000,
        "sellingGeneralAndAdministrativeExpenses": 591300000,
        "otherExpenses": 26100000,
        "operatingExpenses": 617400000,
        "costAndExpenses": 5348500000,
        "interestIncome": 300000,
        "interestExpense": 47100000,
        "depreciationAndAmortization": 36300000,
        "ebitda": 258200000,
        "ebitdaratio": 0.046376291,
        "operatingIncome": 219000000,
        "operatingIncomeRatio": 0.0393354288,
        "totalOtherIncomeExpensesNet": -44200000,
        "incomeBeforeTax": 174800000,
        "incomeBeforeTaxRatio": 0.0313964975,
        "incomeTaxExpense": 67000000,
        "netIncome": 107300000,
        "netIncomeRatio": 0.019272564,
        "eps": 1.05,
        "epsdiluted": 1.05,
        "weightedAverageShsOut": 101900000,
        "weightedAverageShsOutDil": 102600000,
        "link": "https://www.sec.gov/Archives/edgar/data/350698/000035069816000354/0000350698-16-000354-index.htm",
        "finalLink": "https://www.sec.gov/Archives/edgar/data/350698/000035069816000354/an10q93016.htm"
    },
    {
        "date": "2016-06-30",
        "symbol": "AN",
        "reportedCurrency": "USD",
        "cik": "0000350698",
        "fillingDate": "2016-07-29",
        "acceptedDate": "2016-07-29 16:23:36",
        "calendarYear": "2016",
        "period": "Q2",
        "revenue": 5441400000,
        "costOfRevenue": 4599600000,
        "grossProfit": 841800000,
        "grossProfitRatio": 0.1547028338,
        "researchAndDevelopmentExpenses": 0,
        "generalAndAdministrativeExpenses": 533200000,
        "sellingAndMarketingExpenses": 52000000,
        "sellingGeneralAndAdministrativeExpenses": 585200000,
        "otherExpenses": 30100000,
        "operatingExpenses": 615300000,
        "costAndExpenses": 5214900000,
        "interestIncome": 400000,
        "interestExpense": 48000000,
        "depreciationAndAmortization": 35900000,
        "ebitda": 267000000,
        "ebitdaratio": 0.0490682545,
        "operatingIncome": 226500000,
        "operatingIncomeRatio": 0.041625317,
        "totalOtherIncomeExpensesNet": -43400000,
        "incomeBeforeTax": 183100000,
        "incomeBeforeTaxRatio": 0.0336494285,
        "incomeTaxExpense": 71000000,
        "netIncome": 112000000,
        "netIncomeRatio": 0.0205829382,
        "eps": 1.09,
        "epsdiluted": 1.08,
        "weightedAverageShsOut": 102900000,
        "weightedAverageShsOutDil": 103600000,
        "link": "https://www.sec.gov/Archives/edgar/data/350698/000035069816000347/0000350698-16-000347-index.htm",
        "finalLink": "https://www.sec.gov/Archives/edgar/data/350698/000035069816000347/an10q63016.htm"
    },
    {
        "date": "2016-03-31",
        "symbol": "AN",
        "reportedCurrency": "USD",
        "cik": "0000350698",
        "fillingDate": "2016-04-22",
        "acceptedDate": "2016-04-22 17:21:51",
        "calendarYear": "2016",
        "period": "Q1",
        "revenue": 5119600000,
        "costOfRevenue": 4293700000,
        "grossProfit": 825900000,
        "grossProfitRatio": 0.161321197,
        "researchAndDevelopmentExpenses": 0,
        "generalAndAdministrativeExpenses": 546000000,
        "sellingAndMarketingExpenses": 42700000,
        "sellingGeneralAndAdministrativeExpenses": 588700000,
        "otherExpenses": 29800000,
        "operatingExpenses": 618500000,
        "costAndExpenses": 4912200000,
        "interestIncome": 100000,
        "interestExpense": 47200000,
        "depreciationAndAmortization": 34800000,
        "ebitda": 238900000,
        "ebitdaratio": 0.0466638019,
        "operatingIncome": 207400000,
        "operatingIncomeRatio": 0.0405109774,
        "totalOtherIncomeExpensesNet": -50500000,
        "incomeBeforeTax": 156900000,
        "incomeBeforeTaxRatio": 0.0306469255,
        "incomeTaxExpense": 60700000,
        "netIncome": 95900000,
        "netIncomeRatio": 0.0187319322,
        "eps": 0.9,
        "epsdiluted": 0.89,
        "weightedAverageShsOut": 106700000,
        "weightedAverageShsOutDil": 107400000,
        "link": "https://www.sec.gov/Archives/edgar/data/350698/000035069816000316/0000350698-16-000316-index.htm",
        "finalLink": "https://www.sec.gov/Archives/edgar/data/350698/000035069816000316/an10q33116.htm"
    },
    {
        "date": "2015-12-31",
        "symbol": "AN",
        "reportedCurrency": "USD",
        "cik": "0000350698",
        "fillingDate": "2016-02-11",
        "acceptedDate": "2016-02-10 17:49:46",
        "calendarYear": "2015",
        "period": "Q4",
        "revenue": 5339800000,
        "costOfRevenue": 4527600000,
        "grossProfit": 812200000,
        "grossProfitRatio": 0.152103075,
        "researchAndDevelopmentExpenses": 0,
        "generalAndAdministrativeExpenses": 519700000,
        "sellingAndMarketingExpenses": 48800000,
        "sellingGeneralAndAdministrativeExpenses": 568500000,
        "otherExpenses": 43300000,
        "operatingExpenses": 611800000,
        "costAndExpenses": 5139400000,
        "interestIncome": 0,
        "interestExpense": 42700000,
        "depreciationAndAmortization": 33700000,
        "ebitda": 235500000,
        "ebitdaratio": 0.0441027754,
        "operatingIncome": 200400000,
        "operatingIncomeRatio": 0.0375294955,
        "totalOtherIncomeExpensesNet": -41300000,
        "incomeBeforeTax": 159100000,
        "incomeBeforeTaxRatio": 0.0297951234,
        "incomeTaxExpense": 61300000,
        "netIncome": 97500000,
        "netIncomeRatio": 0.0182591108,
        "eps": 0.88,
        "epsdiluted": 0.87,
        "weightedAverageShsOut": 112000000,
        "weightedAverageShsOutDil": 112000000,
        "link": "https://www.sec.gov/Archives/edgar/data/350698/000035069816000276/0000350698-16-000276-index.htm",
        "finalLink": "https://www.sec.gov/Archives/edgar/data/350698/000035069816000276/an10k2015.htm"
    },
    {
        "date": "2015-09-30",
        "symbol": "AN",
        "reportedCurrency": "USD",
        "cik": "0000350698",
        "fillingDate": "2015-10-28",
        "acceptedDate": "2015-10-28 16:17:34",
        "calendarYear": "2015",
        "period": "Q3",
        "revenue": 5353700000,
        "costOfRevenue": 4523400000,
        "grossProfit": 830300000,
        "grossProfitRatio": 0.1550890039,
        "researchAndDevelopmentExpenses": 0,
        "generalAndAdministrativeExpenses": 520200000,
        "sellingAndMarketingExpenses": 48500000,
        "sellingGeneralAndAdministrativeExpenses": 568700000,
        "otherExpenses": 25900000,
        "operatingExpenses": 594600000,
        "costAndExpenses": 5118000000,
        "interestIncome": 0,
        "interestExpense": 36100000,
        "depreciationAndAmortization": 32900000,
        "ebitda": 264300000,
        "ebitdaratio": 0.049367727,
        "operatingIncome": 235700000,
        "operatingIncomeRatio": 0.0440256271,
        "totalOtherIncomeExpensesNet": -40400000,
        "incomeBeforeTax": 195300000,
        "incomeBeforeTaxRatio": 0.0364794441,
        "incomeTaxExpense": 76300000,
        "netIncome": 118500000,
        "netIncomeRatio": 0.0221342249,
        "eps": 1.05,
        "epsdiluted": 1.04,
        "weightedAverageShsOut": 112400000,
        "weightedAverageShsOutDil": 113600000,
        "link": "https://www.sec.gov/Archives/edgar/data/350698/000035069815000221/0000350698-15-000221-index.htm",
        "finalLink": "https://www.sec.gov/Archives/edgar/data/350698/000035069815000221/an10q93015.htm"
    },
    {
        "date": "2015-06-30",
        "symbol": "AN",
        "reportedCurrency": "USD",
        "cik": "0000350698",
        "fillingDate": "2015-07-22",
        "acceptedDate": "2015-07-22 17:19:16",
        "calendarYear": "2015",
        "period": "Q2",
        "revenue": 5224300000,
        "costOfRevenue": 4405200000,
        "grossProfit": 819100000,
        "grossProfitRatio": 0.1567865551,
        "researchAndDevelopmentExpenses": 0,
        "generalAndAdministrativeExpenses": 519500000,
        "sellingAndMarketingExpenses": 49200000,
        "sellingGeneralAndAdministrativeExpenses": 568700000,
        "otherExpenses": 28300000,
        "operatingExpenses": 597000000,
        "costAndExpenses": 5002200000,
        "interestIncome": 0,
        "interestExpense": 35800000,
        "depreciationAndAmortization": 32100000,
        "ebitda": 254700000,
        "ebitdaratio": 0.048752943,
        "operatingIncome": 222100000,
        "operatingIncomeRatio": 0.0425128725,
        "totalOtherIncomeExpensesNet": -35300000,
        "incomeBeforeTax": 186800000,
        "incomeBeforeTaxRatio": 0.0357559864,
        "incomeTaxExpense": 71600000,
        "netIncome": 115100000,
        "netIncomeRatio": 0.0220316597,
        "eps": 1.01,
        "epsdiluted": 1,
        "weightedAverageShsOut": 113800000,
        "weightedAverageShsOutDil": 115100000,
        "link": "https://www.sec.gov/Archives/edgar/data/350698/000035069815000156/0000350698-15-000156-index.htm",
        "finalLink": "https://www.sec.gov/Archives/edgar/data/350698/000035069815000156/an10q63015.htm"
    },
    {
        "date": "2015-03-31",
        "symbol": "AN",
        "reportedCurrency": "USD",
        "cik": "0000350698",
        "fillingDate": "2015-04-22",
        "acceptedDate": "2015-04-22 17:00:10",
        "calendarYear": "2015",
        "period": "Q1",
        "revenue": 4944200000,
        "costOfRevenue": 4144300000,
        "grossProfit": 799900000,
        "grossProfitRatio": 0.1617855265,
        "researchAndDevelopmentExpenses": 0,
        "generalAndAdministrativeExpenses": 515600000,
        "sellingAndMarketingExpenses": 42000000,
        "sellingGeneralAndAdministrativeExpenses": 557600000,
        "otherExpenses": 27400000,
        "operatingExpenses": 585000000,
        "costAndExpenses": 4729300000,
        "interestIncome": 100000,
        "interestExpense": 34600000,
        "depreciationAndAmortization": 28700000,
        "ebitda": 244800000,
        "ebitdaratio": 0.0495125602,
        "operatingIncome": 214900000,
        "operatingIncomeRatio": 0.0434650702,
        "totalOtherIncomeExpensesNet": -33400000,
        "incomeBeforeTax": 181500000,
        "incomeBeforeTaxRatio": 0.03670968,
        "incomeTaxExpense": 69800000,
        "netIncome": 111500000,
        "netIncomeRatio": 0.0225516767,
        "eps": 0.98,
        "epsdiluted": 0.97,
        "weightedAverageShsOut": 113600000,
        "weightedAverageShsOutDil": 115100000,
        "link": "https://www.sec.gov/Archives/edgar/data/350698/000035069815000085/0000350698-15-000085-index.htm",
        "finalLink": "https://www.sec.gov/Archives/edgar/data/350698/000035069815000085/an10q33115.htm"
    },
    {
        "date": "2014-12-31",
        "symbol": "AN",
        "reportedCurrency": "USD",
        "cik": "0000350698",
        "fillingDate": "2015-02-11",
        "acceptedDate": "2015-02-11 17:22:30",
        "calendarYear": "2014",
        "period": "Q4",
        "revenue": 5047800000,
        "costOfRevenue": 4264300000,
        "grossProfit": 783500000,
        "grossProfitRatio": 0.1552161338,
        "researchAndDevelopmentExpenses": 0,
        "generalAndAdministrativeExpenses": 492800000,
        "sellingAndMarketingExpenses": 39200000,
        "sellingGeneralAndAdministrativeExpenses": 532000000,
        "otherExpenses": 25000000,
        "operatingExpenses": 557000000,
        "costAndExpenses": 4821300000,
        "interestIncome": 0,
        "interestExpense": 35800000,
        "depreciationAndAmortization": 27900000,
        "ebitda": 252200000,
        "ebitdaratio": 0.0499623598,
        "operatingIncome": 226500000,
        "operatingIncomeRatio": 0.0448710329,
        "totalOtherIncomeExpensesNet": -38000000,
        "incomeBeforeTax": 188500000,
        "incomeBeforeTaxRatio": 0.0373430009,
        "incomeTaxExpense": 71600000,
        "netIncome": 116700000,
        "netIncomeRatio": 0.0231189825,
        "eps": 1.03,
        "epsdiluted": 1.02,
        "weightedAverageShsOut": 114900000,
        "weightedAverageShsOutDil": 114900000,
        "link": "https://www.sec.gov/Archives/edgar/data/350698/000035069815000045/0000350698-15-000045-index.htm",
        "finalLink": "https://www.sec.gov/Archives/edgar/data/350698/000035069815000045/an10k2014.htm"
    },
    {
        "date": "2014-09-30",
        "symbol": "AN",
        "reportedCurrency": "USD",
        "cik": "0000350698",
        "fillingDate": "2014-10-28",
        "acceptedDate": "2014-10-28 17:12:49",
        "calendarYear": "2014",
        "period": "Q3",
        "revenue": 4909000000,
        "costOfRevenue": 4156100000,
        "grossProfit": 752900000,
        "grossProfitRatio": 0.1533713587,
        "researchAndDevelopmentExpenses": 0,
        "generalAndAdministrativeExpenses": 481500000,
        "sellingAndMarketingExpenses": 40800000,
        "sellingGeneralAndAdministrativeExpenses": 522300000,
        "otherExpenses": 23200000,
        "operatingExpenses": 545500000,
        "costAndExpenses": 4701600000,
        "interestIncome": 100000,
        "interestExpense": 34800000,
        "depreciationAndAmortization": 27200000,
        "ebitda": 235800000,
        "ebitdaratio": 0.0480342229,
        "operatingIncome": 207400000,
        "operatingIncomeRatio": 0.0422489305,
        "totalOtherIncomeExpensesNet": -33600000,
        "incomeBeforeTax": 173800000,
        "incomeBeforeTaxRatio": 0.0354043593,
        "incomeTaxExpense": 67100000,
        "netIncome": 106500000,
        "netIncomeRatio": 0.0216948462,
        "eps": 0.91,
        "epsdiluted": 0.9,
        "weightedAverageShsOut": 117000000,
        "weightedAverageShsOutDil": 118500000,
        "link": "https://www.sec.gov/Archives/edgar/data/350698/000035069814000153/0000350698-14-000153-index.htm",
        "finalLink": "https://www.sec.gov/Archives/edgar/data/350698/000035069814000153/an10q93014.htm"
    },
    {
        "date": "2014-06-30",
        "symbol": "AN",
        "reportedCurrency": "USD",
        "cik": "0000350698",
        "fillingDate": "2014-07-17",
        "acceptedDate": "2014-07-17 17:11:08",
        "calendarYear": "2014",
        "period": "Q2",
        "revenue": 4788500000,
        "costOfRevenue": 4043600000,
        "grossProfit": 744900000,
        "grossProfitRatio": 0.1555601963,
        "researchAndDevelopmentExpenses": 0,
        "generalAndAdministrativeExpenses": 480300000,
        "sellingAndMarketingExpenses": 44300000,
        "sellingGeneralAndAdministrativeExpenses": 524600000,
        "otherExpenses": 22500000,
        "operatingExpenses": 547100000,
        "costAndExpenses": 4590700000,
        "interestIncome": 100000,
        "interestExpense": 34600000,
        "depreciationAndAmortization": 26200000,
        "ebitda": 225000000,
        "ebitdaratio": 0.0469875744,
        "operatingIncome": 197800000,
        "operatingIncomeRatio": 0.0413072987,
        "totalOtherIncomeExpensesNet": -33600000,
        "incomeBeforeTax": 164200000,
        "incomeBeforeTaxRatio": 0.0342904876,
        "incomeTaxExpense": 63500000,
        "netIncome": 100400000,
        "netIncomeRatio": 0.0209668999,
        "eps": 0.84,
        "epsdiluted": 0.83,
        "weightedAverageShsOut": 119100000,
        "weightedAverageShsOutDil": 120800000,
        "link": "https://www.sec.gov/Archives/edgar/data/350698/000035069814000111/0000350698-14-000111-index.htm",
        "finalLink": "https://www.sec.gov/Archives/edgar/data/350698/000035069814000111/an10q63014.htm"
    },
    {
        "date": "2014-03-31",
        "symbol": "AN",
        "reportedCurrency": "USD",
        "cik": "0000350698",
        "fillingDate": "2014-04-18",
        "acceptedDate": "2014-04-18 15:57:01",
        "calendarYear": "2014",
        "period": "Q1",
        "revenue": 4363500000,
        "costOfRevenue": 3656100000,
        "grossProfit": 707400000,
        "grossProfitRatio": 0.1621175662,
        "researchAndDevelopmentExpenses": 0,
        "generalAndAdministrativeExpenses": 460100000,
        "sellingAndMarketingExpenses": 40600000,
        "sellingGeneralAndAdministrativeExpenses": 500700000,
        "otherExpenses": 17600000,
        "operatingExpenses": 518300000,
        "costAndExpenses": 4174400000,
        "interestIncome": 0,
        "interestExpense": 34800000,
        "depreciationAndAmortization": 25600000,
        "ebitda": 216200000,
        "ebitdaratio": 0.0495473817,
        "operatingIncome": 189100000,
        "operatingIncomeRatio": 0.0433367709,
        "totalOtherIncomeExpensesNet": -33300000,
        "incomeBeforeTax": 155800000,
        "incomeBeforeTaxRatio": 0.0357052825,
        "incomeTaxExpense": 60300000,
        "netIncome": 95100000,
        "netIncomeRatio": 0.0217944311,
        "eps": 0.8,
        "epsdiluted": 0.78,
        "weightedAverageShsOut": 119361316,
        "weightedAverageShsOutDil": 121300000,
        "link": "https://www.sec.gov/Archives/edgar/data/350698/000035069814000052/0000350698-14-000052-index.htm",
        "finalLink": "https://www.sec.gov/Archives/edgar/data/350698/000035069814000052/an10q33114.htm"
    },
    {
        "date": "2013-12-31",
        "symbol": "AN",
        "reportedCurrency": "USD",
        "cik": "0000350698",
        "fillingDate": "2014-02-13",
        "acceptedDate": "2014-02-13 16:43:54",
        "calendarYear": "2013",
        "period": "Q4",
        "revenue": 4523900000,
        "costOfRevenue": 3820700000,
        "grossProfit": 703200000,
        "grossProfitRatio": 0.1554411017,
        "researchAndDevelopmentExpenses": 0,
        "generalAndAdministrativeExpenses": 445800000,
        "sellingAndMarketingExpenses": 36700000,
        "sellingGeneralAndAdministrativeExpenses": 500500000,
        "otherExpenses": 17900000,
        "operatingExpenses": 500400000,
        "costAndExpenses": 4321100000,
        "interestIncome": 0,
        "interestExpense": 35900000,
        "depreciationAndAmortization": 25200000,
        "ebitda": 231400000,
        "ebitdaratio": 0.0511505559,
        "operatingIncome": 202800000,
        "operatingIncomeRatio": 0.0448285771,
        "totalOtherIncomeExpensesNet": -32500000,
        "incomeBeforeTax": 170300000,
        "incomeBeforeTaxRatio": 0.0376445103,
        "incomeTaxExpense": 60600000,
        "netIncome": 109400000,
        "netIncomeRatio": 0.0241826742,
        "eps": 0.9,
        "epsdiluted": 0.89,
        "weightedAverageShsOut": 123300000,
        "weightedAverageShsOutDil": 123300000,
        "link": "https://www.sec.gov/Archives/edgar/data/350698/000035069814000018/0000350698-14-000018-index.htm",
        "finalLink": "https://www.sec.gov/Archives/edgar/data/350698/000035069814000018/an10k2013.htm"
    },
    {
        "date": "2013-09-30",
        "symbol": "AN",
        "reportedCurrency": "USD",
        "cik": "0000350698",
        "fillingDate": "2013-10-24",
        "acceptedDate": "2013-10-24 17:04:35",
        "calendarYear": "2013",
        "period": "Q3",
        "revenue": 4470800000,
        "costOfRevenue": 3774200000,
        "grossProfit": 696600000,
        "grossProfitRatio": 0.1558110405,
        "researchAndDevelopmentExpenses": 0,
        "generalAndAdministrativeExpenses": 443200000,
        "sellingAndMarketingExpenses": 41900000,
        "sellingGeneralAndAdministrativeExpenses": 485100000,
        "otherExpenses": 24300000,
        "operatingExpenses": 509400000,
        "costAndExpenses": 4283600000,
        "interestIncome": 100000,
        "interestExpense": 35000000,
        "depreciationAndAmortization": 24100000,
        "ebitda": 210700000,
        "ebitdaratio": 0.0471280308,
        "operatingIncome": 187200000,
        "operatingIncomeRatio": 0.0418717008,
        "totalOtherIncomeExpensesNet": -35600000,
        "incomeBeforeTax": 151600000,
        "incomeBeforeTaxRatio": 0.0339089201,
        "incomeTaxExpense": 58800000,
        "netIncome": 92600000,
        "netIncomeRatio": 0.0207121768,
        "eps": 0.76,
        "epsdiluted": 0.75,
        "weightedAverageShsOut": 121500000,
        "weightedAverageShsOutDil": 123500000,
        "link": "https://www.sec.gov/Archives/edgar/data/350698/000035069813000199/0000350698-13-000199-index.htm",
        "finalLink": "https://www.sec.gov/Archives/edgar/data/350698/000035069813000199/an10q93013.htm"
    },
    {
        "date": "2013-06-30",
        "symbol": "AN",
        "reportedCurrency": "USD",
        "cik": "0000350698",
        "fillingDate": "2013-07-18",
        "acceptedDate": "2013-07-18 16:59:22",
        "calendarYear": "2013",
        "period": "Q2",
        "revenue": 4426500000,
        "costOfRevenue": 3730400000,
        "grossProfit": 696100000,
        "grossProfitRatio": 0.1572574269,
        "researchAndDevelopmentExpenses": 0,
        "generalAndAdministrativeExpenses": 446500000,
        "sellingAndMarketingExpenses": 47600000,
        "sellingGeneralAndAdministrativeExpenses": 494100000,
        "otherExpenses": 21100000,
        "operatingExpenses": 515200000,
        "costAndExpenses": 4245600000,
        "interestIncome": 0,
        "interestExpense": 35600000,
        "depreciationAndAmortization": 23300000,
        "ebitda": 205500000,
        "ebitdaratio": 0.0464249407,
        "operatingIncome": 180900000,
        "operatingIncomeRatio": 0.0408675025,
        "totalOtherIncomeExpensesNet": -34300000,
        "incomeBeforeTax": 146600000,
        "incomeBeforeTaxRatio": 0.0331187168,
        "incomeTaxExpense": 56500000,
        "netIncome": 89900000,
        "netIncomeRatio": 0.0203094996,
        "eps": 0.74,
        "epsdiluted": 0.73,
        "weightedAverageShsOut": 121400000,
        "weightedAverageShsOutDil": 123300000,
        "link": "https://www.sec.gov/Archives/edgar/data/350698/000035069813000140/0000350698-13-000140-index.htm",
        "finalLink": "https://www.sec.gov/Archives/edgar/data/350698/000035069813000140/an10q63013.htm"
    },
    {
        "date": "2013-03-31",
        "symbol": "AN",
        "reportedCurrency": "USD",
        "cik": "0000350698",
        "fillingDate": "2013-04-19",
        "acceptedDate": "2013-04-18 18:27:43",
        "calendarYear": "2013",
        "period": "Q1",
        "revenue": 4096400000,
        "costOfRevenue": 3432400000,
        "grossProfit": 664000000,
        "grossProfitRatio": 0.1620935456,
        "researchAndDevelopmentExpenses": 0,
        "generalAndAdministrativeExpenses": 433100000,
        "sellingAndMarketingExpenses": 40200000,
        "sellingGeneralAndAdministrativeExpenses": 473300000,
        "otherExpenses": 21300000,
        "operatingExpenses": 494600000,
        "costAndExpenses": 3927000000,
        "interestIncome": 100000,
        "interestExpense": 35200000,
        "depreciationAndAmortization": 22700000,
        "ebitda": 193800000,
        "ebitdaratio": 0.047309833,
        "operatingIncome": 169400000,
        "operatingIncomeRatio": 0.0413533835,
        "totalOtherIncomeExpensesNet": -33500000,
        "incomeBeforeTax": 135900000,
        "incomeBeforeTaxRatio": 0.0331754711,
        "incomeTaxExpense": 52700000,
        "netIncome": 83000000,
        "netIncomeRatio": 0.0202616932,
        "eps": 0.68,
        "epsdiluted": 0.67,
        "weightedAverageShsOut": 122352941,
        "weightedAverageShsOutDil": 123000000,
        "link": "https://www.sec.gov/Archives/edgar/data/350698/000035069813000078/0000350698-13-000078-index.htm",
        "finalLink": "https://www.sec.gov/Archives/edgar/data/350698/000035069813000078/an10q33113.htm"
    },
    {
        "date": "2012-12-31",
        "symbol": "AN",
        "reportedCurrency": "USD",
        "cik": "0000350698",
        "fillingDate": "2013-02-15",
        "acceptedDate": "2013-02-15 06:05:22",
        "calendarYear": "2012",
        "period": "Q4",
        "revenue": 4173500000,
        "costOfRevenue": 3540700000,
        "grossProfit": 632800000,
        "grossProfitRatio": 0.1516233377,
        "researchAndDevelopmentExpenses": 0,
        "generalAndAdministrativeExpenses": 402500000,
        "sellingAndMarketingExpenses": 36000000,
        "sellingGeneralAndAdministrativeExpenses": 442200000,
        "otherExpenses": 190600000,
        "operatingExpenses": 632800000,
        "costAndExpenses": 4173500000,
        "interestIncome": 100000,
        "interestExpense": 34300000,
        "depreciationAndAmortization": 22400000,
        "ebitda": 191700000,
        "ebitdaratio": 0.0459326704,
        "operatingIncome": 168100000,
        "operatingIncomeRatio": 0.0402779442,
        "totalOtherIncomeExpensesNet": -33100000,
        "incomeBeforeTax": 135000000,
        "incomeBeforeTaxRatio": 0.032346951,
        "incomeTaxExpense": 52100000,
        "netIncome": 83200000,
        "netIncomeRatio": 0.0199353061,
        "eps": 0.69,
        "epsdiluted": 0.67,
        "weightedAverageShsOut": 123800000,
        "weightedAverageShsOutDil": 123800000,
        "link": "https://www.sec.gov/Archives/edgar/data/350698/000035069813000021/0000350698-13-000021-index.htm",
        "finalLink": "https://www.sec.gov/Archives/edgar/data/350698/000035069813000021/an10k2012.htm"
    },
    {
        "date": "2012-09-30",
        "symbol": "AN",
        "reportedCurrency": "USD",
        "cik": "0000350698",
        "fillingDate": "2012-10-25",
        "acceptedDate": "2012-10-25 17:05:08",
        "calendarYear": "2012",
        "period": "Q3",
        "revenue": 3933800000,
        "costOfRevenue": 3311200000,
        "grossProfit": 622600000,
        "grossProfitRatio": 0.1582693579,
        "researchAndDevelopmentExpenses": 0,
        "generalAndAdministrativeExpenses": 402500000,
        "sellingAndMarketingExpenses": 33300000,
        "sellingGeneralAndAdministrativeExpenses": 435800000,
        "otherExpenses": 23100000,
        "operatingExpenses": 458900000,
        "costAndExpenses": 3770100000,
        "interestIncome": 0,
        "interestExpense": 33600000,
        "depreciationAndAmortization": 22900000,
        "ebitda": 189100000,
        "ebitdaratio": 0.0480705679,
        "operatingIncome": 163700000,
        "operatingIncomeRatio": 0.0416137068,
        "totalOtherIncomeExpensesNet": -31100000,
        "incomeBeforeTax": 132600000,
        "incomeBeforeTaxRatio": 0.0337078652,
        "incomeTaxExpense": 50700000,
        "netIncome": 81600000,
        "netIncomeRatio": 0.0207433016,
        "eps": 0.67,
        "epsdiluted": 0.66,
        "weightedAverageShsOut": 121200000,
        "weightedAverageShsOutDil": 123400000,
        "link": "https://www.sec.gov/Archives/edgar/data/350698/000035069812000124/0000350698-12-000124-index.htm",
        "finalLink": "https://www.sec.gov/Archives/edgar/data/350698/000035069812000124/an10q93012.htm"
    },
    {
        "date": "2012-06-30",
        "symbol": "AN",
        "reportedCurrency": "USD",
        "cik": "0000350698",
        "fillingDate": "2012-07-19",
        "acceptedDate": "2012-07-19 17:00:06",
        "calendarYear": "2012",
        "period": "Q2",
        "revenue": 3904500000,
        "costOfRevenue": 3276500000,
        "grossProfit": 628000000,
        "grossProfitRatio": 0.1608400563,
        "researchAndDevelopmentExpenses": 0,
        "generalAndAdministrativeExpenses": 403900000,
        "sellingAndMarketingExpenses": 34700000,
        "sellingGeneralAndAdministrativeExpenses": 438600000,
        "otherExpenses": 25200000,
        "operatingExpenses": 463800000,
        "costAndExpenses": 3740300000,
        "interestIncome": 100000,
        "interestExpense": 33300000,
        "depreciationAndAmortization": 20800000,
        "ebitda": 183700000,
        "ebitdaratio": 0.0470482776,
        "operatingIncome": 164200000,
        "operatingIncomeRatio": 0.0420540402,
        "totalOtherIncomeExpensesNet": -34600000,
        "incomeBeforeTax": 129600000,
        "incomeBeforeTaxRatio": 0.0331924702,
        "incomeTaxExpense": 50600000,
        "netIncome": 78600000,
        "netIncomeRatio": 0.0201306185,
        "eps": 0.65,
        "epsdiluted": 0.64,
        "weightedAverageShsOut": 121700000,
        "weightedAverageShsOutDil": 123700000,
        "link": "https://www.sec.gov/Archives/edgar/data/350698/000035069812000054/0000350698-12-000054-index.htm",
        "finalLink": "https://www.sec.gov/Archives/edgar/data/350698/000035069812000054/an10q63012.htm"
    },
    {
        "date": "2012-03-31",
        "symbol": "AN",
        "reportedCurrency": "USD",
        "cik": "0000350698",
        "fillingDate": "2012-04-25",
        "acceptedDate": "2012-04-25 17:23:22",
        "calendarYear": "2012",
        "period": "Q1",
        "revenue": 3657000000,
        "costOfRevenue": 3054000000,
        "grossProfit": 603000000,
        "grossProfitRatio": 0.1648892535,
        "researchAndDevelopmentExpenses": 0,
        "generalAndAdministrativeExpenses": 401200000,
        "sellingAndMarketingExpenses": 31700000,
        "sellingGeneralAndAdministrativeExpenses": 432900000,
        "otherExpenses": 21400000,
        "operatingExpenses": 454300000,
        "costAndExpenses": 3508300000,
        "interestIncome": 100000,
        "interestExpense": 31200000,
        "depreciationAndAmortization": 21200000,
        "ebitda": 172000000,
        "ebitdaratio": 0.0470330872,
        "operatingIncome": 148700000,
        "operatingIncomeRatio": 0.0406617446,
        "totalOtherIncomeExpensesNet": -29100000,
        "incomeBeforeTax": 119600000,
        "incomeBeforeTaxRatio": 0.0327044025,
        "incomeTaxExpense": 46100000,
        "netIncome": 73000000,
        "netIncomeRatio": 0.0199617173,
        "eps": 0.56,
        "epsdiluted": 0.55,
        "weightedAverageShsOut": 130300000,
        "weightedAverageShsOutDil": 132300000,
        "link": "https://www.sec.gov/Archives/edgar/data/350698/000035069812000037/0000350698-12-000037-index.htm",
        "finalLink": "https://www.sec.gov/Archives/edgar/data/350698/000035069812000037/an10q33112.htm"
    },
    {
        "date": "2011-12-31",
        "symbol": "AN",
        "reportedCurrency": "USD",
        "cik": "0000350698",
        "fillingDate": "2012-02-13",
        "acceptedDate": "2012-02-13 17:28:34",
        "calendarYear": "2011",
        "period": "Q4",
        "revenue": 3678400000,
        "costOfRevenue": 3099200000,
        "grossProfit": 579200000,
        "grossProfitRatio": 0.1574597651,
        "researchAndDevelopmentExpenses": 0,
        "generalAndAdministrativeExpenses": 0,
        "sellingAndMarketingExpenses": 0,
        "sellingGeneralAndAdministrativeExpenses": 412700000,
        "otherExpenses": 166500000,
        "operatingExpenses": 579200000,
        "costAndExpenses": 3678400000,
        "interestIncome": 100000,
        "interestExpense": 28300000,
        "depreciationAndAmortization": 21000000,
        "ebitda": 162100000,
        "ebitdaratio": 0.0440680731,
        "operatingIncome": 143500000,
        "operatingIncomeRatio": 0.0390115268,
        "totalOtherIncomeExpensesNet": -30700000,
        "incomeBeforeTax": 112800000,
        "incomeBeforeTaxRatio": 0.0306655067,
        "incomeTaxExpense": 42900000,
        "netIncome": 69400000,
        "netIncomeRatio": 0.0188668987,
        "eps": 0.51,
        "epsdiluted": 0.49,
        "weightedAverageShsOut": 135800000,
        "weightedAverageShsOutDil": 140600000,
        "link": "https://www.sec.gov/Archives/edgar/data/350698/000035069812000016/0000350698-12-000016-index.htm",
        "finalLink": "https://www.sec.gov/Archives/edgar/data/350698/000035069812000016/an10k123111.htm"
    },
    {
        "date": "2011-09-30",
        "symbol": "AN",
        "reportedCurrency": "USD",
        "cik": "0000350698",
        "fillingDate": "2011-10-21",
        "acceptedDate": "2011-10-21 17:24:51",
        "calendarYear": "2011",
        "period": "Q3",
        "revenue": 3506500000,
        "costOfRevenue": 2931300000,
        "grossProfit": 575200000,
        "grossProfitRatio": 0.1640382147,
        "researchAndDevelopmentExpenses": 0,
        "generalAndAdministrativeExpenses": 0,
        "sellingAndMarketingExpenses": 0,
        "sellingGeneralAndAdministrativeExpenses": 411400000,
        "otherExpenses": 163800000,
        "operatingExpenses": 575200000,
        "costAndExpenses": 3506500000,
        "interestIncome": 0,
        "interestExpense": 26100000,
        "depreciationAndAmortization": 20900000,
        "ebitda": 162600000,
        "ebitdaratio": 0.0463710252,
        "operatingIncome": 142900000,
        "operatingIncomeRatio": 0.0407528875,
        "totalOtherIncomeExpensesNet": -27300000,
        "incomeBeforeTax": 115600000,
        "incomeBeforeTaxRatio": 0.0329673464,
        "incomeTaxExpense": 44900000,
        "netIncome": 70700000,
        "netIncomeRatio": 0.0201625553,
        "eps": 0.5,
        "epsdiluted": 0.48,
        "weightedAverageShsOut": 141440263,
        "weightedAverageShsOutDil": 147000000,
        "link": "https://www.sec.gov/Archives/edgar/data/350698/000035069811000006/0000350698-11-000006-index.htm",
        "finalLink": "https://www.sec.gov/Archives/edgar/data/350698/000035069811000006/an10q93011.htm"
    },
    {
        "date": "2011-06-30",
        "symbol": "AN",
        "reportedCurrency": "USD",
        "cik": "0000350698",
        "fillingDate": "2011-08-22",
        "acceptedDate": "2011-08-22 17:07:00",
        "calendarYear": "2011",
        "period": "Q2",
        "revenue": 3336300000,
        "costOfRevenue": 2752900000,
        "grossProfit": 583400000,
        "grossProfitRatio": 0.1748643707,
        "researchAndDevelopmentExpenses": 0,
        "generalAndAdministrativeExpenses": 0,
        "sellingAndMarketingExpenses": 0,
        "sellingGeneralAndAdministrativeExpenses": 417600000,
        "otherExpenses": 165800000,
        "operatingExpenses": 583400000,
        "costAndExpenses": 3336300000,
        "interestIncome": 300000,
        "interestExpense": 26800000,
        "depreciationAndAmortization": 21100000,
        "ebitda": 166300000,
        "ebitdaratio": 0.0498456374,
        "operatingIncome": 144700000,
        "operatingIncomeRatio": 0.0433713995,
        "totalOtherIncomeExpensesNet": -26300000,
        "incomeBeforeTax": 118400000,
        "incomeBeforeTaxRatio": 0.0354884153,
        "incomeTaxExpense": 45100000,
        "netIncome": 71900000,
        "netIncomeRatio": 0.0215508198,
        "eps": 0.49,
        "epsdiluted": 0.48,
        "weightedAverageShsOut": 147400000,
        "weightedAverageShsOutDil": 150000000,
        "link": "https://www.sec.gov/Archives/edgar/data/350698/000119312511228619/0001193125-11-228619-index.htm",
        "finalLink": "https://www.sec.gov/Archives/edgar/data/350698/000119312511228619/d10qa.htm"
    },
    {
        "date": "2011-03-31",
        "symbol": "AN",
        "reportedCurrency": "USD",
        "cik": "0000350698",
        "fillingDate": "2011-04-26",
        "acceptedDate": "2011-04-26 17:05:54",
        "calendarYear": "2011",
        "period": "Q1",
        "revenue": 3311100000,
        "costOfRevenue": 2744900000,
        "grossProfit": 566200000,
        "grossProfitRatio": 0.1710005738,
        "researchAndDevelopmentExpenses": 0,
        "generalAndAdministrativeExpenses": 0,
        "sellingAndMarketingExpenses": 0,
        "sellingGeneralAndAdministrativeExpenses": 407700000,
        "otherExpenses": 158500000,
        "operatingExpenses": 566200000,
        "costAndExpenses": 3311100000,
        "interestIncome": 300000,
        "interestExpense": 27500000,
        "depreciationAndAmortization": 20700000,
        "ebitda": 162700000,
        "ebitdaratio": 0.0491377488,
        "operatingIncome": 137800000,
        "operatingIncomeRatio": 0.0416175893,
        "totalOtherIncomeExpensesNet": -23300000,
        "incomeBeforeTax": 114500000,
        "incomeBeforeTaxRatio": 0.034580653,
        "incomeTaxExpense": 44200000,
        "netIncome": 69400000,
        "netIncomeRatio": 0.0209598019,
        "eps": 0.47,
        "epsdiluted": 0.46,
        "weightedAverageShsOut": 149100000,
        "weightedAverageShsOutDil": 151800000,
        "link": "https://www.sec.gov/Archives/edgar/data/350698/000119312511109729/0001193125-11-109729-index.htm",
        "finalLink": "https://www.sec.gov/Archives/edgar/data/350698/000119312511109729/d10q.htm"
    },
    {
        "date": "2010-12-31",
        "symbol": "AN",
        "reportedCurrency": "USD",
        "cik": "0000350698",
        "fillingDate": "2011-02-15",
        "acceptedDate": "2011-02-14 20:18:08",
        "calendarYear": "2010",
        "period": "Q4",
        "revenue": 3246200000,
        "costOfRevenue": 2701700000,
        "grossProfit": 544500000,
        "grossProfitRatio": 0.167734582,
        "researchAndDevelopmentExpenses": 0,
        "generalAndAdministrativeExpenses": 0,
        "sellingAndMarketingExpenses": 0,
        "sellingGeneralAndAdministrativeExpenses": 392700000,
        "otherExpenses": 151800000,
        "operatingExpenses": 544500000,
        "costAndExpenses": 3246200000,
        "interestIncome": 600000,
        "interestExpense": 28600000,
        "depreciationAndAmortization": 19600000,
        "ebitda": 157500000,
        "ebitdaratio": 0.0485182675,
        "operatingIncome": 134700000,
        "operatingIncomeRatio": 0.0414946707,
        "totalOtherIncomeExpensesNet": -25400000,
        "incomeBeforeTax": 109300000,
        "incomeBeforeTaxRatio": 0.0336701374,
        "incomeTaxExpense": 41200000,
        "netIncome": 67300000,
        "netIncomeRatio": 0.0207319327,
        "eps": 0.45,
        "epsdiluted": 0.44,
        "weightedAverageShsOut": 156900000,
        "weightedAverageShsOutDil": 156900000,
        "link": "https://www.sec.gov/Archives/edgar/data/350698/000119312511035910/0001193125-11-035910-index.htm",
        "finalLink": "https://www.sec.gov/Archives/edgar/data/350698/000119312511035910/d10k.htm"
    },
    {
        "date": "2010-09-30",
        "symbol": "AN",
        "reportedCurrency": "USD",
        "cik": "0000350698",
        "fillingDate": "2010-10-28",
        "acceptedDate": "2010-10-28 17:09:46",
        "calendarYear": "2010",
        "period": "Q3",
        "revenue": 3273900000,
        "costOfRevenue": 2728500000,
        "grossProfit": 545400000,
        "grossProfitRatio": 0.1665903051,
        "researchAndDevelopmentExpenses": 0,
        "generalAndAdministrativeExpenses": 0,
        "sellingAndMarketingExpenses": 0,
        "sellingGeneralAndAdministrativeExpenses": 402900000,
        "otherExpenses": 142500000,
        "operatingExpenses": 545400000,
        "costAndExpenses": 3273900000,
        "interestIncome": 300000,
        "interestExpense": 26900000,
        "depreciationAndAmortization": 18700000,
        "ebitda": 139200000,
        "ebitdaratio": 0.0425180977,
        "operatingIncome": 120900000,
        "operatingIncomeRatio": 0.036928434,
        "totalOtherIncomeExpensesNet": -27300000,
        "incomeBeforeTax": 93600000,
        "incomeBeforeTaxRatio": 0.0285897553,
        "incomeTaxExpense": 35100000,
        "netIncome": 56900000,
        "netIncomeRatio": 0.0173798833,
        "eps": 0.38,
        "epsdiluted": 0.38,
        "weightedAverageShsOut": 147972021,
        "weightedAverageShsOutDil": 149600000,
        "link": "https://www.sec.gov/Archives/edgar/data/350698/000119312510239925/0001193125-10-239925-index.htm",
        "finalLink": "https://www.sec.gov/Archives/edgar/data/350698/000119312510239925/d10q.htm"
    },
    {
        "date": "2010-06-30",
        "symbol": "AN",
        "reportedCurrency": "USD",
        "cik": "0000350698",
        "fillingDate": "2010-08-09",
        "acceptedDate": "2010-08-09 17:08:45",
        "calendarYear": "2010",
        "period": "Q2",
        "revenue": 3109000000,
        "costOfRevenue": 2578800000,
        "grossProfit": 530200000,
        "grossProfitRatio": 0.1705371502,
        "researchAndDevelopmentExpenses": 0,
        "generalAndAdministrativeExpenses": 0,
        "sellingAndMarketingExpenses": 0,
        "sellingGeneralAndAdministrativeExpenses": 384200000,
        "otherExpenses": 146200000,
        "operatingExpenses": 529300000,
        "costAndExpenses": 3104300000,
        "interestIncome": 300000,
        "interestExpense": 24400000,
        "depreciationAndAmortization": 19600000,
        "ebitda": 126000000,
        "ebitdaratio": 0.0405275008,
        "operatingIncome": 126600000,
        "operatingIncomeRatio": 0.0407204889,
        "totalOtherIncomeExpensesNet": -44600000,
        "incomeBeforeTax": 82000000,
        "incomeBeforeTaxRatio": 0.0263750402,
        "incomeTaxExpense": 32000000,
        "netIncome": 47200000,
        "netIncomeRatio": 0.0151817305,
        "eps": 0.29,
        "epsdiluted": 0.29,
        "weightedAverageShsOut": 161900000,
        "weightedAverageShsOutDil": 163200000,
        "link": "https://www.sec.gov/Archives/edgar/data/350698/000119312510183564/0001193125-10-183564-index.htm",
        "finalLink": "https://www.sec.gov/Archives/edgar/data/350698/000119312510183564/d10qa.htm"
    },
    {
        "date": "2010-03-31",
        "symbol": "AN",
        "reportedCurrency": "USD",
        "cik": "0000350698",
        "fillingDate": "2010-04-23",
        "acceptedDate": "2010-04-23 16:55:29",
        "calendarYear": "2010",
        "period": "Q1",
        "revenue": 2847200000,
        "costOfRevenue": 2337000000,
        "grossProfit": 510200000,
        "grossProfitRatio": 0.1791935937,
        "researchAndDevelopmentExpenses": 0,
        "generalAndAdministrativeExpenses": 0,
        "sellingAndMarketingExpenses": 0,
        "sellingGeneralAndAdministrativeExpenses": 375400000,
        "otherExpenses": 135000000,
        "operatingExpenses": 508400000,
        "costAndExpenses": 2836600000,
        "interestIncome": 200000,
        "interestExpense": 18600000,
        "depreciationAndAmortization": 18900000,
        "ebitda": 134100000,
        "ebitdaratio": 0.0470989042,
        "operatingIncome": 116100000,
        "operatingIncomeRatio": 0.0407769036,
        "totalOtherIncomeExpensesNet": -19500000,
        "incomeBeforeTax": 96600000,
        "incomeBeforeTaxRatio": 0.0339280697,
        "incomeTaxExpense": 37800000,
        "netIncome": 55200000,
        "netIncomeRatio": 0.0193874684,
        "eps": 0.32,
        "epsdiluted": 0.32,
        "weightedAverageShsOut": 170700000,
        "weightedAverageShsOutDil": 171700000,
        "link": "https://www.sec.gov/Archives/edgar/data/350698/000119312510091864/0001193125-10-091864-index.htm",
        "finalLink": "https://www.sec.gov/Archives/edgar/data/350698/000119312510091864/d10q.htm"
    },
    {
        "date": "2009-12-31",
        "symbol": "AN",
        "reportedCurrency": "USD",
        "cik": "0000350698",
        "fillingDate": "2010-02-17",
        "acceptedDate": "2010-02-17 16:14:15",
        "calendarYear": "2009",
        "period": "Q4",
        "revenue": 2815000000,
        "costOfRevenue": 2337700000,
        "grossProfit": 477300000,
        "grossProfitRatio": 0.1695559503,
        "researchAndDevelopmentExpenses": 0,
        "generalAndAdministrativeExpenses": 0,
        "sellingAndMarketingExpenses": 0,
        "sellingGeneralAndAdministrativeExpenses": 364500000,
        "otherExpenses": 112800000,
        "operatingExpenses": 477300000,
        "costAndExpenses": 2815000000,
        "interestIncome": 200000,
        "interestExpense": 19500000,
        "depreciationAndAmortization": 19000000,
        "ebitda": 115600000,
        "ebitdaratio": 0.0410657194,
        "operatingIncome": 95000000,
        "operatingIncomeRatio": 0.0337477798,
        "totalOtherIncomeExpensesNet": -17900000,
        "incomeBeforeTax": 77100000,
        "incomeBeforeTaxRatio": 0.0273889876,
        "incomeTaxExpense": 14700000,
        "netIncome": 61700000,
        "netIncomeRatio": 0.0219182948,
        "eps": 0.36,
        "epsdiluted": 0.36,
        "weightedAverageShsOut": 176500000,
        "weightedAverageShsOutDil": 176500000,
        "link": "https://www.sec.gov/Archives/edgar/data/350698/000119312510033229/0001193125-10-033229-index.htm",
        "finalLink": "https://www.sec.gov/Archives/edgar/data/350698/000119312510033229/d10k.htm"
    },
    {
        "date": "2009-09-30",
        "symbol": "AN",
        "reportedCurrency": "USD",
        "cik": "0000350698",
        "fillingDate": "2009-10-29",
        "acceptedDate": "2009-10-29 16:47:36",
        "calendarYear": "2009",
        "period": "Q3",
        "revenue": 2915700000,
        "costOfRevenue": 2400700000,
        "grossProfit": 515000000,
        "grossProfitRatio": 0.1766299688,
        "researchAndDevelopmentExpenses": 0,
        "generalAndAdministrativeExpenses": 0,
        "sellingAndMarketingExpenses": 0,
        "sellingGeneralAndAdministrativeExpenses": 380100000,
        "otherExpenses": 134100000,
        "operatingExpenses": 509600000,
        "costAndExpenses": 2891000000,
        "interestIncome": 300000,
        "interestExpense": 17800000,
        "depreciationAndAmortization": 19200000,
        "ebitda": 140200000,
        "ebitdaratio": 0.048084508,
        "operatingIncome": 118000000,
        "operatingIncomeRatio": 0.040470556,
        "totalOtherIncomeExpensesNet": -14800000,
        "incomeBeforeTax": 103200000,
        "incomeBeforeTaxRatio": 0.0353945879,
        "incomeTaxExpense": 38800000,
        "netIncome": 65000000,
        "netIncomeRatio": 0.0222931029,
        "eps": 0.36,
        "epsdiluted": 0.36,
        "weightedAverageShsOut": 178100000,
        "weightedAverageShsOutDil": 179200000,
        "link": "https://www.sec.gov/Archives/edgar/data/350698/000119312509217514/0001193125-09-217514-index.htm",
        "finalLink": "https://www.sec.gov/Archives/edgar/data/350698/000119312509217514/d10q.htm"
    },
    {
        "date": "2009-06-30",
        "symbol": "AN",
        "reportedCurrency": "USD",
        "cik": "0000350698",
        "fillingDate": "2009-07-31",
        "acceptedDate": "2009-07-31 17:19:48",
        "calendarYear": "2009",
        "period": "Q2",
        "revenue": 2609600000,
        "costOfRevenue": 2133100000,
        "grossProfit": 476500000,
        "grossProfitRatio": 0.1825950337,
        "researchAndDevelopmentExpenses": 0,
        "generalAndAdministrativeExpenses": 0,
        "sellingAndMarketingExpenses": 0,
        "sellingGeneralAndAdministrativeExpenses": 364100000,
        "otherExpenses": 111600000,
        "operatingExpenses": 473700000,
        "costAndExpenses": 2597400000,
        "interestIncome": 300000,
        "interestExpense": 19800000,
        "depreciationAndAmortization": 18900000,
        "ebitda": 124300000,
        "ebitdaratio": 0.047631821,
        "operatingIncome": 102400000,
        "operatingIncomeRatio": 0.0392397302,
        "totalOtherIncomeExpensesNet": -16900000,
        "incomeBeforeTax": 85500000,
        "incomeBeforeTaxRatio": 0.0327636419,
        "incomeTaxExpense": 31500000,
        "netIncome": 36700000,
        "netIncomeRatio": 0.014063458,
        "eps": 0.21,
        "epsdiluted": 0.21,
        "weightedAverageShsOut": 177800000,
        "weightedAverageShsOutDil": 177800000,
        "link": "https://www.sec.gov/Archives/edgar/data/350698/000095012309028460/0000950123-09-028460-index.htm",
        "finalLink": "https://www.sec.gov/Archives/edgar/data/350698/000095012309028460/g19942e10vq.htm"
    },
    {
        "date": "2009-03-31",
        "symbol": "AN",
        "reportedCurrency": "USD",
        "cik": "0000350698",
        "fillingDate": "2009-04-24",
        "acceptedDate": "2009-04-24 06:02:26",
        "calendarYear": "2009",
        "period": "Q1",
        "revenue": 2473100000,
        "costOfRevenue": 2002500000,
        "grossProfit": 470600000,
        "grossProfitRatio": 0.1902874934,
        "researchAndDevelopmentExpenses": 0,
        "generalAndAdministrativeExpenses": 0,
        "sellingAndMarketingExpenses": 0,
        "sellingGeneralAndAdministrativeExpenses": 364600000,
        "otherExpenses": 104000000,
        "operatingExpenses": 456300000,
        "costAndExpenses": 2400800000,
        "interestIncome": 300000,
        "interestExpense": 21700000,
        "depreciationAndAmortization": 19800000,
        "ebitda": 125400000,
        "ebitdaratio": 0.0507055922,
        "operatingIncome": 95000000,
        "operatingIncomeRatio": 0.0384133274,
        "totalOtherIncomeExpensesNet": -11100000,
        "incomeBeforeTax": 83900000,
        "incomeBeforeTaxRatio": 0.0339250334,
        "incomeTaxExpense": 31300000,
        "netIncome": 34600000,
        "netIncomeRatio": 0.0139905382,
        "eps": 0.2,
        "epsdiluted": 0.2,
        "weightedAverageShsOut": 176800000,
        "weightedAverageShsOutDil": 176800000,
        "link": "https://www.sec.gov/Archives/edgar/data/350698/000095014409003507/0000950144-09-003507-index.htm",
        "finalLink": "https://www.sec.gov/Archives/edgar/data/350698/000095014409003507/g18720e10vq.htm"
    },
    {
        "date": "2008-12-31",
        "symbol": "AN",
        "reportedCurrency": "USD",
        "cik": "0000350698",
        "fillingDate": "2009-02-17",
        "acceptedDate": "2009-02-17 06:07:33",
        "calendarYear": "2008",
        "period": "Q4",
        "revenue": 2724300000,
        "costOfRevenue": 2245500000,
        "grossProfit": 478800000,
        "grossProfitRatio": 0.1757515692,
        "researchAndDevelopmentExpenses": 0,
        "generalAndAdministrativeExpenses": 0,
        "sellingAndMarketingExpenses": 0,
        "sellingGeneralAndAdministrativeExpenses": 381800000,
        "otherExpenses": 97000000,
        "operatingExpenses": 478800000,
        "costAndExpenses": 2724300000,
        "interestIncome": 0,
        "interestExpense": 0,
        "depreciationAndAmortization": 19700000,
        "ebitda": 135900000,
        "ebitdaratio": 0.049884374,
        "operatingIncome": 1821100000,
        "operatingIncomeRatio": 0.6684652938,
        "totalOtherIncomeExpensesNet": -1759600000,
        "incomeBeforeTax": 61500000,
        "incomeBeforeTaxRatio": 0.0225746063,
        "incomeTaxExpense": -9200000,
        "netIncome": 67100000,
        "netIncomeRatio": 0.0246301802,
        "eps": 0.38,
        "epsdiluted": 0.38,
        "weightedAverageShsOut": 176800000,
        "weightedAverageShsOutDil": 177000000,
        "link": "https://www.sec.gov/Archives/edgar/data/350698/000095014409001303/0000950144-09-001303-index.htm",
        "finalLink": "https://www.sec.gov/Archives/edgar/data/350698/000095014409001303/g17607e10vk.htm"
    },
    {
        "date": "2008-09-30",
        "symbol": "AN",
        "reportedCurrency": "USD",
        "cik": "0000350698",
        "fillingDate": "2008-11-07",
        "acceptedDate": "2008-11-07 06:21:01",
        "calendarYear": "2008",
        "period": "Q3",
        "revenue": 3543400000,
        "costOfRevenue": 2951500000,
        "grossProfit": 591900000,
        "grossProfitRatio": 0.1670429531,
        "researchAndDevelopmentExpenses": 0,
        "generalAndAdministrativeExpenses": 0,
        "sellingAndMarketingExpenses": 0,
        "sellingGeneralAndAdministrativeExpenses": 452700000,
        "otherExpenses": 139200000,
        "operatingExpenses": 591900000,
        "costAndExpenses": 3543400000,
        "interestIncome": 0,
        "interestExpense": 0,
        "depreciationAndAmortization": 28400000,
        "ebitda": -1609300000,
        "ebitdaratio": -0.4541683129,
        "operatingIncome": -1637700000,
        "operatingIncomeRatio": -0.4621832139,
        "totalOtherIncomeExpensesNet": -30200000,
        "incomeBeforeTax": -1667900000,
        "incomeBeforeTaxRatio": -0.4707061015,
        "incomeTaxExpense": -263000000,
        "netIncome": -1412700000,
        "netIncomeRatio": -0.3986848789,
        "eps": -7.99,
        "epsdiluted": -7.99,
        "weightedAverageShsOut": 176700000,
        "weightedAverageShsOutDil": 176700000,
        "link": "https://www.sec.gov/Archives/edgar/data/350698/000095014408008262/0000950144-08-008262-index.htm",
        "finalLink": "https://www.sec.gov/Archives/edgar/data/350698/000095014408008262/g16446e10vq.htm"
    },
    {
        "date": "2008-06-30",
        "symbol": "AN",
        "reportedCurrency": "USD",
        "cik": "0000350698",
        "fillingDate": "2008-07-25",
        "acceptedDate": "2008-07-24 18:21:09",
        "calendarYear": "2008",
        "period": "Q2",
        "revenue": 3909600000,
        "costOfRevenue": 3262100000,
        "grossProfit": 647500000,
        "grossProfitRatio": 0.165617966,
        "researchAndDevelopmentExpenses": 0,
        "generalAndAdministrativeExpenses": 0,
        "sellingAndMarketingExpenses": 0,
        "sellingGeneralAndAdministrativeExpenses": 488800000,
        "otherExpenses": 155000000,
        "operatingExpenses": 606400000,
        "costAndExpenses": 3663600000,
        "interestIncome": 300000,
        "interestExpense": 41300000,
        "depreciationAndAmortization": 22400000,
        "ebitda": 156200000,
        "ebitdaratio": 0.0399529364,
        "operatingIncome": 134100000,
        "operatingIncomeRatio": 0.0343001842,
        "totalOtherIncomeExpensesNet": -40000000,
        "incomeBeforeTax": 94100000,
        "incomeBeforeTaxRatio": 0.0240689585,
        "incomeTaxExpense": 38600000,
        "netIncome": 51800000,
        "netIncomeRatio": 0.0132494373,
        "eps": 0.29,
        "epsdiluted": 0.29,
        "weightedAverageShsOut": 178000000,
        "weightedAverageShsOutDil": 178700000,
        "link": "https://www.sec.gov/Archives/edgar/data/350698/000095014408005694/0000950144-08-005694-index.htm",
        "finalLink": "https://www.sec.gov/Archives/edgar/data/350698/000095014408005694/g14315e10vq.htm"
    },
    {
        "date": "2008-03-31",
        "symbol": "AN",
        "reportedCurrency": "USD",
        "cik": "0000350698",
        "fillingDate": "2008-04-25",
        "acceptedDate": "2008-04-24 17:53:35",
        "calendarYear": "2008",
        "period": "Q1",
        "revenue": 3999400000,
        "costOfRevenue": 3330200000,
        "grossProfit": 669200000,
        "grossProfitRatio": 0.1673250988,
        "researchAndDevelopmentExpenses": 0,
        "generalAndAdministrativeExpenses": 0,
        "sellingAndMarketingExpenses": 0,
        "sellingGeneralAndAdministrativeExpenses": 498300000,
        "otherExpenses": 170900000,
        "operatingExpenses": 669200000,
        "costAndExpenses": 3999400000,
        "interestIncome": 0,
        "interestExpense": 0,
        "depreciationAndAmortization": 24200000,
        "ebitda": 171300000,
        "ebitdaratio": 0.0428314247,
        "operatingIncome": 147100000,
        "operatingIncomeRatio": 0.0367805171,
        "totalOtherIncomeExpensesNet": -53400000,
        "incomeBeforeTax": 93700000,
        "incomeBeforeTaxRatio": 0.0234285143,
        "incomeTaxExpense": 38000000,
        "netIncome": 50700000,
        "netIncomeRatio": 0.0126769015,
        "eps": 0.28,
        "epsdiluted": 0.28,
        "weightedAverageShsOut": 180000000,
        "weightedAverageShsOutDil": 180600000,
        "link": "https://www.sec.gov/Archives/edgar/data/350698/000095014408003147/0000950144-08-003147-index.htm",
        "finalLink": "https://www.sec.gov/Archives/edgar/data/350698/000095014408003147/g12923e10vq.htm"
    },
    {
        "date": "2007-12-31",
        "symbol": "AN",
        "reportedCurrency": "USD",
        "cik": "0000350698",
        "fillingDate": "2008-02-28",
        "acceptedDate": "2008-02-28 06:19:28",
        "calendarYear": "2007",
        "period": "Q4",
        "revenue": 4203100000,
        "costOfRevenue": 3532900000,
        "grossProfit": 670200000,
        "grossProfitRatio": 0.1594537365,
        "researchAndDevelopmentExpenses": 0,
        "generalAndAdministrativeExpenses": 0,
        "sellingAndMarketingExpenses": 0,
        "sellingGeneralAndAdministrativeExpenses": 495600000,
        "otherExpenses": 174600000,
        "operatingExpenses": 670200000,
        "costAndExpenses": 4203100000,
        "interestIncome": 0,
        "interestExpense": 0,
        "depreciationAndAmortization": 27500000,
        "ebitda": 175200000,
        "ebitdaratio": 0.0416835193,
        "operatingIncome": 147700000,
        "operatingIncomeRatio": 0.0351407295,
        "totalOtherIncomeExpensesNet": -66100000,
        "incomeBeforeTax": 81600000,
        "incomeBeforeTaxRatio": 0.0194142419,
        "incomeTaxExpense": 31900000,
        "netIncome": 51700000,
        "netIncomeRatio": 0.0123004449,
        "eps": 0.29,
        "epsdiluted": 0.29,
        "weightedAverageShsOut": 180000000,
        "weightedAverageShsOutDil": 180600000,
        "link": "https://www.sec.gov/Archives/edgar/data/350698/000095014408001449/0000950144-08-001449-index.htm",
        "finalLink": "https://www.sec.gov/Archives/edgar/data/350698/000095014408001449/g11814e10vk.htm"
    },
    {
        "date": "2007-09-30",
        "symbol": "AN",
        "reportedCurrency": "USD",
        "cik": "0000350698",
        "fillingDate": "2007-10-25",
        "acceptedDate": "2007-10-25 06:15:02",
        "calendarYear": "2007",
        "period": "Q3",
        "revenue": 4601800000,
        "costOfRevenue": 3875000000,
        "grossProfit": 726800000,
        "grossProfitRatio": 0.1579381981,
        "researchAndDevelopmentExpenses": 0,
        "generalAndAdministrativeExpenses": 0,
        "sellingAndMarketingExpenses": 0,
        "sellingGeneralAndAdministrativeExpenses": 518100000,
        "otherExpenses": 207400000,
        "operatingExpenses": 714100000,
        "costAndExpenses": 4513300000,
        "interestIncome": 0,
        "interestExpense": 0,
        "depreciationAndAmortization": 23100000,
        "ebitda": 208400000,
        "ebitdaratio": 0.045286627,
        "operatingIncome": 185300000,
        "operatingIncomeRatio": 0.0402668521,
        "totalOtherIncomeExpensesNet": -62600000,
        "incomeBeforeTax": 122700000,
        "incomeBeforeTaxRatio": 0.0266634795,
        "incomeTaxExpense": 46100000,
        "netIncome": 72100000,
        "netIncomeRatio": 0.0156677822,
        "eps": 0.37,
        "epsdiluted": 0.37,
        "weightedAverageShsOut": 196100000,
        "weightedAverageShsOutDil": 196100000,
        "link": "https://www.sec.gov/Archives/edgar/data/350698/000095014407009534/0000950144-07-009534-index.htm",
        "finalLink": "https://www.sec.gov/Archives/edgar/data/350698/000095014407009534/g10076e10vq.htm"
    },
    {
        "date": "2007-06-30",
        "symbol": "AN",
        "reportedCurrency": "USD",
        "cik": "0000350698",
        "fillingDate": "2007-07-27",
        "acceptedDate": "2007-07-26 21:40:16",
        "calendarYear": "2007",
        "period": "Q2",
        "revenue": 4559300000,
        "costOfRevenue": 3833600000,
        "grossProfit": 725700000,
        "grossProfitRatio": 0.1591691707,
        "researchAndDevelopmentExpenses": 0,
        "generalAndAdministrativeExpenses": 0,
        "sellingAndMarketingExpenses": 0,
        "sellingGeneralAndAdministrativeExpenses": 517700000,
        "otherExpenses": 208000000,
        "operatingExpenses": 725700000,
        "costAndExpenses": 4559300000,
        "interestIncome": 0,
        "interestExpense": 0,
        "depreciationAndAmortization": 22300000,
        "ebitda": 207100000,
        "ebitdaratio": 0.0454236396,
        "operatingIncome": 184800000,
        "operatingIncomeRatio": 0.0405325379,
        "totalOtherIncomeExpensesNet": -58300000,
        "incomeBeforeTax": 126500000,
        "incomeBeforeTaxRatio": 0.0277454872,
        "incomeTaxExpense": 47200000,
        "netIncome": 77300000,
        "netIncomeRatio": 0.016954357,
        "eps": 0.37,
        "epsdiluted": 0.37,
        "weightedAverageShsOut": 206800000,
        "weightedAverageShsOutDil": 208600000,
        "link": "https://www.sec.gov/Archives/edgar/data/350698/000095014407006899/0000950144-07-006899-index.htm",
        "finalLink": "https://www.sec.gov/Archives/edgar/data/350698/000095014407006899/g08527e10vq.htm"
    },
    {
        "date": "2007-03-31",
        "symbol": "AN",
        "reportedCurrency": "USD",
        "cik": "0000350698",
        "fillingDate": "2007-04-27",
        "acceptedDate": "2007-04-27 06:28:35",
        "calendarYear": "2007",
        "period": "Q1",
        "revenue": 4395300000,
        "costOfRevenue": 3662200000,
        "grossProfit": 733100000,
        "grossProfitRatio": 0.1667918003,
        "researchAndDevelopmentExpenses": 0,
        "generalAndAdministrativeExpenses": 0,
        "sellingAndMarketingExpenses": 0,
        "sellingGeneralAndAdministrativeExpenses": 524400000,
        "otherExpenses": 206600000,
        "operatingExpenses": 717800000,
        "costAndExpenses": 4299900000,
        "interestIncome": 0,
        "interestExpense": 0,
        "depreciationAndAmortization": 22200000,
        "ebitda": 207900000,
        "ebitdaratio": 0.0473005256,
        "operatingIncome": 185700000,
        "operatingIncomeRatio": 0.0422496758,
        "totalOtherIncomeExpensesNet": -57100000,
        "incomeBeforeTax": 128600000,
        "incomeBeforeTaxRatio": 0.0292585262,
        "incomeTaxExpense": 46100000,
        "netIncome": 77600000,
        "netIncomeRatio": 0.0176552226,
        "eps": 0.37,
        "epsdiluted": 0.37,
        "weightedAverageShsOut": 208100000,
        "weightedAverageShsOutDil": 210700000,
        "link": "https://www.sec.gov/Archives/edgar/data/350698/000095014407003868/0000950144-07-003868-index.htm",
        "finalLink": "https://www.sec.gov/Archives/edgar/data/350698/000095014407003868/g06896e10vq.htm"
    },
    {
        "date": "2006-12-31",
        "symbol": "AN",
        "reportedCurrency": "USD",
        "cik": "0000350698",
        "fillingDate": "2007-02-28",
        "acceptedDate": "2007-02-27 21:52:29",
        "calendarYear": "2006",
        "period": "Q4",
        "revenue": 4421000000,
        "costOfRevenue": 3717900000,
        "grossProfit": 703100000,
        "grossProfitRatio": 0.1590364171,
        "researchAndDevelopmentExpenses": 0,
        "generalAndAdministrativeExpenses": 0,
        "sellingAndMarketingExpenses": 0,
        "sellingGeneralAndAdministrativeExpenses": 504700000,
        "otherExpenses": 198400000,
        "operatingExpenses": 703100000,
        "costAndExpenses": 4421000000,
        "interestIncome": 0,
        "interestExpense": 0,
        "depreciationAndAmortization": 21900000,
        "ebitda": 199100000,
        "ebitdaratio": 0.0450350599,
        "operatingIncome": 177200000,
        "operatingIncomeRatio": 0.0400814295,
        "totalOtherIncomeExpensesNet": -58200000,
        "incomeBeforeTax": 119000000,
        "incomeBeforeTaxRatio": 0.0269169871,
        "incomeTaxExpense": 44600000,
        "netIncome": 75200000,
        "netIncomeRatio": 0.0170097263,
        "eps": 0.36,
        "epsdiluted": 0.36,
        "weightedAverageShsOut": 208100000,
        "weightedAverageShsOutDil": 210700000,
        "link": "https://www.sec.gov/Archives/edgar/data/350698/000095014407001673/0000950144-07-001673-index.htm",
        "finalLink": "https://www.sec.gov/Archives/edgar/data/350698/000095014407001673/g05620e10vk.htm"
    },
    {
        "date": "2006-09-30",
        "symbol": "AN",
        "reportedCurrency": "USD",
        "cik": "0000350698",
        "fillingDate": "2006-10-27",
        "acceptedDate": "2006-10-26 21:30:33",
        "calendarYear": "2006",
        "period": "Q3",
        "revenue": 4961500000,
        "costOfRevenue": 4179000000,
        "grossProfit": 782500000,
        "grossProfitRatio": 0.1577144009,
        "researchAndDevelopmentExpenses": 0,
        "generalAndAdministrativeExpenses": 0,
        "sellingAndMarketingExpenses": 0,
        "sellingGeneralAndAdministrativeExpenses": 557600000,
        "otherExpenses": 223400000,
        "operatingExpenses": 764800000,
        "costAndExpenses": 4855000000,
        "interestIncome": 0,
        "interestExpense": 0,
        "depreciationAndAmortization": 21400000,
        "ebitda": 224300000,
        "ebitdaratio": 0.0452081024,
        "operatingIncome": 202900000,
        "operatingIncomeRatio": 0.0408948907,
        "totalOtherIncomeExpensesNet": -61900000,
        "incomeBeforeTax": 141000000,
        "incomeBeforeTaxRatio": 0.028418825,
        "incomeTaxExpense": 55600000,
        "netIncome": 81800000,
        "netIncomeRatio": 0.0164869495,
        "eps": 0.39,
        "epsdiluted": 0.38,
        "weightedAverageShsOut": 210900000,
        "weightedAverageShsOutDil": 215000000,
        "link": "https://www.sec.gov/Archives/edgar/data/350698/000095014406009849/0000950144-06-009849-index.htm",
        "finalLink": "https://www.sec.gov/Archives/edgar/data/350698/000095014406009849/g03825e10vq.htm"
    },
    {
        "date": "2006-06-30",
        "symbol": "AN",
        "reportedCurrency": "USD",
        "cik": "0000350698",
        "fillingDate": "2006-07-28",
        "acceptedDate": "2006-07-28 06:07:54",
        "calendarYear": "2006",
        "period": "Q2",
        "revenue": 5010800000,
        "costOfRevenue": 4210100000,
        "grossProfit": 800700000,
        "grossProfitRatio": 0.1597948431,
        "researchAndDevelopmentExpenses": 0,
        "generalAndAdministrativeExpenses": 0,
        "sellingAndMarketingExpenses": 0,
        "sellingGeneralAndAdministrativeExpenses": 566200000,
        "otherExpenses": 232900000,
        "operatingExpenses": 781300000,
        "costAndExpenses": 4892700000,
        "interestIncome": 0,
        "interestExpense": 0,
        "depreciationAndAmortization": 21600000,
        "ebitda": 233200000,
        "ebitdaratio": 0.0465394747,
        "operatingIncome": 211600000,
        "operatingIncomeRatio": 0.0422287858,
        "totalOtherIncomeExpensesNet": -91600000,
        "incomeBeforeTax": 120000000,
        "incomeBeforeTaxRatio": 0.0239482717,
        "incomeTaxExpense": 46100000,
        "netIncome": 72700000,
        "netIncomeRatio": 0.0145086613,
        "eps": 0.33,
        "epsdiluted": 0.32,
        "weightedAverageShsOut": 220400000,
        "weightedAverageShsOutDil": 225200000,
        "link": "https://www.sec.gov/Archives/edgar/data/350698/000095014406007065/0000950144-06-007065-index.htm",
        "finalLink": "https://www.sec.gov/Archives/edgar/data/350698/000095014406007065/g02537e10vq.htm"
    },
    {
        "date": "2006-03-31",
        "symbol": "AN",
        "reportedCurrency": "USD",
        "cik": "0000350698",
        "fillingDate": "2006-04-28",
        "acceptedDate": "2006-04-28 06:17:33",
        "calendarYear": "2006",
        "period": "Q1",
        "revenue": 4674000000,
        "costOfRevenue": 3902400000,
        "grossProfit": 771600000,
        "grossProfitRatio": 0.1650834403,
        "researchAndDevelopmentExpenses": 0,
        "generalAndAdministrativeExpenses": 0,
        "sellingAndMarketingExpenses": 0,
        "sellingGeneralAndAdministrativeExpenses": 548600000,
        "otherExpenses": 221600000,
        "operatingExpenses": 754300000,
        "costAndExpenses": 4571100000,
        "interestIncome": 0,
        "interestExpense": 0,
        "depreciationAndAmortization": 20400000,
        "ebitda": 222600000,
        "ebitdaratio": 0.0476251605,
        "operatingIncome": 202200000,
        "operatingIncomeRatio": 0.0432605905,
        "totalOtherIncomeExpensesNet": -39700000,
        "incomeBeforeTax": 162500000,
        "incomeBeforeTaxRatio": 0.034766795,
        "incomeTaxExpense": 64500000,
        "netIncome": 87200000,
        "netIncomeRatio": 0.0186563971,
        "eps": 0.33,
        "epsdiluted": 0.33,
        "weightedAverageShsOut": 262800000,
        "weightedAverageShsOutDil": 262800000,
        "link": "https://www.sec.gov/Archives/edgar/data/350698/000095014406004065/0000950144-06-004065-index.htm",
        "finalLink": "https://www.sec.gov/Archives/edgar/data/350698/000095014406004065/g01118e10vq.htm"
    },
    {
        "date": "2005-12-31",
        "symbol": "AN",
        "reportedCurrency": "USD",
        "cik": "0000350698",
        "fillingDate": "2006-03-03",
        "acceptedDate": "2006-03-03 07:33:26",
        "calendarYear": "2005",
        "period": "Q4",
        "revenue": 4460500000,
        "costOfRevenue": 3736700000,
        "grossProfit": 723800000,
        "grossProfitRatio": 0.1622688039,
        "researchAndDevelopmentExpenses": 0,
        "generalAndAdministrativeExpenses": 0,
        "sellingAndMarketingExpenses": 0,
        "sellingGeneralAndAdministrativeExpenses": 525700000,
        "otherExpenses": 198100000,
        "operatingExpenses": 723800000,
        "costAndExpenses": 4460500000,
        "interestIncome": 0,
        "interestExpense": 0,
        "depreciationAndAmortization": 22500000,
        "ebitda": 200400000,
        "ebitdaratio": 0.0449276987,
        "operatingIncome": 177900000,
        "operatingIncomeRatio": 0.0398834211,
        "totalOtherIncomeExpensesNet": -45200000,
        "incomeBeforeTax": 132700000,
        "incomeBeforeTaxRatio": 0.029750028,
        "incomeTaxExpense": 52400000,
        "netIncome": 75300000,
        "netIncomeRatio": 0.0168815155,
        "eps": 0.29,
        "epsdiluted": 0.28,
        "weightedAverageShsOut": 262800000,
        "weightedAverageShsOutDil": 267400000,
        "link": "https://www.sec.gov/Archives/edgar/data/350698/000095014406001745/0000950144-06-001745-index.htm",
        "finalLink": "https://www.sec.gov/Archives/edgar/data/350698/000095014406001745/g99793e10vk.htm"
    },
    {
        "date": "2005-09-30",
        "symbol": "AN",
        "reportedCurrency": "USD",
        "cik": "0000350698",
        "fillingDate": "2005-11-07",
        "acceptedDate": "2005-11-04 19:35:24",
        "calendarYear": "2005",
        "period": "Q3",
        "revenue": 5196400000,
        "costOfRevenue": 4389000000,
        "grossProfit": 807400000,
        "grossProfitRatio": 0.1553767993,
        "researchAndDevelopmentExpenses": 0,
        "generalAndAdministrativeExpenses": 0,
        "sellingAndMarketingExpenses": 0,
        "sellingGeneralAndAdministrativeExpenses": 566800000,
        "otherExpenses": 239700000,
        "operatingExpenses": 789000000,
        "costAndExpenses": 5071000000,
        "interestIncome": 0,
        "interestExpense": 0,
        "depreciationAndAmortization": 21100000,
        "ebitda": 240400000,
        "ebitdaratio": 0.0462627973,
        "operatingIncome": 219300000,
        "operatingIncomeRatio": 0.0422022939,
        "totalOtherIncomeExpensesNet": -38400000,
        "incomeBeforeTax": 180900000,
        "incomeBeforeTaxRatio": 0.0348125625,
        "incomeTaxExpense": 60300000,
        "netIncome": 129300000,
        "netIncomeRatio": 0.024882611,
        "eps": 0.49,
        "epsdiluted": 0.48,
        "weightedAverageShsOut": 261600000,
        "weightedAverageShsOutDil": 267200000,
        "link": "https://www.sec.gov/Archives/edgar/data/350698/000095014405011179/0000950144-05-011179-index.htm",
        "finalLink": "https://www.sec.gov/Archives/edgar/data/350698/000095014405011179/g97825e10vq.htm"
    },
    {
        "date": "2005-06-30",
        "symbol": "AN",
        "reportedCurrency": "USD",
        "cik": "0000350698",
        "fillingDate": "2005-07-29",
        "acceptedDate": "2005-07-28 21:45:58",
        "calendarYear": "2005",
        "period": "Q2",
        "revenue": 5038400000,
        "costOfRevenue": 4253100000,
        "grossProfit": 785300000,
        "grossProfitRatio": 0.1558629724,
        "researchAndDevelopmentExpenses": 0,
        "generalAndAdministrativeExpenses": 0,
        "sellingAndMarketingExpenses": 0,
        "sellingGeneralAndAdministrativeExpenses": 555900000,
        "otherExpenses": 229900000,
        "operatingExpenses": 772300000,
        "costAndExpenses": 4944000000,
        "interestIncome": 0,
        "interestExpense": 0,
        "depreciationAndAmortization": 21500000,
        "ebitda": 232000000,
        "ebitdaratio": 0.0460463639,
        "operatingIncome": 210500000,
        "operatingIncomeRatio": 0.0417791362,
        "totalOtherIncomeExpensesNet": -41900000,
        "incomeBeforeTax": 168600000,
        "incomeBeforeTaxRatio": 0.0334630041,
        "incomeTaxExpense": 61700000,
        "netIncome": 194800000,
        "netIncomeRatio": 0.0386630676,
        "eps": 0.74,
        "epsdiluted": 0.73,
        "weightedAverageShsOut": 262300000,
        "weightedAverageShsOutDil": 267800000,
        "link": "https://www.sec.gov/Archives/edgar/data/350698/000095014405007896/0000950144-05-007896-index.htm",
        "finalLink": "https://www.sec.gov/Archives/edgar/data/350698/000095014405007896/g96506e10vq.htm"
    },
    {
        "date": "2005-03-31",
        "symbol": "AN",
        "reportedCurrency": "USD",
        "cik": "0000350698",
        "fillingDate": "2005-04-29",
        "acceptedDate": "2005-04-28 19:32:03",
        "calendarYear": "2005",
        "period": "Q1",
        "revenue": 4620300000,
        "costOfRevenue": 3863300000,
        "grossProfit": 757000000,
        "grossProfitRatio": 0.1638421748,
        "researchAndDevelopmentExpenses": 0,
        "generalAndAdministrativeExpenses": 0,
        "sellingAndMarketingExpenses": 0,
        "sellingGeneralAndAdministrativeExpenses": 537200000,
        "otherExpenses": 219600000,
        "operatingExpenses": 739100000,
        "costAndExpenses": 4504900000,
        "interestIncome": 0,
        "interestExpense": 0,
        "depreciationAndAmortization": 21600000,
        "ebitda": 221200000,
        "ebitdaratio": 0.0478756791,
        "operatingIncome": 199600000,
        "operatingIncomeRatio": 0.043200658,
        "totalOtherIncomeExpensesNet": -56100000,
        "incomeBeforeTax": 143500000,
        "incomeBeforeTaxRatio": 0.0310585893,
        "incomeTaxExpense": 54200000,
        "netIncome": 97000000,
        "netIncomeRatio": 0.0209943077,
        "eps": 0.37,
        "epsdiluted": 0.36,
        "weightedAverageShsOut": 264500000,
        "weightedAverageShsOutDil": 270300000,
        "link": "https://www.sec.gov/Archives/edgar/data/350698/000095014405004575/0000950144-05-004575-index.htm",
        "finalLink": "https://www.sec.gov/Archives/edgar/data/350698/000095014405004575/g94838e10vq.htm"
    },
    {
        "date": "2004-12-31",
        "symbol": "AN",
        "reportedCurrency": "USD",
        "cik": "0000350698",
        "fillingDate": "2005-02-24",
        "acceptedDate": "2005-02-23 21:41:53",
        "calendarYear": "2004",
        "period": "Q4",
        "revenue": 4672000000,
        "costOfRevenue": 3942100000,
        "grossProfit": 729900000,
        "grossProfitRatio": 0.1562285959,
        "researchAndDevelopmentExpenses": 0,
        "generalAndAdministrativeExpenses": 0,
        "sellingAndMarketingExpenses": 0,
        "sellingGeneralAndAdministrativeExpenses": 509100000,
        "otherExpenses": 220800000,
        "operatingExpenses": 729900000,
        "costAndExpenses": 4672000000,
        "interestIncome": 0,
        "interestExpense": 0,
        "depreciationAndAmortization": 26400000,
        "ebitda": 220900000,
        "ebitdaratio": 0.0472816781,
        "operatingIncome": 194500000,
        "operatingIncomeRatio": 0.0416309932,
        "totalOtherIncomeExpensesNet": -41800000,
        "incomeBeforeTax": 152700000,
        "incomeBeforeTaxRatio": 0.0326840753,
        "incomeTaxExpense": 35200000,
        "netIncome": 161800000,
        "netIncomeRatio": 0.0346318493,
        "eps": 0.61,
        "epsdiluted": 0.6,
        "weightedAverageShsOut": 264500000,
        "weightedAverageShsOutDil": 270300000,
        "link": "https://www.sec.gov/Archives/edgar/data/350698/000095014405001788/0000950144-05-001788-index.htm",
        "finalLink": "https://www.sec.gov/Archives/edgar/data/350698/000095014405001788/g93347e10vk.htm"
    },
    {
        "date": "2004-09-30",
        "symbol": "AN",
        "reportedCurrency": "USD",
        "cik": "0000350698",
        "fillingDate": "2004-10-28",
        "acceptedDate": "2004-10-28 17:07:05",
        "calendarYear": "2004",
        "period": "Q3",
        "revenue": 5097400000,
        "costOfRevenue": 4329100000,
        "grossProfit": 768300000,
        "grossProfitRatio": 0.1507238985,
        "researchAndDevelopmentExpenses": 0,
        "generalAndAdministrativeExpenses": 0,
        "sellingAndMarketingExpenses": 0,
        "sellingGeneralAndAdministrativeExpenses": 551700000,
        "otherExpenses": 216000000,
        "operatingExpenses": 747600000,
        "costAndExpenses": 4948700000,
        "interestIncome": 0,
        "interestExpense": 0,
        "depreciationAndAmortization": 20300000,
        "ebitda": 215500000,
        "ebitdaratio": 0.0422764547,
        "operatingIncome": 195200000,
        "operatingIncomeRatio": 0.0382940323,
        "totalOtherIncomeExpensesNet": -39800000,
        "incomeBeforeTax": 155400000,
        "incomeBeforeTaxRatio": 0.0304861302,
        "incomeTaxExpense": 59700000,
        "netIncome": 92400000,
        "netIncomeRatio": 0.0181268882,
        "eps": 0.35,
        "epsdiluted": 0.34,
        "weightedAverageShsOut": 265600000,
        "weightedAverageShsOutDil": 270600000,
        "link": "https://www.sec.gov/Archives/edgar/data/350698/000095014404010156/0000950144-04-010156-index.htm",
        "finalLink": "https://www.sec.gov/Archives/edgar/data/350698/000095014404010156/g91455e10vq.htm"
    },
    {
        "date": "2004-06-30",
        "symbol": "AN",
        "reportedCurrency": "USD",
        "cik": "0000350698",
        "fillingDate": "2004-07-29",
        "acceptedDate": "2004-07-28 18:21:40",
        "calendarYear": "2004",
        "period": "Q2",
        "revenue": 4988900000,
        "costOfRevenue": 4218800000,
        "grossProfit": 770100000,
        "grossProfitRatio": 0.1543626852,
        "researchAndDevelopmentExpenses": 0,
        "generalAndAdministrativeExpenses": 0,
        "sellingAndMarketingExpenses": 0,
        "sellingGeneralAndAdministrativeExpenses": 556400000,
        "otherExpenses": 213600000,
        "operatingExpenses": 748500000,
        "costAndExpenses": 4836500000,
        "interestIncome": 0,
        "interestExpense": 0,
        "depreciationAndAmortization": 21000000,
        "ebitda": 216500000,
        "ebitdaratio": 0.0433963399,
        "operatingIncome": 195500000,
        "operatingIncomeRatio": 0.0391869951,
        "totalOtherIncomeExpensesNet": -40300000,
        "incomeBeforeTax": 155200000,
        "incomeBeforeTaxRatio": 0.0311090621,
        "incomeTaxExpense": 58700000,
        "netIncome": 92100000,
        "netIncomeRatio": 0.0184609834,
        "eps": 0.34,
        "epsdiluted": 0.34,
        "weightedAverageShsOut": 267200000,
        "weightedAverageShsOutDil": 273200000,
        "link": "https://www.sec.gov/Archives/edgar/data/350698/000095014404007386/0000950144-04-007386-index.htm",
        "finalLink": "https://www.sec.gov/Archives/edgar/data/350698/000095014404007386/g90111e10vq.htm"
    },
    {
        "date": "2004-03-31",
        "symbol": "AN",
        "reportedCurrency": "USD",
        "cik": "0000350698",
        "fillingDate": "2004-04-29",
        "acceptedDate": "2004-04-29 16:59:28",
        "calendarYear": "2004",
        "period": "Q1",
        "revenue": 4797000000,
        "costOfRevenue": 3870700000,
        "grossProfit": 926300000,
        "grossProfitRatio": 0.1930998541,
        "researchAndDevelopmentExpenses": 0,
        "generalAndAdministrativeExpenses": 0,
        "sellingAndMarketingExpenses": 0,
        "sellingGeneralAndAdministrativeExpenses": 550100000,
        "otherExpenses": 202800000,
        "operatingExpenses": 735200000,
        "costAndExpenses": 4605900000,
        "interestIncome": 0,
        "interestExpense": 0,
        "depreciationAndAmortization": 20900000,
        "ebitda": 202700000,
        "ebitdaratio": 0.0422555764,
        "operatingIncome": 182300000,
        "operatingIncomeRatio": 0.0380029185,
        "totalOtherIncomeExpensesNet": -36000000,
        "incomeBeforeTax": 146300000,
        "incomeBeforeTaxRatio": 0.0304982281,
        "incomeTaxExpense": 57800000,
        "netIncome": 87300000,
        "netIncomeRatio": 0.0181988743,
        "eps": 0.32,
        "epsdiluted": 0.32,
        "weightedAverageShsOut": 269300000,
        "weightedAverageShsOutDil": 275700000,
        "link": "https://www.sec.gov/Archives/edgar/data/350698/000095014404004605/0000950144-04-004605-index.htm",
        "finalLink": "https://www.sec.gov/Archives/edgar/data/350698/000095014404004605/g88776e10vq.htm"
    },
    {
        "date": "2003-12-31",
        "symbol": "AN",
        "reportedCurrency": "USD",
        "cik": "0000350698",
        "fillingDate": "2004-03-10",
        "acceptedDate": "2004-03-09 18:04:33",
        "calendarYear": "2003",
        "period": "Q4",
        "revenue": 4595800000,
        "costOfRevenue": 3902700000,
        "grossProfit": 693100000,
        "grossProfitRatio": 0.1508116106,
        "researchAndDevelopmentExpenses": 0,
        "generalAndAdministrativeExpenses": 0,
        "sellingAndMarketingExpenses": 0,
        "sellingGeneralAndAdministrativeExpenses": 520300000,
        "otherExpenses": 172800000,
        "operatingExpenses": 693100000,
        "costAndExpenses": 4595800000,
        "interestIncome": 0,
        "interestExpense": 0,
        "depreciationAndAmortization": 19800000,
        "ebitda": 150500000,
        "ebitdaratio": 0.032747291,
        "operatingIncome": 130700000,
        "operatingIncomeRatio": 0.0284390095,
        "totalOtherIncomeExpensesNet": -21600000,
        "incomeBeforeTax": 109100000,
        "incomeBeforeTaxRatio": 0.0237390661,
        "incomeTaxExpense": 30000000,
        "netIncome": 79100000,
        "netIncomeRatio": 0.0172113669,
        "eps": 0.29,
        "epsdiluted": 0.29,
        "weightedAverageShsOut": 269300000,
        "weightedAverageShsOutDil": 275700000,
        "link": "https://www.sec.gov/Archives/edgar/data/350698/000095014404002190/0000950144-04-002190-index.htm",
        "finalLink": "https://www.sec.gov/Archives/edgar/data/350698/000095014404002190/g87385e10vk.htm"
    },
    {
        "date": "2003-09-30",
        "symbol": "AN",
        "reportedCurrency": "USD",
        "cik": "0000350698",
        "fillingDate": "2003-10-30",
        "acceptedDate": "2003-10-30 16:59:58",
        "calendarYear": "2003",
        "period": "Q3",
        "revenue": 5257400000,
        "costOfRevenue": 4467900000,
        "grossProfit": 789500000,
        "grossProfitRatio": 0.1501692852,
        "researchAndDevelopmentExpenses": 0,
        "generalAndAdministrativeExpenses": 0,
        "sellingAndMarketingExpenses": 0,
        "sellingGeneralAndAdministrativeExpenses": 565500000,
        "otherExpenses": 224600000,
        "operatingExpenses": 783300000,
        "costAndExpenses": 5142600000,
        "interestIncome": 0,
        "interestExpense": 0,
        "depreciationAndAmortization": 18800000,
        "ebitda": 226000000,
        "ebitdaratio": 0.0429870278,
        "operatingIncome": 207200000,
        "operatingIncomeRatio": 0.0394111158,
        "totalOtherIncomeExpensesNet": -34200000,
        "incomeBeforeTax": 173000000,
        "incomeBeforeTaxRatio": 0.0329059992,
        "incomeTaxExpense": 62900000,
        "netIncome": 108800000,
        "netIncomeRatio": 0.0206946399,
        "eps": 0.4,
        "epsdiluted": 0.38,
        "weightedAverageShsOut": 275400000,
        "weightedAverageShsOutDil": 286600000,
        "link": "https://www.sec.gov/Archives/edgar/data/350698/000095014403012035/0000950144-03-012035-index.htm",
        "finalLink": "https://www.sec.gov/Archives/edgar/data/350698/000095014403012035/g85510e10vq.htm"
    },
    {
        "date": "2003-06-30",
        "symbol": "AN",
        "reportedCurrency": "USD",
        "cik": "0000350698",
        "fillingDate": "2003-08-01",
        "acceptedDate": "2003-08-01 17:17:57",
        "calendarYear": "2003",
        "period": "Q2",
        "revenue": 5068600000,
        "costOfRevenue": 4296500000,
        "grossProfit": 772100000,
        "grossProfitRatio": 0.152330032,
        "researchAndDevelopmentExpenses": 0,
        "generalAndAdministrativeExpenses": 0,
        "sellingAndMarketingExpenses": 0,
        "sellingGeneralAndAdministrativeExpenses": 548900000,
        "otherExpenses": 223200000,
        "operatingExpenses": 772100000,
        "costAndExpenses": 5068600000,
        "interestIncome": 900000,
        "interestExpense": 0,
        "depreciationAndAmortization": 18800000,
        "ebitda": 225700000,
        "ebitdaratio": 0.0445290613,
        "operatingIncome": 206900000,
        "operatingIncomeRatio": 0.0408199503,
        "totalOtherIncomeExpensesNet": -34000000,
        "incomeBeforeTax": 172900000,
        "incomeBeforeTaxRatio": 0.0341119836,
        "incomeTaxExpense": 66600000,
        "netIncome": 106300000,
        "netIncomeRatio": 0.0209722606,
        "eps": 0.38,
        "epsdiluted": 0.37,
        "weightedAverageShsOut": 279200000,
        "weightedAverageShsOutDil": 285200000,
        "link": "https://www.sec.gov/Archives/edgar/data/350698/000095014403009215/0000950144-03-009215-index.htm",
        "finalLink": "https://www.sec.gov/Archives/edgar/data/350698/000095014403009215/g84116e10vqza.htm"
    },
    {
        "date": "2003-03-31",
        "symbol": "AN",
        "reportedCurrency": "USD",
        "cik": "0000350698",
        "fillingDate": "2003-04-29",
        "acceptedDate": "2003-04-28 17:32:52",
        "calendarYear": "2003",
        "period": "Q1",
        "revenue": 4459300000,
        "costOfRevenue": 3751200000,
        "grossProfit": 708100000,
        "grossProfitRatio": 0.1587917386,
        "researchAndDevelopmentExpenses": 0,
        "generalAndAdministrativeExpenses": 0,
        "sellingAndMarketingExpenses": 0,
        "sellingGeneralAndAdministrativeExpenses": 523000000,
        "otherExpenses": 185100000,
        "operatingExpenses": 708100000,
        "costAndExpenses": 4459300000,
        "interestIncome": 0,
        "interestExpense": 0,
        "depreciationAndAmortization": 19000000,
        "ebitda": 189200000,
        "ebitdaratio": 0.0424281838,
        "operatingIncome": 170200000,
        "operatingIncomeRatio": 0.0381674254,
        "totalOtherIncomeExpensesNet": -32900000,
        "incomeBeforeTax": 137300000,
        "incomeBeforeTaxRatio": 0.0307895858,
        "incomeTaxExpense": -74600000,
        "netIncome": 185000000,
        "netIncomeRatio": 0.0414863319,
        "eps": 0.64,
        "epsdiluted": 0.63,
        "weightedAverageShsOut": 290400000,
        "weightedAverageShsOutDil": 294200000,
        "link": "https://www.sec.gov/Archives/edgar/data/350698/000095014403005658/0000950144-03-005658-index.htm",
        "finalLink": "https://www.sec.gov/Archives/edgar/data/350698/000095014403005658/g82347e10vq.htm"
    },
    {
        "date": "2002-12-31",
        "symbol": "AN",
        "reportedCurrency": "USD",
        "cik": "0000350698",
        "fillingDate": "2003-02-28",
        "acceptedDate": "2003-02-28 17:14:38",
        "calendarYear": "2002",
        "period": "Q4",
        "revenue": 4518500000,
        "costOfRevenue": 3768400000,
        "grossProfit": 750100000,
        "grossProfitRatio": 0.1660064181,
        "researchAndDevelopmentExpenses": 0,
        "generalAndAdministrativeExpenses": 0,
        "sellingAndMarketingExpenses": 0,
        "sellingGeneralAndAdministrativeExpenses": 528500000,
        "otherExpenses": 221600000,
        "operatingExpenses": 750100000,
        "costAndExpenses": 4518500000,
        "interestIncome": 0,
        "interestExpense": 0,
        "depreciationAndAmortization": 18600000,
        "ebitda": 229300000,
        "ebitdaratio": 0.0507469293,
        "operatingIncome": 210700000,
        "operatingIncomeRatio": 0.046630519,
        "totalOtherIncomeExpensesNet": -82100000,
        "incomeBeforeTax": 128600000,
        "incomeBeforeTaxRatio": 0.0284607724,
        "incomeTaxExpense": 49200000,
        "netIncome": 79400000,
        "netIncomeRatio": 0.0175722032,
        "eps": 0.27,
        "epsdiluted": 0.27,
        "weightedAverageShsOut": 290400000,
        "weightedAverageShsOutDil": 294200000,
        "link": "https://www.sec.gov/Archives/edgar/data/350698/000095014403002512/0000950144-03-002512-index.htm",
        "finalLink": "https://www.sec.gov/Archives/edgar/data/350698/000095014403002512/g80927e10vk.htm"
    },
    {
        "date": "2002-09-30",
        "symbol": "AN",
        "reportedCurrency": "USD",
        "cik": "0000350698",
        "fillingDate": "2002-10-24",
        "acceptedDate": "2002-10-24 13:23:22",
        "calendarYear": "2002",
        "period": "Q3",
        "revenue": 5193700000,
        "costOfRevenue": 4429600000,
        "grossProfit": 764100000,
        "grossProfitRatio": 0.1471205499,
        "researchAndDevelopmentExpenses": 0,
        "generalAndAdministrativeExpenses": 0,
        "sellingAndMarketingExpenses": 0,
        "sellingGeneralAndAdministrativeExpenses": 568700000,
        "otherExpenses": 195400000,
        "operatingExpenses": 764100000,
        "costAndExpenses": 5193700000,
        "interestIncome": 0,
        "interestExpense": 0,
        "depreciationAndAmortization": 19700000,
        "ebitda": 200400000,
        "ebitdaratio": 0.038585209,
        "operatingIncome": 180700000,
        "operatingIncomeRatio": 0.034792152,
        "totalOtherIncomeExpensesNet": -7900000,
        "incomeBeforeTax": 172800000,
        "incomeBeforeTaxRatio": 0.0332710784,
        "incomeTaxExpense": 66100000,
        "netIncome": 106700000,
        "netIncomeRatio": 0.0205441208,
        "eps": 0.34,
        "epsdiluted": 0.33,
        "weightedAverageShsOut": 317700000,
        "weightedAverageShsOutDil": 321900000,
        "link": "https://www.sec.gov/Archives/edgar/data/350698/000095014402010727/0000950144-02-010727-index.htm",
        "finalLink": "https://www.sec.gov/Archives/edgar/data/350698/000095014402010727/g78824e10vq.htm"
    },
    {
        "date": "2002-06-30",
        "symbol": "AN",
        "reportedCurrency": "USD",
        "cik": "0000350698",
        "fillingDate": "2002-08-14",
        "acceptedDate": "2002-08-14 08:27:38",
        "calendarYear": "2002",
        "period": "Q2",
        "revenue": 5015600000,
        "costOfRevenue": 4265000000,
        "grossProfit": 750600000,
        "grossProfitRatio": 0.1496530824,
        "researchAndDevelopmentExpenses": 0,
        "generalAndAdministrativeExpenses": 0,
        "sellingAndMarketingExpenses": 0,
        "sellingGeneralAndAdministrativeExpenses": 555600000,
        "otherExpenses": 195000000,
        "operatingExpenses": 750600000,
        "costAndExpenses": 5015600000,
        "interestIncome": 0,
        "interestExpense": 0,
        "depreciationAndAmortization": 18900000,
        "ebitda": 198200000,
        "ebitdaratio": 0.0395167079,
        "operatingIncome": 179300000,
        "operatingIncomeRatio": 0.0357484648,
        "totalOtherIncomeExpensesNet": -11200000,
        "incomeBeforeTax": 168100000,
        "incomeBeforeTaxRatio": 0.0335154319,
        "incomeTaxExpense": 64300000,
        "netIncome": 103800000,
        "netIncomeRatio": 0.0206954303,
        "eps": 0.32,
        "epsdiluted": 0.32,
        "weightedAverageShsOut": 320500000,
        "weightedAverageShsOutDil": 328800000,
        "link": "https://www.sec.gov/Archives/edgar/data/350698/000095014402008512/0000950144-02-008512-index.htm",
        "finalLink": "https://www.sec.gov/Archives/edgar/data/350698/000095014402008512/g77504e10vq.txt"
    },
    {
        "date": "2002-03-31",
        "symbol": "AN",
        "reportedCurrency": "USD",
        "cik": "0000350698",
        "fillingDate": "2002-05-03",
        "acceptedDate": "2002-05-03 16:47:21",
        "calendarYear": "2002",
        "period": "Q1",
        "revenue": 4750700000,
        "costOfRevenue": 4029000000,
        "grossProfit": 721700000,
        "grossProfitRatio": 0.1519144547,
        "researchAndDevelopmentExpenses": 0,
        "generalAndAdministrativeExpenses": 0,
        "sellingAndMarketingExpenses": 0,
        "sellingGeneralAndAdministrativeExpenses": 548100000,
        "otherExpenses": 173600000,
        "operatingExpenses": 721700000,
        "costAndExpenses": 4750700000,
        "interestIncome": 0,
        "interestExpense": 0,
        "depreciationAndAmortization": 17500000,
        "ebitda": 174600000,
        "ebitdaratio": 0.0367524786,
        "operatingIncome": 157100000,
        "operatingIncomeRatio": 0.0330688109,
        "totalOtherIncomeExpensesNet": -8600000,
        "incomeBeforeTax": 148500000,
        "incomeBeforeTaxRatio": 0.0312585514,
        "incomeTaxExpense": 56800000,
        "netIncome": 91700000,
        "netIncomeRatio": 0.0193024186,
        "eps": 0.29,
        "epsdiluted": 0.28,
        "weightedAverageShsOut": 321400000,
        "weightedAverageShsOutDil": 325900000,
        "link": "https://www.sec.gov/Archives/edgar/data/350698/000095014402004761/0000950144-02-004761-index.htm",
        "finalLink": "https://www.sec.gov/Archives/edgar/data/350698/000095014402004761/g76003e10-q.txt"
    },
    {
        "date": "2001-12-31",
        "symbol": "AN",
        "reportedCurrency": "USD",
        "cik": "0000350698",
        "fillingDate": "2002-03-28",
        "acceptedDate": "2002-03-28 00:00:00",
        "calendarYear": "2001",
        "period": "Q4",
        "revenue": 5148700000,
        "costOfRevenue": 4527200000,
        "grossProfit": 621500000,
        "grossProfitRatio": 0.1207100822,
        "researchAndDevelopmentExpenses": 0,
        "generalAndAdministrativeExpenses": 0,
        "sellingAndMarketingExpenses": 0,
        "sellingGeneralAndAdministrativeExpenses": 557800000,
        "otherExpenses": 63700000,
        "operatingExpenses": 621500000,
        "costAndExpenses": 5148700000,
        "interestIncome": 0,
        "interestExpense": 0,
        "depreciationAndAmortization": 43000000,
        "ebitda": -24000000,
        "ebitdaratio": -0.0046613708,
        "operatingIncome": -67000000,
        "operatingIncomeRatio": -0.0130129936,
        "totalOtherIncomeExpensesNet": 99100000,
        "incomeBeforeTax": 32100000,
        "incomeBeforeTaxRatio": 0.0062345835,
        "incomeTaxExpense": 12500000,
        "netIncome": 6900000,
        "netIncomeRatio": 0.0013401441,
        "eps": 0.021,
        "epsdiluted": 0.021,
        "weightedAverageShsOut": 321400000,
        "weightedAverageShsOutDil": 325900000,
        "link": "https://www.sec.gov/Archives/edgar/data/350698/000095014402002881/0000950144-02-002881-index.htm",
        "finalLink": "https://www.sec.gov/Archives/edgar/data/350698/000095014402002881/g74788e10-k405.txt"
    },
    {
        "date": "2001-09-30",
        "symbol": "AN",
        "reportedCurrency": "USD",
        "cik": "0000350698",
        "fillingDate": "2001-11-01",
        "acceptedDate": "2001-11-01 00:00:00",
        "calendarYear": "2001",
        "period": "Q3",
        "revenue": 5011500000,
        "costOfRevenue": 4252200000,
        "grossProfit": 759300000,
        "grossProfitRatio": 0.1515115235,
        "researchAndDevelopmentExpenses": 0,
        "generalAndAdministrativeExpenses": 0,
        "sellingAndMarketingExpenses": 0,
        "sellingGeneralAndAdministrativeExpenses": 554800000,
        "otherExpenses": 204500000,
        "operatingExpenses": 759300000,
        "costAndExpenses": 5011500000,
        "interestIncome": 0,
        "interestExpense": 0,
        "depreciationAndAmortization": 39400000,
        "ebitda": 205800000,
        "ebitdaratio": 0.0410655492,
        "operatingIncome": 166400000,
        "operatingIncomeRatio": 0.0332036316,
        "totalOtherIncomeExpensesNet": -36500000,
        "incomeBeforeTax": 129900000,
        "incomeBeforeTaxRatio": 0.0259203831,
        "incomeTaxExpense": 50700000,
        "netIncome": 79200000,
        "netIncomeRatio": 0.0158036516,
        "eps": 0.24,
        "epsdiluted": 0.24,
        "weightedAverageShsOut": 331200000,
        "weightedAverageShsOutDil": 333400000,
        "link": "https://www.sec.gov/Archives/edgar/data/350698/000095014401508300/0000950144-01-508300-index.htm",
        "finalLink": "https://www.sec.gov/Archives/edgar/data/350698/000095014401508300/g72410e10-q.txt"
    },
    {
        "date": "2001-06-30",
        "symbol": "AN",
        "reportedCurrency": "USD",
        "cik": "0000350698",
        "fillingDate": "2001-08-14",
        "acceptedDate": "2001-08-14 00:00:00",
        "calendarYear": "2001",
        "period": "Q2",
        "revenue": 4945000000,
        "costOfRevenue": 4186800000,
        "grossProfit": 758200000,
        "grossProfitRatio": 0.1533265925,
        "researchAndDevelopmentExpenses": 0,
        "generalAndAdministrativeExpenses": 0,
        "sellingAndMarketingExpenses": 0,
        "sellingGeneralAndAdministrativeExpenses": 544500000,
        "otherExpenses": 178600000,
        "operatingExpenses": 723100000,
        "costAndExpenses": 4945000000,
        "interestIncome": 0,
        "interestExpense": 0,
        "depreciationAndAmortization": 36800000,
        "ebitda": 190600000,
        "ebitdaratio": 0.0385439838,
        "operatingIncome": 153800000,
        "operatingIncomeRatio": 0.0311021234,
        "totalOtherIncomeExpensesNet": -12300000,
        "incomeBeforeTax": 141500000,
        "incomeBeforeTaxRatio": 0.0286147624,
        "incomeTaxExpense": 55200000,
        "netIncome": 86300000,
        "netIncomeRatio": 0.0174519717,
        "eps": 0.26,
        "epsdiluted": 0.26,
        "weightedAverageShsOut": 334700000,
        "weightedAverageShsOutDil": 337000000,
        "link": "https://www.sec.gov/Archives/edgar/data/350698/000095014401505932/0000950144-01-505932-index.htm",
        "finalLink": "https://www.sec.gov/Archives/edgar/data/350698/000095014401505932/g71229e10-q.txt"
    },
    {
        "date": "2001-03-31",
        "symbol": "AN",
        "reportedCurrency": "USD",
        "cik": "0000350698",
        "fillingDate": "2001-05-14",
        "acceptedDate": "2001-05-14 00:00:00",
        "calendarYear": "2001",
        "period": "Q1",
        "revenue": 4887000000,
        "costOfRevenue": 4149200000,
        "grossProfit": 737800000,
        "grossProfitRatio": 0.1509719664,
        "researchAndDevelopmentExpenses": 0,
        "generalAndAdministrativeExpenses": 0,
        "sellingAndMarketingExpenses": 0,
        "sellingGeneralAndAdministrativeExpenses": 549300000,
        "otherExpenses": 188500000,
        "operatingExpenses": 737800000,
        "costAndExpenses": 4887000000,
        "interestIncome": 0,
        "interestExpense": 0,
        "depreciationAndAmortization": 35600000,
        "ebitda": 188500000,
        "ebitdaratio": 0.0385717209,
        "operatingIncome": 152900000,
        "operatingIncomeRatio": 0.0312870882,
        "totalOtherIncomeExpensesNet": -55600000,
        "incomeBeforeTax": 97300000,
        "incomeBeforeTaxRatio": 0.0199099652,
        "incomeTaxExpense": 37400000,
        "netIncome": 59900000,
        "netIncomeRatio": 0.0122570084,
        "eps": 0.17,
        "epsdiluted": 0.17,
        "weightedAverageShsOut": 343800000,
        "weightedAverageShsOutDil": 344300000,
        "link": "https://www.sec.gov/Archives/edgar/data/350698/000095014401502199/0000950144-01-502199-index.htm",
        "finalLink": "https://www.sec.gov/Archives/edgar/data/350698/000095014401502199/g69306qe10-q.txt"
    },
    {
        "date": "2000-12-31",
        "symbol": "AN",
        "reportedCurrency": "USD",
        "cik": "0000350698",
        "fillingDate": "2001-03-30",
        "acceptedDate": "2001-03-30 00:00:00",
        "calendarYear": "2000",
        "period": "Q4",
        "revenue": 4701800000,
        "costOfRevenue": 3982800000,
        "grossProfit": 719000000,
        "grossProfitRatio": 0.1529201582,
        "researchAndDevelopmentExpenses": 0,
        "generalAndAdministrativeExpenses": 0,
        "sellingAndMarketingExpenses": 0,
        "sellingGeneralAndAdministrativeExpenses": 554200000,
        "otherExpenses": 164800000,
        "operatingExpenses": 719000000,
        "costAndExpenses": 4701800000,
        "interestIncome": 0,
        "interestExpense": 0,
        "depreciationAndAmortization": 32700000,
        "ebitda": 164800000,
        "ebitdaratio": 0.0350504062,
        "operatingIncome": 132100000,
        "operatingIncomeRatio": 0.028095623,
        "totalOtherIncomeExpensesNet": -14100000,
        "incomeBeforeTax": 118000000,
        "incomeBeforeTaxRatio": 0.0250967714,
        "incomeTaxExpense": 44300000,
        "netIncome": 73700000,
        "netIncomeRatio": 0.0156748479,
        "eps": 0.21,
        "epsdiluted": 0.21,
        "weightedAverageShsOut": 343800000,
        "weightedAverageShsOutDil": 344300000,
        "link": "https://www.sec.gov/Archives/edgar/data/350698/000095016801000660/0000950168-01-000660-index.htm",
        "finalLink": "https://www.sec.gov/Archives/edgar/data/350698/000095016801000660/0000950168-01-000660-0001.txt"
    },
    {
        "date": "2000-09-30",
        "symbol": "AN",
        "reportedCurrency": "USD",
        "cik": "0000350698",
        "fillingDate": "2000-11-14",
        "acceptedDate": "2000-11-14 00:00:00",
        "calendarYear": "2000",
        "period": "Q3",
        "revenue": 5338100000,
        "costOfRevenue": 4560700000,
        "grossProfit": 777400000,
        "grossProfitRatio": 0.1456323411,
        "researchAndDevelopmentExpenses": 0,
        "generalAndAdministrativeExpenses": 0,
        "sellingAndMarketingExpenses": 0,
        "sellingGeneralAndAdministrativeExpenses": 540300000,
        "otherExpenses": 237100000,
        "operatingExpenses": 777400000,
        "costAndExpenses": 5338100000,
        "interestIncome": 0,
        "interestExpense": 0,
        "depreciationAndAmortization": 35000000,
        "ebitda": 237100000,
        "ebitdaratio": 0.0444165527,
        "operatingIncome": 202100000,
        "operatingIncomeRatio": 0.0378599127,
        "totalOtherIncomeExpensesNet": -53100000,
        "incomeBeforeTax": 149000000,
        "incomeBeforeTaxRatio": 0.0279125532,
        "incomeTaxExpense": 55900000,
        "netIncome": 93100000,
        "netIncomeRatio": 0.0174406624,
        "eps": 0.26,
        "epsdiluted": 0.26,
        "weightedAverageShsOut": 361300000,
        "weightedAverageShsOutDil": 361300000,
        "link": "https://www.sec.gov/Archives/edgar/data/350698/000095014400013755/0000950144-00-013755-index.htm",
        "finalLink": "https://www.sec.gov/Archives/edgar/data/350698/000095014400013755/g65055e10-q.txt"
    },
    {
        "date": "2000-06-30",
        "symbol": "AN",
        "reportedCurrency": "USD",
        "cik": "0000350698",
        "fillingDate": "2000-08-14",
        "acceptedDate": "2000-08-14 00:00:00",
        "calendarYear": "2000",
        "period": "Q2",
        "revenue": 5339500000,
        "costOfRevenue": 4600600000,
        "grossProfit": 738900000,
        "grossProfitRatio": 0.1383837438,
        "researchAndDevelopmentExpenses": 0,
        "generalAndAdministrativeExpenses": 0,
        "sellingAndMarketingExpenses": 0,
        "sellingGeneralAndAdministrativeExpenses": 544400000,
        "otherExpenses": 194500000,
        "operatingExpenses": 738900000,
        "costAndExpenses": 5339500000,
        "interestIncome": 0,
        "interestExpense": 0,
        "depreciationAndAmortization": 33000000,
        "ebitda": 194500000,
        "ebitdaratio": 0.0364266317,
        "operatingIncome": 161500000,
        "operatingIncomeRatio": 0.0302462777,
        "totalOtherIncomeExpensesNet": -7000000,
        "incomeBeforeTax": 154500000,
        "incomeBeforeTaxRatio": 0.0289352936,
        "incomeTaxExpense": 57900000,
        "netIncome": 100800000,
        "netIncomeRatio": 0.0188781721,
        "eps": 0.28,
        "epsdiluted": 0.28,
        "weightedAverageShsOut": 361100000,
        "weightedAverageShsOutDil": 361300000,
        "link": "https://www.sec.gov/Archives/edgar/data/350698/000095014400010358/0000950144-00-010358-index.htm",
        "finalLink": "https://www.sec.gov/Archives/edgar/data/350698/000095014400010358/e10-q.txt"
    },
    {
        "date": "2000-03-31",
        "symbol": "AN",
        "reportedCurrency": "USD",
        "cik": "0000350698",
        "fillingDate": "2000-05-15",
        "acceptedDate": "2000-05-15 00:00:00",
        "calendarYear": "2000",
        "period": "Q1",
        "revenue": 5230200000,
        "costOfRevenue": 4520000000,
        "grossProfit": 710200000,
        "grossProfitRatio": 0.1357883064,
        "researchAndDevelopmentExpenses": 0,
        "generalAndAdministrativeExpenses": 0,
        "sellingAndMarketingExpenses": 0,
        "sellingGeneralAndAdministrativeExpenses": 550800000,
        "otherExpenses": 159400000,
        "operatingExpenses": 710200000,
        "costAndExpenses": 5230200000,
        "interestIncome": 0,
        "interestExpense": 0,
        "depreciationAndAmortization": 33100000,
        "ebitda": 159400000,
        "ebitdaratio": 0.030476846,
        "operatingIncome": 126300000,
        "operatingIncomeRatio": 0.0241482161,
        "totalOtherIncomeExpensesNet": -22800000,
        "incomeBeforeTax": 103500000,
        "incomeBeforeTaxRatio": 0.0197889182,
        "incomeTaxExpense": 38800000,
        "netIncome": 62300000,
        "netIncomeRatio": 0.0119115904,
        "eps": 0.17,
        "epsdiluted": 0.17,
        "weightedAverageShsOut": 367300000,
        "weightedAverageShsOutDil": 367500000,
        "link": "https://www.sec.gov/Archives/edgar/data/350698/000095014400006745/0000950144-00-006745-index.html",
        "finalLink": "https://www.sec.gov/Archives/edgar/data/350698/000095014400006745/"
    },
    {
        "date": "1999-12-31",
        "symbol": "AN",
        "reportedCurrency": "USD",
        "cik": "0000350698",
        "fillingDate": "2000-03-30",
        "acceptedDate": "2000-03-30 00:00:00",
        "calendarYear": "1999",
        "period": "Q4",
        "revenue": 5019800000,
        "costOfRevenue": 4339500000,
        "grossProfit": 680300000,
        "grossProfitRatio": 0.1355233276,
        "researchAndDevelopmentExpenses": 0,
        "generalAndAdministrativeExpenses": 0,
        "sellingAndMarketingExpenses": 0,
        "sellingGeneralAndAdministrativeExpenses": 633400000,
        "otherExpenses": 46900000,
        "operatingExpenses": 680300000,
        "costAndExpenses": 5019800000,
        "interestIncome": 0,
        "interestExpense": 0,
        "depreciationAndAmortization": 35100000,
        "ebitda": 46900000,
        "ebitdaratio": 0.0093430017,
        "operatingIncome": 11800000,
        "operatingIncomeRatio": 0.0023506913,
        "totalOtherIncomeExpensesNet": -427000000,
        "incomeBeforeTax": -415200000,
        "incomeBeforeTaxRatio": -0.0827124587,
        "incomeTaxExpense": -135600000,
        "netIncome": -403100000,
        "netIncomeRatio": -0.0803020041,
        "eps": -1.1,
        "epsdiluted": -1.1,
        "weightedAverageShsOut": 367300000,
        "weightedAverageShsOutDil": 367500000,
        "link": "https://www.sec.gov/Archives/edgar/data/350698/000095014400004282/0000950144-00-004282-index.html",
        "finalLink": "https://www.sec.gov/Archives/edgar/data/350698/000095014400004282/"
    },
    {
        "date": "1999-09-30",
        "symbol": "AN",
        "reportedCurrency": "USD",
        "cik": "0000350698",
        "fillingDate": "1999-11-12",
        "acceptedDate": "1999-11-12 00:00:00",
        "calendarYear": "1999",
        "period": "Q3",
        "revenue": 5459700000,
        "costOfRevenue": 4677700000,
        "grossProfit": 782000000,
        "grossProfitRatio": 0.1432313131,
        "researchAndDevelopmentExpenses": 0,
        "generalAndAdministrativeExpenses": 0,
        "sellingAndMarketingExpenses": 0,
        "sellingGeneralAndAdministrativeExpenses": 608600000,
        "otherExpenses": 173400000,
        "operatingExpenses": 782000000,
        "costAndExpenses": 5459700000,
        "interestIncome": 0,
        "interestExpense": 0,
        "depreciationAndAmortization": 32000000,
        "ebitda": 173400000,
        "ebitdaratio": 0.0317599868,
        "operatingIncome": 141400000,
        "operatingIncomeRatio": 0.0258988589,
        "totalOtherIncomeExpensesNet": 3300000,
        "incomeBeforeTax": 144700000,
        "incomeBeforeTaxRatio": 0.0265032877,
        "incomeTaxExpense": 52100000,
        "netIncome": 104700000,
        "netIncomeRatio": 0.0191768779,
        "eps": 0.25,
        "epsdiluted": 0.24,
        "weightedAverageShsOut": 418800000,
        "weightedAverageShsOutDil": 436250000,
        "link": "https://www.sec.gov/Archives/edgar/data/350698/000095014499012718/0000950144-99-012718-index.html",
        "finalLink": "https://www.sec.gov/Archives/edgar/data/350698/000095014499012718/"
    },
    {
        "date": "1999-06-30",
        "symbol": "AN",
        "reportedCurrency": "USD",
        "cik": "0000350698",
        "fillingDate": "1999-08-13",
        "acceptedDate": "1999-08-13 00:00:00",
        "calendarYear": "1999",
        "period": "Q2",
        "revenue": 5069600000,
        "costOfRevenue": 4571400000,
        "grossProfit": 498200000,
        "grossProfitRatio": 0.098272053,
        "researchAndDevelopmentExpenses": 0,
        "generalAndAdministrativeExpenses": 0,
        "sellingAndMarketingExpenses": 0,
        "sellingGeneralAndAdministrativeExpenses": 551900000,
        "otherExpenses": -53700000,
        "operatingExpenses": 498200000,
        "costAndExpenses": 5069600000,
        "interestIncome": 0,
        "interestExpense": 0,
        "depreciationAndAmortization": -208600000,
        "ebitda": -53700000,
        "ebitdaratio": -0.0105925517,
        "operatingIncome": 154900000,
        "operatingIncomeRatio": 0.0305546789,
        "totalOtherIncomeExpensesNet": -3200000,
        "incomeBeforeTax": 151700000,
        "incomeBeforeTaxRatio": 0.0299234654,
        "incomeTaxExpense": 54600000,
        "netIncome": 501200000,
        "netIncomeRatio": 0.0988638157,
        "eps": 1.13,
        "epsdiluted": 1.11,
        "weightedAverageShsOut": 444300000,
        "weightedAverageShsOutDil": 453100000,
        "link": "https://www.sec.gov/Archives/edgar/data/350698/000095014499010179/0000950144-99-010179-index.html",
        "finalLink": "https://www.sec.gov/Archives/edgar/data/350698/000095014499010179/"
    },
    {
        "date": "1999-03-31",
        "symbol": "AN",
        "reportedCurrency": "USD",
        "cik": "0000350698",
        "fillingDate": "1999-05-13",
        "acceptedDate": "1999-05-13 00:00:00",
        "calendarYear": "1999",
        "period": "Q1",
        "revenue": 5353700000,
        "costOfRevenue": 4321400000,
        "grossProfit": 1032300000,
        "grossProfitRatio": 0.1928199189,
        "researchAndDevelopmentExpenses": 0,
        "generalAndAdministrativeExpenses": 0,
        "sellingAndMarketingExpenses": 0,
        "sellingGeneralAndAdministrativeExpenses": 683900000,
        "otherExpenses": 348400000,
        "operatingExpenses": 1032300000,
        "costAndExpenses": 5353700000,
        "interestIncome": 0,
        "interestExpense": 0,
        "depreciationAndAmortization": 264500000,
        "ebitda": 348400000,
        "ebitdaratio": 0.0650764892,
        "operatingIncome": 83900000,
        "operatingIncomeRatio": 0.0156714048,
        "totalOtherIncomeExpensesNet": -4700000,
        "incomeBeforeTax": 79200000,
        "incomeBeforeTaxRatio": 0.0147935073,
        "incomeTaxExpense": 28500000,
        "netIncome": 80100000,
        "netIncomeRatio": 0.0149616153,
        "eps": 0.18,
        "epsdiluted": 0.17,
        "weightedAverageShsOut": 445000000,
        "weightedAverageShsOutDil": 471176471,
        "link": "https://www.sec.gov/Archives/edgar/data/350698/000095014499005764/0000950144-99-005764-index.html",
        "finalLink": "https://www.sec.gov/Archives/edgar/data/350698/"
    },
    {
        "date": "1998-12-31",
        "symbol": "AN",
        "reportedCurrency": "USD",
        "cik": "0000350698",
        "fillingDate": "1999-03-31",
        "acceptedDate": "1999-03-31 00:00:00",
        "calendarYear": "1998",
        "period": "Q4",
        "revenue": 3456400000,
        "costOfRevenue": 2885900000,
        "grossProfit": 570500000,
        "grossProfitRatio": 0.1650561278,
        "researchAndDevelopmentExpenses": 0,
        "generalAndAdministrativeExpenses": 0,
        "sellingAndMarketingExpenses": 0,
        "sellingGeneralAndAdministrativeExpenses": 477600000,
        "otherExpenses": 92900000,
        "operatingExpenses": 570500000,
        "costAndExpenses": 3456400000,
        "interestIncome": 0,
        "interestExpense": 0,
        "depreciationAndAmortization": 197000000,
        "ebitda": 92900000,
        "ebitdaratio": 0.0268776762,
        "operatingIncome": -104100000,
        "operatingIncomeRatio": -0.0301180419,
        "totalOtherIncomeExpensesNet": 17200000,
        "incomeBeforeTax": -86900000,
        "incomeBeforeTaxRatio": -0.025141766,
        "incomeTaxExpense": -37300000,
        "netIncome": 115300000,
        "netIncomeRatio": 0.0333584076,
        "eps": 0.26,
        "epsdiluted": 0.24,
        "weightedAverageShsOut": 445000000,
        "weightedAverageShsOutDil": 471176471,
        "link": "https://www.sec.gov/Archives/edgar/data/350698/000095014499003789/0000950144-99-003789-index.html",
        "finalLink": "https://www.sec.gov/Archives/edgar/data/350698/"
    },
    {
        "date": "1998-09-30",
        "symbol": "AN",
        "reportedCurrency": "USD",
        "cik": "0000350698",
        "fillingDate": "1998-11-13",
        "acceptedDate": "1998-11-13 00:00:00",
        "calendarYear": "1998",
        "period": "Q3",
        "revenue": 4868600000,
        "costOfRevenue": 3659600000,
        "grossProfit": 1209000000,
        "grossProfitRatio": 0.2483260075,
        "researchAndDevelopmentExpenses": 0,
        "generalAndAdministrativeExpenses": 0,
        "sellingAndMarketingExpenses": 0,
        "sellingGeneralAndAdministrativeExpenses": 593100000,
        "otherExpenses": 139500000,
        "operatingExpenses": 524600000,
        "costAndExpenses": 3508000000,
        "interestIncome": 0,
        "interestExpense": 0,
        "depreciationAndAmortization": 19800000,
        "ebitda": 139500000,
        "ebitdaratio": 0.0286530009,
        "operatingIncome": 119700000,
        "operatingIncomeRatio": 0.0245861233,
        "totalOtherIncomeExpensesNet": 7300000,
        "incomeBeforeTax": 127000000,
        "incomeBeforeTaxRatio": 0.0260855277,
        "incomeTaxExpense": 45700000,
        "netIncome": 179700000,
        "netIncomeRatio": 0.0369099947,
        "eps": 0.39,
        "epsdiluted": 0.38,
        "weightedAverageShsOut": 460769231,
        "weightedAverageShsOutDil": 472894737,
        "link": "https://www.sec.gov/Archives/edgar/data/350698/000095014498012664/0000950144-98-012664-index.html",
        "finalLink": "https://www.sec.gov/Archives/edgar/data/350698/"
    },
    {
        "date": "1998-06-30",
        "symbol": "AN",
        "reportedCurrency": "USD",
        "cik": "0000350698",
        "fillingDate": "1998-09-11",
        "acceptedDate": "1998-09-11 00:00:00",
        "calendarYear": "1998",
        "period": "Q2",
        "revenue": 4373300000,
        "costOfRevenue": 3348800000,
        "grossProfit": 1024500000,
        "grossProfitRatio": 0.2342624563,
        "researchAndDevelopmentExpenses": 0,
        "generalAndAdministrativeExpenses": 0,
        "sellingAndMarketingExpenses": 0,
        "sellingGeneralAndAdministrativeExpenses": 525200000,
        "otherExpenses": -69100000,
        "operatingExpenses": 267600000,
        "costAndExpenses": 3172600000,
        "interestIncome": 0,
        "interestExpense": 0,
        "depreciationAndAmortization": -218900000,
        "ebitda": -69100000,
        "ebitdaratio": -0.0158004253,
        "operatingIncome": 94900000,
        "operatingIncomeRatio": 0.0216998605,
        "totalOtherIncomeExpensesNet": -10200000,
        "incomeBeforeTax": 84700000,
        "incomeBeforeTaxRatio": 0.0193675257,
        "incomeTaxExpense": 30500000,
        "netIncome": 127400000,
        "netIncomeRatio": 0.0291313196,
        "eps": 0.28,
        "epsdiluted": 0.27,
        "weightedAverageShsOut": 455000000,
        "weightedAverageShsOutDil": 471851852,
        "link": "https://www.sec.gov/Archives/edgar/data/350698/000095014498010655/0000950144-98-010655-index.html",
        "finalLink": "https://www.sec.gov/Archives/edgar/data/350698/0000950144-98-010655.txt"
    },
    {
        "date": "1998-03-31",
        "symbol": "AN",
        "reportedCurrency": "USD",
        "cik": "0000350698",
        "fillingDate": "1998-09-11",
        "acceptedDate": "1998-09-11 00:00:00",
        "calendarYear": "1998",
        "period": "Q1",
        "revenue": 3419900000,
        "costOfRevenue": 2586600000,
        "grossProfit": 833300000,
        "grossProfitRatio": 0.2436620954,
        "researchAndDevelopmentExpenses": 0,
        "generalAndAdministrativeExpenses": 0,
        "sellingAndMarketingExpenses": 0,
        "sellingGeneralAndAdministrativeExpenses": 454600000,
        "otherExpenses": 315900000,
        "operatingExpenses": 742200000,
        "costAndExpenses": 3119100000,
        "interestIncome": 0,
        "interestExpense": 0,
        "depreciationAndAmortization": 254600000,
        "ebitda": 315900000,
        "ebitdaratio": 0.092371122,
        "operatingIncome": 61300000,
        "operatingIncomeRatio": 0.0179245007,
        "totalOtherIncomeExpensesNet": -3800000,
        "incomeBeforeTax": 57500000,
        "incomeBeforeTaxRatio": 0.0168133571,
        "incomeTaxExpense": 20700000,
        "netIncome": 77100000,
        "netIncomeRatio": 0.0225445188,
        "eps": 0.18,
        "epsdiluted": 0.18,
        "weightedAverageShsOut": 428333333,
        "weightedAverageShsOutDil": 428333333,
        "link": "https://www.sec.gov/Archives/edgar/data/350698/000095014498010654/0000950144-98-010654-index.html",
        "finalLink": "https://www.sec.gov/Archives/edgar/data/350698/0000950144-98-010654.txt"
    },
    {
        "date": "1997-12-31",
        "symbol": "AN",
        "reportedCurrency": "USD",
        "cik": "0000350698",
        "fillingDate": "1998-09-11",
        "acceptedDate": "1998-09-11 00:00:00",
        "calendarYear": "1997",
        "period": "Q4",
        "revenue": 2928200000,
        "costOfRevenue": 2456000000,
        "grossProfit": 472200000,
        "grossProfitRatio": 0.1612594768,
        "researchAndDevelopmentExpenses": 0,
        "generalAndAdministrativeExpenses": 0,
        "sellingAndMarketingExpenses": 0,
        "sellingGeneralAndAdministrativeExpenses": 390000000,
        "otherExpenses": 82200000,
        "operatingExpenses": 472200000,
        "costAndExpenses": 2928200000,
        "interestIncome": 0,
        "interestExpense": 0,
        "depreciationAndAmortization": 49900000,
        "ebitda": 82200000,
        "ebitdaratio": 0.028071853,
        "operatingIncome": 32300000,
        "operatingIncomeRatio": 0.0110306673,
        "totalOtherIncomeExpensesNet": -77000000,
        "incomeBeforeTax": -44700000,
        "incomeBeforeTaxRatio": -0.0152653507,
        "incomeTaxExpense": -15900000,
        "netIncome": 201200000,
        "netIncomeRatio": 0.0687111536,
        "eps": 0.47,
        "epsdiluted": 0.44,
        "weightedAverageShsOut": 428333333,
        "weightedAverageShsOutDil": 453529412,
        "link": "https://www.sec.gov/Archives/edgar/data/350698/000095014498010653/0000950144-98-010653-index.html",
        "finalLink": "https://www.sec.gov/Archives/edgar/data/350698/0000950144-98-010653.txt"
    },
    {
        "date": "1997-09-30",
        "symbol": "AN",
        "reportedCurrency": "USD",
        "cik": "0000350698",
        "fillingDate": "1997-11-12",
        "acceptedDate": "1997-11-12 00:00:00",
        "calendarYear": "1997",
        "period": "Q3",
        "revenue": 3123600000,
        "costOfRevenue": 1892100000,
        "grossProfit": 1231500000,
        "grossProfitRatio": 0.394256627,
        "researchAndDevelopmentExpenses": 0,
        "generalAndAdministrativeExpenses": 0,
        "sellingAndMarketingExpenses": 0,
        "sellingGeneralAndAdministrativeExpenses": 341000000,
        "otherExpenses": 688200000,
        "operatingExpenses": 1029200000,
        "costAndExpenses": 2921300000,
        "interestIncome": 0,
        "interestExpense": 0,
        "depreciationAndAmortization": 497900000,
        "ebitda": 688200000,
        "ebitdaratio": 0.2203227046,
        "operatingIncome": 190300000,
        "operatingIncomeRatio": 0.0609232936,
        "totalOtherIncomeExpensesNet": 1500000,
        "incomeBeforeTax": 191800000,
        "incomeBeforeTaxRatio": 0.0614035088,
        "incomeTaxExpense": 69700000,
        "netIncome": 125300000,
        "netIncomeRatio": 0.0401139711,
        "eps": 0.31,
        "epsdiluted": 0.29,
        "weightedAverageShsOut": 404193548,
        "weightedAverageShsOutDil": 432068966,
        "link": "https://www.sec.gov/Archives/edgar/data/350698/000095014497011800/0000950144-97-011800-index.html",
        "finalLink": "https://www.sec.gov/Archives/edgar/data/350698/"
    },
    {
        "date": "1997-06-30",
        "symbol": "AN",
        "reportedCurrency": "USD",
        "cik": "0000350698",
        "fillingDate": "1997-08-14",
        "acceptedDate": "1997-08-14 00:00:00",
        "calendarYear": "1997",
        "period": "Q2",
        "revenue": 2513900000,
        "costOfRevenue": 1719800000,
        "grossProfit": 794100000,
        "grossProfitRatio": 0.3158836867,
        "researchAndDevelopmentExpenses": 0,
        "generalAndAdministrativeExpenses": 0,
        "sellingAndMarketingExpenses": 0,
        "sellingGeneralAndAdministrativeExpenses": 301800000,
        "otherExpenses": 352500000,
        "operatingExpenses": 657100000,
        "costAndExpenses": 2513900000,
        "interestIncome": 0,
        "interestExpense": 0,
        "depreciationAndAmortization": 250800000,
        "ebitda": 357100000,
        "ebitdaratio": 0.1420502009,
        "operatingIncome": 106300000,
        "operatingIncomeRatio": 0.042284896,
        "totalOtherIncomeExpensesNet": 5300000,
        "incomeBeforeTax": 111600000,
        "incomeBeforeTaxRatio": 0.044393174,
        "incomeTaxExpense": 40700000,
        "netIncome": 74500000,
        "netIncomeRatio": 0.0296352281,
        "eps": 0.19,
        "epsdiluted": 0.18,
        "weightedAverageShsOut": 392105263,
        "weightedAverageShsOutDil": 413888889,
        "link": "https://www.sec.gov/Archives/edgar/data/350698/000095014497009226/0000950144-97-009226-index.html",
        "finalLink": "https://www.sec.gov/Archives/edgar/data/350698/"
    },
    {
        "date": "1997-03-31",
        "symbol": "AN",
        "reportedCurrency": "USD",
        "cik": "0000350698",
        "fillingDate": "1997-05-12",
        "acceptedDate": "1997-05-12 00:00:00",
        "calendarYear": "1997",
        "period": "Q1",
        "revenue": 1504000000,
        "costOfRevenue": 1031500000,
        "grossProfit": 472500000,
        "grossProfitRatio": 0.314162234,
        "researchAndDevelopmentExpenses": 0,
        "generalAndAdministrativeExpenses": 0,
        "sellingAndMarketingExpenses": 0,
        "sellingGeneralAndAdministrativeExpenses": 229400000,
        "otherExpenses": 243100000,
        "operatingExpenses": 472500000,
        "costAndExpenses": 1504000000,
        "interestIncome": 0,
        "interestExpense": 0,
        "depreciationAndAmortization": 203100000,
        "ebitda": 243100000,
        "ebitdaratio": 0.1616356383,
        "operatingIncome": 40000000,
        "operatingIncomeRatio": 0.0265957447,
        "totalOtherIncomeExpensesNet": 5900000,
        "incomeBeforeTax": 45900000,
        "incomeBeforeTaxRatio": 0.030518617,
        "incomeTaxExpense": 17000000,
        "netIncome": 28900000,
        "netIncomeRatio": 0.0192154255,
        "eps": 0.09,
        "epsdiluted": 0.09,
        "weightedAverageShsOut": 321111111,
        "weightedAverageShsOutDil": 321111111,
        "link": "https://www.sec.gov/Archives/edgar/data/350698/000095014497005497/0000950144-97-005497-index.html",
        "finalLink": "https://www.sec.gov/Archives/edgar/data/350698/"
    },
    {
        "date": "1996-12-31",
        "symbol": "AN",
        "reportedCurrency": "USD",
        "cik": "0000350698",
        "fillingDate": "1997-02-27",
        "acceptedDate": "1997-02-27 00:00:00",
        "calendarYear": "1996",
        "period": "Q4",
        "revenue": 1942100000,
        "costOfRevenue": 422700000,
        "grossProfit": 1519400000,
        "grossProfitRatio": 0.7823490037,
        "researchAndDevelopmentExpenses": 0,
        "generalAndAdministrativeExpenses": 0,
        "sellingAndMarketingExpenses": 0,
        "sellingGeneralAndAdministrativeExpenses": 1020100000,
        "otherExpenses": 499300000,
        "operatingExpenses": 1519400000,
        "costAndExpenses": 1942100000,
        "interestIncome": 0,
        "interestExpense": 0,
        "depreciationAndAmortization": 512600000,
        "ebitda": 499300000,
        "ebitdaratio": 0.2570928376,
        "operatingIncome": -13300000,
        "operatingIncomeRatio": -0.006848257,
        "totalOtherIncomeExpensesNet": -56700000,
        "incomeBeforeTax": -70000000,
        "incomeBeforeTaxRatio": -0.0360434581,
        "incomeTaxExpense": -4100000,
        "netIncome": -97500000,
        "netIncomeRatio": -0.0502033881,
        "eps": -0.3,
        "epsdiluted": -0.3,
        "weightedAverageShsOut": 321111111,
        "weightedAverageShsOutDil": 321111111,
        "link": "https://www.sec.gov/Archives/edgar/data/350698/000095014497001873/0000950144-97-001873-index.html",
        "finalLink": "https://www.sec.gov/Archives/edgar/data/350698/"
    },
    {
        "date": "1996-09-30",
        "symbol": "AN",
        "reportedCurrency": "USD",
        "cik": "0000350698",
        "fillingDate": "1996-11-14",
        "acceptedDate": "1996-11-14 00:00:00",
        "calendarYear": "1996",
        "period": "Q3",
        "revenue": 155700000,
        "costOfRevenue": 102500000,
        "grossProfit": 53200000,
        "grossProfitRatio": 0.3416827232,
        "researchAndDevelopmentExpenses": 0,
        "generalAndAdministrativeExpenses": 0,
        "sellingAndMarketingExpenses": 0,
        "sellingGeneralAndAdministrativeExpenses": 24100000,
        "otherExpenses": 29100000,
        "operatingExpenses": 53200000,
        "costAndExpenses": 155700000,
        "interestIncome": 0,
        "interestExpense": 0,
        "depreciationAndAmortization": 11100000,
        "ebitda": 29100000,
        "ebitdaratio": 0.1868978805,
        "operatingIncome": 18000000,
        "operatingIncomeRatio": 0.1156069364,
        "totalOtherIncomeExpensesNet": 6600000,
        "incomeBeforeTax": 24600000,
        "incomeBeforeTaxRatio": 0.1579961464,
        "incomeTaxExpense": 8600000,
        "netIncome": 16000000,
        "netIncomeRatio": 0.1027617213,
        "eps": 0.14,
        "epsdiluted": 0.12,
        "weightedAverageShsOut": 177500000,
        "weightedAverageShsOutDil": 189333333,
        "link": "https://www.sec.gov/Archives/edgar/data/350698/000095014496008269/0000950144-96-008269-index.html",
        "finalLink": "https://www.sec.gov/Archives/edgar/data/350698/"
    },
    {
        "date": "1996-06-30",
        "symbol": "AN",
        "reportedCurrency": "USD",
        "cik": "0000350698",
        "fillingDate": "1996-08-14",
        "acceptedDate": "1996-08-14 00:00:00",
        "calendarYear": "1996",
        "period": "Q2",
        "revenue": 138700000,
        "costOfRevenue": 81700000,
        "grossProfit": 57000000,
        "grossProfitRatio": 0.4109589041,
        "researchAndDevelopmentExpenses": 0,
        "generalAndAdministrativeExpenses": 0,
        "sellingAndMarketingExpenses": 0,
        "sellingGeneralAndAdministrativeExpenses": 22400000,
        "otherExpenses": 269000000,
        "operatingExpenses": 495700000,
        "costAndExpenses": 1501300000,
        "interestIncome": 0,
        "interestExpense": 0,
        "depreciationAndAmortization": 376300000,
        "ebitda": 432600000,
        "ebitdaratio": 3.118961788,
        "operatingIncome": 56300000,
        "operatingIncomeRatio": 0.4059120404,
        "totalOtherIncomeExpensesNet": -1700000,
        "incomeBeforeTax": 54600000,
        "incomeBeforeTaxRatio": 0.3936553713,
        "incomeTaxExpense": 24600000,
        "netIncome": 30000000,
        "netIncomeRatio": 0.2162941601,
        "eps": 0.08,
        "epsdiluted": 0.08,
        "weightedAverageShsOut": 186666667,
        "weightedAverageShsOutDil": 186666667,
        "link": "https://www.sec.gov/Archives/edgar/data/350698/000095014496005648/0000950144-96-005648-index.html",
        "finalLink": "https://www.sec.gov/Archives/edgar/data/350698/"
    },
    {
        "date": "1996-03-31",
        "symbol": "AN",
        "reportedCurrency": "USD",
        "cik": "0000350698",
        "fillingDate": "1996-05-15",
        "acceptedDate": "1996-05-15 00:00:00",
        "calendarYear": "1996",
        "period": "Q1",
        "revenue": 99600000,
        "costOfRevenue": 58300000,
        "grossProfit": 41300000,
        "grossProfitRatio": 0.4146586345,
        "researchAndDevelopmentExpenses": 0,
        "generalAndAdministrativeExpenses": 0,
        "sellingAndMarketingExpenses": 0,
        "sellingGeneralAndAdministrativeExpenses": 18300000,
        "otherExpenses": 23000000,
        "operatingExpenses": 41300000,
        "costAndExpenses": 99600000,
        "interestIncome": 0,
        "interestExpense": 0,
        "depreciationAndAmortization": 6700000,
        "ebitda": 23000000,
        "ebitdaratio": 0.2309236948,
        "operatingIncome": 16300000,
        "operatingIncomeRatio": 0.1636546185,
        "totalOtherIncomeExpensesNet": 1800000,
        "incomeBeforeTax": 18100000,
        "incomeBeforeTaxRatio": 0.1817269076,
        "incomeTaxExpense": 6900000,
        "netIncome": 11200000,
        "netIncomeRatio": 0.1124497992,
        "eps": 0.06,
        "epsdiluted": 0.06,
        "weightedAverageShsOut": 186666667,
        "weightedAverageShsOutDil": 186666667,
        "link": "https://www.sec.gov/Archives/edgar/data/350698/000095014496002555/0000950144-96-002555-index.html",
        "finalLink": "https://www.sec.gov/Archives/edgar/data/350698/"
    },
    {
        "date": "1995-12-31",
        "symbol": "AN",
        "reportedCurrency": "USD",
        "cik": "0000350698",
        "fillingDate": "1996-03-28",
        "acceptedDate": "1996-03-28 00:00:00",
        "calendarYear": "1995",
        "period": "Q4",
        "revenue": 196100000,
        "costOfRevenue": 111400000,
        "grossProfit": 84700000,
        "grossProfitRatio": 0.4319224885,
        "researchAndDevelopmentExpenses": 0,
        "generalAndAdministrativeExpenses": 0,
        "sellingAndMarketingExpenses": 0,
        "sellingGeneralAndAdministrativeExpenses": 42000000,
        "otherExpenses": 42700000,
        "operatingExpenses": 84700000,
        "costAndExpenses": 196100000,
        "interestIncome": 0,
        "interestExpense": 0,
        "depreciationAndAmortization": 16200000,
        "ebitda": 42700000,
        "ebitdaratio": 0.2177460479,
        "operatingIncome": 26500000,
        "operatingIncomeRatio": 0.1351351351,
        "totalOtherIncomeExpensesNet": -500000,
        "incomeBeforeTax": 26000000,
        "incomeBeforeTaxRatio": 0.1325854156,
        "incomeTaxExpense": 10000000,
        "netIncome": 15200000,
        "netIncomeRatio": 0.0775114737,
        "eps": 0.081,
        "epsdiluted": 0.081,
        "weightedAverageShsOut": 186666667,
        "weightedAverageShsOutDil": 186666667,
        "link": "https://www.sec.gov/Archives/edgar/data/350698/000095014496001288/0000950144-96-001288-index.html",
        "finalLink": "https://www.sec.gov/Archives/edgar/data/350698/"
    },
    {
        "date": "1995-09-30",
        "symbol": "AN",
        "reportedCurrency": "USD",
        "cik": "0000350698",
        "fillingDate": "1995-11-14",
        "acceptedDate": "1995-11-14 00:00:00",
        "calendarYear": "1995",
        "period": "Q3",
        "revenue": 28500000,
        "costOfRevenue": 17400000,
        "grossProfit": 11100000,
        "grossProfitRatio": 0.3894736842,
        "researchAndDevelopmentExpenses": 0,
        "generalAndAdministrativeExpenses": 0,
        "sellingAndMarketingExpenses": 0,
        "sellingGeneralAndAdministrativeExpenses": 5200000,
        "otherExpenses": 5900000,
        "operatingExpenses": 11100000,
        "costAndExpenses": 28500000,
        "interestIncome": 0,
        "interestExpense": 0,
        "depreciationAndAmortization": 2000000,
        "ebitda": 5900000,
        "ebitdaratio": 0.2070175439,
        "operatingIncome": 3900000,
        "operatingIncomeRatio": 0.1368421053,
        "totalOtherIncomeExpensesNet": 1200000,
        "incomeBeforeTax": 5100000,
        "incomeBeforeTaxRatio": 0.1789473684,
        "incomeTaxExpense": 1900000,
        "netIncome": 3200000,
        "netIncomeRatio": 0.1122807018,
        "eps": 0.015,
        "epsdiluted": 0.015,
        "weightedAverageShsOut": 58021000,
        "weightedAverageShsOutDil": 58021000,
        "link": "https://www.sec.gov/Archives/edgar/data/350698/000095014495003255/0000950144-95-003255-index.html",
        "finalLink": "https://www.sec.gov/Archives/edgar/data/350698/"
    },
    {
        "date": "1995-06-30",
        "symbol": "AN",
        "reportedCurrency": "USD",
        "cik": "0000350698",
        "fillingDate": "1995-08-14",
        "acceptedDate": "1995-08-14 00:00:00",
        "calendarYear": "1995",
        "period": "Q2",
        "revenue": 16200000,
        "costOfRevenue": 9400000,
        "grossProfit": 6800000,
        "grossProfitRatio": 0.4197530864,
        "researchAndDevelopmentExpenses": 0,
        "generalAndAdministrativeExpenses": 0,
        "sellingAndMarketingExpenses": 0,
        "sellingGeneralAndAdministrativeExpenses": 2100000,
        "otherExpenses": 4700000,
        "operatingExpenses": 6800000,
        "costAndExpenses": 16200000,
        "interestIncome": 0,
        "interestExpense": 0,
        "depreciationAndAmortization": 1400000,
        "ebitda": 4700000,
        "ebitdaratio": 0.2901234568,
        "operatingIncome": 3300000,
        "operatingIncomeRatio": 0.2037037037,
        "totalOtherIncomeExpensesNet": -300000,
        "incomeBeforeTax": 3000000,
        "incomeBeforeTaxRatio": 0.1851851852,
        "incomeTaxExpense": 1100000,
        "netIncome": 1900000,
        "netIncomeRatio": 0.1172839506,
        "eps": 0.015,
        "epsdiluted": 0.015,
        "weightedAverageShsOut": 54368000,
        "weightedAverageShsOutDil": 54368000,
        "link": "https://www.sec.gov/Archives/edgar/data/350698/000035069895000003/0000350698-95-000003-index.html",
        "finalLink": "https://www.sec.gov/Archives/edgar/data/350698/0000350698-95-000003.txt"
    },
    {
        "date": "1995-03-31",
        "symbol": "AN",
        "reportedCurrency": "USD",
        "cik": "0000350698",
        "fillingDate": "1995-03-31",
        "acceptedDate": "1995-03-30 19:00:00",
        "calendarYear": "1995",
        "period": "Q1",
        "revenue": 13800000,
        "costOfRevenue": 7400000,
        "grossProfit": 6400000,
        "grossProfitRatio": 0.4637681159,
        "researchAndDevelopmentExpenses": 0,
        "generalAndAdministrativeExpenses": 0,
        "sellingAndMarketingExpenses": 0,
        "sellingGeneralAndAdministrativeExpenses": 2200000,
        "otherExpenses": 4200000,
        "operatingExpenses": 6400000,
        "costAndExpenses": 13800000,
        "interestIncome": 0,
        "interestExpense": 0,
        "depreciationAndAmortization": 1400000,
        "ebitda": 4200000,
        "ebitdaratio": 0.3043478261,
        "operatingIncome": 2800000,
        "operatingIncomeRatio": 0.2028985507,
        "totalOtherIncomeExpensesNet": -2800000,
        "incomeBeforeTax": 2300000,
        "incomeBeforeTaxRatio": 0.1666666667,
        "incomeTaxExpense": -100000,
        "netIncome": 2900000,
        "netIncomeRatio": 0.2101449275,
        "eps": 0.03,
        "epsdiluted": 0.03,
        "weightedAverageShsOut": 54292000,
        "weightedAverageShsOutDil": 54292000,
        "link": "",
        "finalLink": ""
    },
    {
        "date": "1994-12-31",
        "symbol": "AN",
        "reportedCurrency": "USD",
        "cik": "0000350698",
        "fillingDate": "1994-12-31",
        "acceptedDate": "1994-12-30 19:00:00",
        "calendarYear": "1994",
        "period": "Q4",
        "revenue": -21600000,
        "costOfRevenue": -15800000,
        "grossProfit": -5800000,
        "grossProfitRatio": 0.2685185185,
        "researchAndDevelopmentExpenses": 0,
        "generalAndAdministrativeExpenses": 0,
        "sellingAndMarketingExpenses": 0,
        "sellingGeneralAndAdministrativeExpenses": -5700000,
        "otherExpenses": -100000,
        "operatingExpenses": -5800000,
        "costAndExpenses": -21600000,
        "interestIncome": 0,
        "interestExpense": 0,
        "depreciationAndAmortization": -500000,
        "ebitda": -100000,
        "ebitdaratio": 0.0046296296,
        "operatingIncome": 400000,
        "operatingIncomeRatio": -0.0185185185,
        "totalOtherIncomeExpensesNet": -400000,
        "incomeBeforeTax": 300000,
        "incomeBeforeTaxRatio": -0.0138888889,
        "incomeTaxExpense": -100000,
        "netIncome": 3300000,
        "netIncomeRatio": -0.1527777778,
        "eps": 0.061,
        "epsdiluted": 0.061,
        "weightedAverageShsOut": 54000000,
        "weightedAverageShsOutDil": 54292000,
        "link": "",
        "finalLink": ""
    },
    {
        "date": "1994-09-30",
        "symbol": "AN",
        "reportedCurrency": "USD",
        "cik": "0000350698",
        "fillingDate": "1994-09-30",
        "acceptedDate": "1994-09-29 20:00:00",
        "calendarYear": "1994",
        "period": "Q3",
        "revenue": 24200000,
        "costOfRevenue": 14100000,
        "grossProfit": 10100000,
        "grossProfitRatio": 0.4173553719,
        "researchAndDevelopmentExpenses": 0,
        "generalAndAdministrativeExpenses": 0,
        "sellingAndMarketingExpenses": 0,
        "sellingGeneralAndAdministrativeExpenses": 4800000,
        "otherExpenses": 5300000,
        "operatingExpenses": 10100000,
        "costAndExpenses": 24200000,
        "interestIncome": 0,
        "interestExpense": 0,
        "depreciationAndAmortization": 1800000,
        "ebitda": 5400000,
        "ebitdaratio": 0.2231404959,
        "operatingIncome": 3600000,
        "operatingIncomeRatio": 0.1487603306,
        "totalOtherIncomeExpensesNet": -3600000,
        "incomeBeforeTax": 3600000,
        "incomeBeforeTaxRatio": 0.1487603306,
        "incomeTaxExpense": 300000,
        "netIncome": 3300000,
        "netIncomeRatio": 0.1363636364,
        "eps": 0.06,
        "epsdiluted": 0.06,
        "weightedAverageShsOut": 55000000,
        "weightedAverageShsOutDil": 55000000,
        "link": "",
        "finalLink": ""
    },
    {
        "date": "1994-06-30",
        "symbol": "AN",
        "reportedCurrency": "USD",
        "cik": "0000350698",
        "fillingDate": "1994-06-30",
        "acceptedDate": "1994-06-29 20:00:00",
        "calendarYear": "1994",
        "period": "Q2",
        "revenue": 25200000,
        "costOfRevenue": 15300000,
        "grossProfit": 9900000,
        "grossProfitRatio": 0.3928571429,
        "researchAndDevelopmentExpenses": 0,
        "generalAndAdministrativeExpenses": 0,
        "sellingAndMarketingExpenses": 0,
        "sellingGeneralAndAdministrativeExpenses": 4600000,
        "otherExpenses": 5300000,
        "operatingExpenses": 9900000,
        "costAndExpenses": 25200000,
        "interestIncome": 0,
        "interestExpense": 0,
        "depreciationAndAmortization": 1700000,
        "ebitda": 5300000,
        "ebitdaratio": 0.2103174603,
        "operatingIncome": 3600000,
        "operatingIncomeRatio": 0.1428571429,
        "totalOtherIncomeExpensesNet": -3600000,
        "incomeBeforeTax": 3700000,
        "incomeBeforeTaxRatio": 0.1468253968,
        "incomeTaxExpense": 300000,
        "netIncome": 3300000,
        "netIncomeRatio": 0.130952381,
        "eps": 0.06,
        "epsdiluted": 0.06,
        "weightedAverageShsOut": 55000000,
        "weightedAverageShsOutDil": 55000000,
        "link": "",
        "finalLink": ""
    },
    {
        "date": "1994-03-31",
        "symbol": "AN",
        "reportedCurrency": "USD",
        "cik": "0000350698",
        "fillingDate": "1994-03-31",
        "acceptedDate": "1994-03-30 19:00:00",
        "calendarYear": "1994",
        "period": "Q1",
        "revenue": 21100000,
        "costOfRevenue": 12500000,
        "grossProfit": 8600000,
        "grossProfitRatio": 0.4075829384,
        "researchAndDevelopmentExpenses": 0,
        "generalAndAdministrativeExpenses": 0,
        "sellingAndMarketingExpenses": 0,
        "sellingGeneralAndAdministrativeExpenses": 4800000,
        "otherExpenses": 3800000,
        "operatingExpenses": 8600000,
        "costAndExpenses": 21100000,
        "interestIncome": 0,
        "interestExpense": 0,
        "depreciationAndAmortization": 1700000,
        "ebitda": 3800000,
        "ebitdaratio": 0.1800947867,
        "operatingIncome": 2100000,
        "operatingIncomeRatio": 0.0995260664,
        "totalOtherIncomeExpensesNet": -2100000,
        "incomeBeforeTax": 2200000,
        "incomeBeforeTaxRatio": 0.1042654028,
        "incomeTaxExpense": 600000,
        "netIncome": 1600000,
        "netIncomeRatio": 0.0758293839,
        "eps": 0.03,
        "epsdiluted": 0.03,
        "weightedAverageShsOut": 53333333,
        "weightedAverageShsOutDil": 53333333,
        "link": "",
        "finalLink": ""
    },
    {
        "date": "1993-12-31",
        "symbol": "AN",
        "reportedCurrency": "USD",
        "cik": "0000350698",
        "fillingDate": "1993-12-31",
        "acceptedDate": "1993-12-30 19:00:00",
        "calendarYear": "1993",
        "period": "Q4",
        "revenue": 24200000,
        "costOfRevenue": 14700000,
        "grossProfit": 9500000,
        "grossProfitRatio": 0.3925619835,
        "researchAndDevelopmentExpenses": 0,
        "generalAndAdministrativeExpenses": 0,
        "sellingAndMarketingExpenses": 0,
        "sellingGeneralAndAdministrativeExpenses": 5200000,
        "otherExpenses": 4300000,
        "operatingExpenses": 9500000,
        "costAndExpenses": 24200000,
        "interestIncome": 0,
        "interestExpense": 0,
        "depreciationAndAmortization": 2100000,
        "ebitda": 4300000,
        "ebitdaratio": 0.1776859504,
        "operatingIncome": 2200000,
        "operatingIncomeRatio": 0.0909090909,
        "totalOtherIncomeExpensesNet": -2200000,
        "incomeBeforeTax": -22600000,
        "incomeBeforeTaxRatio": -0.9338842975,
        "incomeTaxExpense": -300000,
        "netIncome": -22300000,
        "netIncomeRatio": -0.9214876033,
        "eps": -0.42,
        "epsdiluted": -0.42,
        "weightedAverageShsOut": 53333333,
        "weightedAverageShsOutDil": 53333333,
        "link": "",
        "finalLink": ""
    },
    {
        "date": "1993-09-30",
        "symbol": "AN",
        "reportedCurrency": "USD",
        "cik": "0000350698",
        "fillingDate": "1993-09-30",
        "acceptedDate": "1993-09-29 20:00:00",
        "calendarYear": "1993",
        "period": "Q3",
        "revenue": 27600000,
        "costOfRevenue": 17500000,
        "grossProfit": 10100000,
        "grossProfitRatio": 0.365942029,
        "researchAndDevelopmentExpenses": 0,
        "generalAndAdministrativeExpenses": 0,
        "sellingAndMarketingExpenses": 0,
        "sellingGeneralAndAdministrativeExpenses": 5700000,
        "otherExpenses": 4400000,
        "operatingExpenses": 10100000,
        "costAndExpenses": 27600000,
        "interestIncome": 0,
        "interestExpense": 0,
        "depreciationAndAmortization": 1700000,
        "ebitda": 4600000,
        "ebitdaratio": 0.1666666667,
        "operatingIncome": 2900000,
        "operatingIncomeRatio": 0.1050724638,
        "totalOtherIncomeExpensesNet": -400000,
        "incomeBeforeTax": 2500000,
        "incomeBeforeTaxRatio": 0.0905797101,
        "incomeTaxExpense": 500000,
        "netIncome": 2000000,
        "netIncomeRatio": 0.0724637681,
        "eps": 0.04,
        "epsdiluted": 0.04,
        "weightedAverageShsOut": 50000000,
        "weightedAverageShsOutDil": 50000000,
        "link": "",
        "finalLink": ""
    },
    {
        "date": "1993-06-30",
        "symbol": "AN",
        "reportedCurrency": "USD",
        "cik": "0000350698",
        "fillingDate": "1993-06-30",
        "acceptedDate": "1993-06-29 20:00:00",
        "calendarYear": "1993",
        "period": "Q2",
        "revenue": 26500000,
        "costOfRevenue": 17400000,
        "grossProfit": 9100000,
        "grossProfitRatio": 0.3433962264,
        "researchAndDevelopmentExpenses": 0,
        "generalAndAdministrativeExpenses": 0,
        "sellingAndMarketingExpenses": 0,
        "sellingGeneralAndAdministrativeExpenses": 5500000,
        "otherExpenses": 3600000,
        "operatingExpenses": 9100000,
        "costAndExpenses": 26500000,
        "interestIncome": 0,
        "interestExpense": 0,
        "depreciationAndAmortization": 1400000,
        "ebitda": 3600000,
        "ebitdaratio": 0.1358490566,
        "operatingIncome": 2200000,
        "operatingIncomeRatio": 0.0830188679,
        "totalOtherIncomeExpensesNet": -400000,
        "incomeBeforeTax": 1800000,
        "incomeBeforeTaxRatio": 0.0679245283,
        "incomeTaxExpense": 400000,
        "netIncome": 1400000,
        "netIncomeRatio": 0.0528301887,
        "eps": 0.03,
        "epsdiluted": 0.03,
        "weightedAverageShsOut": 46666667,
        "weightedAverageShsOutDil": 46666667,
        "link": "",
        "finalLink": ""
    },
    {
        "date": "1993-03-31",
        "symbol": "AN",
        "reportedCurrency": "USD",
        "cik": "0000350698",
        "fillingDate": "1993-03-31",
        "acceptedDate": "1993-03-30 19:00:00",
        "calendarYear": "1993",
        "period": "Q1",
        "revenue": 24500000,
        "costOfRevenue": 16200000,
        "grossProfit": 8300000,
        "grossProfitRatio": 0.3387755102,
        "researchAndDevelopmentExpenses": 0,
        "generalAndAdministrativeExpenses": 0,
        "sellingAndMarketingExpenses": 0,
        "sellingGeneralAndAdministrativeExpenses": 5800000,
        "otherExpenses": 2500000,
        "operatingExpenses": 8300000,
        "costAndExpenses": 24500000,
        "interestIncome": 0,
        "interestExpense": 0,
        "depreciationAndAmortization": 1500000,
        "ebitda": 2500000,
        "ebitdaratio": 0.1020408163,
        "operatingIncome": 1000000,
        "operatingIncomeRatio": 0.0408163265,
        "totalOtherIncomeExpensesNet": -500000,
        "incomeBeforeTax": 500000,
        "incomeBeforeTaxRatio": 0.0204081633,
        "incomeTaxExpense": 100000,
        "netIncome": 400000,
        "netIncomeRatio": 0.0163265306,
        "eps": 0.01,
        "epsdiluted": 0.01,
        "weightedAverageShsOut": 40000000,
        "weightedAverageShsOutDil": 40000000,
        "link": "",
        "finalLink": ""
    },
    {
        "date": "1992-12-31",
        "symbol": "AN",
        "reportedCurrency": "USD",
        "cik": "0000350698",
        "fillingDate": "1992-12-31",
        "acceptedDate": "1992-12-30 19:00:00",
        "calendarYear": "1992",
        "period": "Q4",
        "revenue": 29900000,
        "costOfRevenue": 20800000,
        "grossProfit": 9100000,
        "grossProfitRatio": 0.3043478261,
        "researchAndDevelopmentExpenses": 0,
        "generalAndAdministrativeExpenses": 0,
        "sellingAndMarketingExpenses": 0,
        "sellingGeneralAndAdministrativeExpenses": 6000000,
        "otherExpenses": 3100000,
        "operatingExpenses": 9100000,
        "costAndExpenses": 29900000,
        "interestIncome": 0,
        "interestExpense": 0,
        "depreciationAndAmortization": 1100000,
        "ebitda": 3100000,
        "ebitdaratio": 0.1036789298,
        "operatingIncome": 2000000,
        "operatingIncomeRatio": 0.0668896321,
        "totalOtherIncomeExpensesNet": -700000,
        "incomeBeforeTax": 1300000,
        "incomeBeforeTaxRatio": 0.0434782609,
        "incomeTaxExpense": -500000,
        "netIncome": 1800000,
        "netIncomeRatio": 0.0602006689,
        "eps": 0.045,
        "epsdiluted": 0.045,
        "weightedAverageShsOut": 40000000,
        "weightedAverageShsOutDil": 40000000,
        "link": "",
        "finalLink": ""
    },
    {
        "date": "1992-09-30",
        "symbol": "AN",
        "reportedCurrency": "USD",
        "cik": "0000350698",
        "fillingDate": "1992-09-30",
        "acceptedDate": "1992-09-29 20:00:00",
        "calendarYear": "1992",
        "period": "Q3",
        "revenue": 26500000,
        "costOfRevenue": 16500000,
        "grossProfit": 10000000,
        "grossProfitRatio": 0.3773584906,
        "researchAndDevelopmentExpenses": 0,
        "generalAndAdministrativeExpenses": 0,
        "sellingAndMarketingExpenses": 0,
        "sellingGeneralAndAdministrativeExpenses": 5600000,
        "otherExpenses": 4400000,
        "operatingExpenses": 10000000,
        "costAndExpenses": 26500000,
        "interestIncome": 0,
        "interestExpense": 0,
        "depreciationAndAmortization": 1000000,
        "ebitda": 4400000,
        "ebitdaratio": 0.1660377358,
        "operatingIncome": 3000000,
        "operatingIncomeRatio": 0.1132075472,
        "totalOtherIncomeExpensesNet": 0,
        "incomeBeforeTax": 3000000,
        "incomeBeforeTaxRatio": 0.1132075472,
        "incomeTaxExpense": 900000,
        "netIncome": 2100000,
        "netIncomeRatio": 0.079245283,
        "eps": 0.04,
        "epsdiluted": 0.04,
        "weightedAverageShsOut": 52500000,
        "weightedAverageShsOutDil": 52500000,
        "link": "",
        "finalLink": ""
    },
    {
        "date": "1992-06-30",
        "symbol": "AN",
        "reportedCurrency": "USD",
        "cik": "0000350698",
        "fillingDate": "1992-06-30",
        "acceptedDate": "1992-06-29 20:00:00",
        "calendarYear": "1992",
        "period": "Q2",
        "revenue": 28200000,
        "costOfRevenue": 18100000,
        "grossProfit": 10100000,
        "grossProfitRatio": 0.3581560284,
        "researchAndDevelopmentExpenses": 0,
        "generalAndAdministrativeExpenses": 0,
        "sellingAndMarketingExpenses": 0,
        "sellingGeneralAndAdministrativeExpenses": 5400000,
        "otherExpenses": 4700000,
        "operatingExpenses": 10100000,
        "costAndExpenses": 28200000,
        "interestIncome": 0,
        "interestExpense": 0,
        "depreciationAndAmortization": 1600000,
        "ebitda": 4700000,
        "ebitdaratio": 0.1666666667,
        "operatingIncome": 3100000,
        "operatingIncomeRatio": 0.109929078,
        "totalOtherIncomeExpensesNet": 700000,
        "incomeBeforeTax": 3800000,
        "incomeBeforeTaxRatio": 0.134751773,
        "incomeTaxExpense": 1300000,
        "netIncome": 2500000,
        "netIncomeRatio": 0.0886524823,
        "eps": 0.05,
        "epsdiluted": 0.05,
        "weightedAverageShsOut": 20428000,
        "weightedAverageShsOutDil": 20428000,
        "link": "",
        "finalLink": ""
    },
    {
        "date": "1992-03-31",
        "symbol": "AN",
        "reportedCurrency": "USD",
        "cik": "0000350698",
        "fillingDate": "1992-03-31",
        "acceptedDate": "1992-03-30 19:00:00",
        "calendarYear": "1992",
        "period": "Q1",
        "revenue": 25400000,
        "costOfRevenue": 16400000,
        "grossProfit": 9000000,
        "grossProfitRatio": 0.3543307087,
        "researchAndDevelopmentExpenses": 0,
        "generalAndAdministrativeExpenses": 0,
        "sellingAndMarketingExpenses": 0,
        "sellingGeneralAndAdministrativeExpenses": 5600000,
        "otherExpenses": 3400000,
        "operatingExpenses": 9000000,
        "costAndExpenses": 25400000,
        "interestIncome": 0,
        "interestExpense": 0,
        "depreciationAndAmortization": 1500000,
        "ebitda": 3400000,
        "ebitdaratio": 0.1338582677,
        "operatingIncome": 1900000,
        "operatingIncomeRatio": 0.0748031496,
        "totalOtherIncomeExpensesNet": -2200000,
        "incomeBeforeTax": -300000,
        "incomeBeforeTaxRatio": -0.0118110236,
        "incomeTaxExpense": -100000,
        "netIncome": -20400000,
        "netIncomeRatio": -0.8031496063,
        "eps": -1,
        "epsdiluted": -1,
        "weightedAverageShsOut": 20428000,
        "weightedAverageShsOutDil": 20428000,
        "link": "",
        "finalLink": ""
    },
    {
        "date": "1991-12-31",
        "symbol": "AN",
        "reportedCurrency": "USD",
        "cik": "0000350698",
        "fillingDate": "1991-12-31",
        "acceptedDate": "1991-12-30 19:00:00",
        "calendarYear": "1991",
        "period": "Q4",
        "revenue": 15700000,
        "costOfRevenue": 9200000,
        "grossProfit": 6500000,
        "grossProfitRatio": 0.4140127389,
        "researchAndDevelopmentExpenses": 0,
        "generalAndAdministrativeExpenses": 0,
        "sellingAndMarketingExpenses": 0,
        "sellingGeneralAndAdministrativeExpenses": 2500000,
        "otherExpenses": 4000000,
        "operatingExpenses": 6500000,
        "costAndExpenses": 15700000,
        "interestIncome": 0,
        "interestExpense": 0,
        "depreciationAndAmortization": 800000,
        "ebitda": 4000000,
        "ebitdaratio": 0.2547770701,
        "operatingIncome": 3200000,
        "operatingIncomeRatio": 0.2038216561,
        "totalOtherIncomeExpensesNet": -500000,
        "incomeBeforeTax": 2700000,
        "incomeBeforeTaxRatio": 0.1719745223,
        "incomeTaxExpense": 1100000,
        "netIncome": 1600000,
        "netIncomeRatio": 0.101910828,
        "eps": 0.078,
        "epsdiluted": 0.078,
        "weightedAverageShsOut": 20428000,
        "weightedAverageShsOutDil": 20428000,
        "link": "",
        "finalLink": ""
    },
    {
        "date": "1991-09-30",
        "symbol": "AN",
        "reportedCurrency": "USD",
        "cik": "0000350698",
        "fillingDate": "1991-09-30",
        "acceptedDate": "1991-09-29 20:00:00",
        "calendarYear": "1991",
        "period": "Q3",
        "revenue": 14500000,
        "costOfRevenue": 7800000,
        "grossProfit": 6700000,
        "grossProfitRatio": 0.4620689655,
        "researchAndDevelopmentExpenses": 0,
        "generalAndAdministrativeExpenses": 0,
        "sellingAndMarketingExpenses": 0,
        "sellingGeneralAndAdministrativeExpenses": 2300000,
        "otherExpenses": 4400000,
        "operatingExpenses": 6700000,
        "costAndExpenses": 14500000,
        "interestIncome": 0,
        "interestExpense": 0,
        "depreciationAndAmortization": 900000,
        "ebitda": 4400000,
        "ebitdaratio": 0.3034482759,
        "operatingIncome": 3500000,
        "operatingIncomeRatio": 0.2413793103,
        "totalOtherIncomeExpensesNet": -300000,
        "incomeBeforeTax": 3200000,
        "incomeBeforeTaxRatio": 0.2206896552,
        "incomeTaxExpense": 1300000,
        "netIncome": 1900000,
        "netIncomeRatio": 0.1310344828,
        "eps": 0.05,
        "epsdiluted": 0.05,
        "weightedAverageShsOut": 28000000,
        "weightedAverageShsOutDil": 28000000,
        "link": "",
        "finalLink": ""
    },
    {
        "date": "1991-06-30",
        "symbol": "AN",
        "reportedCurrency": "USD",
        "cik": "0000350698",
        "fillingDate": "1991-06-30",
        "acceptedDate": "1991-06-29 20:00:00",
        "calendarYear": "1991",
        "period": "Q2",
        "revenue": 10000000,
        "costOfRevenue": 5800000,
        "grossProfit": 4200000,
        "grossProfitRatio": 0.42,
        "researchAndDevelopmentExpenses": 0,
        "generalAndAdministrativeExpenses": 0,
        "sellingAndMarketingExpenses": 0,
        "sellingGeneralAndAdministrativeExpenses": 2400000,
        "otherExpenses": 1800000,
        "operatingExpenses": 4200000,
        "costAndExpenses": 10000000,
        "interestIncome": 0,
        "interestExpense": 0,
        "depreciationAndAmortization": 100000,
        "ebitda": 1800000,
        "ebitdaratio": 0.18,
        "operatingIncome": 1700000,
        "operatingIncomeRatio": 0.17,
        "totalOtherIncomeExpensesNet": -5700000,
        "incomeBeforeTax": -4000000,
        "incomeBeforeTaxRatio": -0.4,
        "incomeTaxExpense": -1600000,
        "netIncome": -2400000,
        "netIncomeRatio": -0.24,
        "eps": -0.12,
        "epsdiluted": -0.12,
        "weightedAverageShsOut": 20000000,
        "weightedAverageShsOutDil": 20000000,
        "link": "",
        "finalLink": ""
    },
    {
        "date": "1991-03-31",
        "symbol": "AN",
        "reportedCurrency": "USD",
        "cik": "0000350698",
        "fillingDate": "1991-03-31",
        "acceptedDate": "1991-03-30 19:00:00",
        "calendarYear": "1991",
        "period": "Q1",
        "revenue": 11400000,
        "costOfRevenue": 5600000,
        "grossProfit": 5800000,
        "grossProfitRatio": 0.5087719298,
        "researchAndDevelopmentExpenses": 0,
        "generalAndAdministrativeExpenses": 0,
        "sellingAndMarketingExpenses": 0,
        "sellingGeneralAndAdministrativeExpenses": 2800000,
        "otherExpenses": 3000000,
        "operatingExpenses": 5800000,
        "costAndExpenses": 11400000,
        "interestIncome": 0,
        "interestExpense": 0,
        "depreciationAndAmortization": 900000,
        "ebitda": 3000000,
        "ebitdaratio": 0.2631578947,
        "operatingIncome": 2100000,
        "operatingIncomeRatio": 0.1842105263,
        "totalOtherIncomeExpensesNet": -400000,
        "incomeBeforeTax": 1700000,
        "incomeBeforeTaxRatio": 0.149122807,
        "incomeTaxExpense": 700000,
        "netIncome": 1000000,
        "netIncomeRatio": 0.0877192982,
        "eps": 0.05,
        "epsdiluted": 0.05,
        "weightedAverageShsOut": 20000000,
        "weightedAverageShsOutDil": 20000000,
        "link": "",
        "finalLink": ""
    },
    {
        "date": "1990-12-31",
        "symbol": "AN",
        "reportedCurrency": "USD",
        "cik": "0000350698",
        "fillingDate": "1990-12-31",
        "acceptedDate": "1990-12-30 19:00:00",
        "calendarYear": "1990",
        "period": "Q4",
        "revenue": 2100000,
        "costOfRevenue": 0,
        "grossProfit": 2100000,
        "grossProfitRatio": 1,
        "researchAndDevelopmentExpenses": 0,
        "generalAndAdministrativeExpenses": 0,
        "sellingAndMarketingExpenses": 0,
        "sellingGeneralAndAdministrativeExpenses": -30000000,
        "otherExpenses": 2100000,
        "operatingExpenses": 2100000,
        "costAndExpenses": 2100000,
        "interestIncome": 0,
        "interestExpense": 0,
        "depreciationAndAmortization": 0,
        "ebitda": -25800000,
        "ebitdaratio": -12.2857142857,
        "operatingIncome": -25800000,
        "operatingIncomeRatio": -12.2857142857,
        "totalOtherIncomeExpensesNet": 25800000,
        "incomeBeforeTax": 0,
        "incomeBeforeTaxRatio": 0,
        "incomeTaxExpense": 200000,
        "netIncome": -200000,
        "netIncomeRatio": -0.0952380952,
        "eps": 0.01,
        "epsdiluted": 0.01,
        "weightedAverageShsOut": 20000000,
        "weightedAverageShsOutDil": 20000000,
        "link": "",
        "finalLink": ""
    },
    {
        "date": "1990-09-30",
        "symbol": "AN",
        "reportedCurrency": "USD",
        "cik": "0000350698",
        "fillingDate": "1990-09-30",
        "acceptedDate": "1990-09-29 20:00:00",
        "calendarYear": "1990",
        "period": "Q3",
        "revenue": 16000000,
        "costOfRevenue": 0,
        "grossProfit": 16000000,
        "grossProfitRatio": 1,
        "researchAndDevelopmentExpenses": 0,
        "generalAndAdministrativeExpenses": 0,
        "sellingAndMarketingExpenses": 0,
        "sellingGeneralAndAdministrativeExpenses": 16000000,
        "otherExpenses": 16000000,
        "operatingExpenses": 16000000,
        "costAndExpenses": 16000000,
        "interestIncome": 0,
        "interestExpense": 0,
        "depreciationAndAmortization": 0,
        "ebitda": 16000000,
        "ebitdaratio": 1,
        "operatingIncome": 16000000,
        "operatingIncomeRatio": 1,
        "totalOtherIncomeExpensesNet": -16000000,
        "incomeBeforeTax": 0,
        "incomeBeforeTaxRatio": 0,
        "incomeTaxExpense": -900000,
        "netIncome": 900000,
        "netIncomeRatio": 0.05625,
        "eps": 0.04,
        "epsdiluted": 0.04,
        "weightedAverageShsOut": 17468000,
        "weightedAverageShsOutDil": 17468000,
        "link": "",
        "finalLink": ""
    },
    {
        "date": "1990-06-30",
        "symbol": "AN",
        "reportedCurrency": "USD",
        "cik": "0000350698",
        "fillingDate": "1990-06-30",
        "acceptedDate": "1990-06-29 20:00:00",
        "calendarYear": "1990",
        "period": "Q2",
        "revenue": 9400000,
        "costOfRevenue": 5300000,
        "grossProfit": 4100000,
        "grossProfitRatio": 0.4361702128,
        "researchAndDevelopmentExpenses": 0,
        "generalAndAdministrativeExpenses": 0,
        "sellingAndMarketingExpenses": 0,
        "sellingGeneralAndAdministrativeExpenses": 2700000,
        "otherExpenses": 1400000,
        "operatingExpenses": 4100000,
        "costAndExpenses": 9400000,
        "interestIncome": 0,
        "interestExpense": 0,
        "depreciationAndAmortization": -400000,
        "ebitda": 1400000,
        "ebitdaratio": 0.1489361702,
        "operatingIncome": 1400000,
        "operatingIncomeRatio": 0.1489361702,
        "totalOtherIncomeExpensesNet": 300000,
        "incomeBeforeTax": 1700000,
        "incomeBeforeTaxRatio": 0.1808510638,
        "incomeTaxExpense": 700000,
        "netIncome": 1000000,
        "netIncomeRatio": 0.1063829787,
        "eps": 0.08,
        "epsdiluted": 0.07,
        "weightedAverageShsOut": 5404000,
        "weightedAverageShsOutDil": 5404000,
        "link": "",
        "finalLink": ""
    },
    {
        "date": "1990-03-31",
        "symbol": "AN",
        "reportedCurrency": "USD",
        "cik": "0000350698",
        "fillingDate": "1990-03-31",
        "acceptedDate": "1990-03-30 19:00:00",
        "calendarYear": "1990",
        "period": "Q1",
        "revenue": 900000,
        "costOfRevenue": 500000,
        "grossProfit": 400000,
        "grossProfitRatio": 0.4444444444,
        "researchAndDevelopmentExpenses": 0,
        "generalAndAdministrativeExpenses": 0,
        "sellingAndMarketingExpenses": 0,
        "sellingGeneralAndAdministrativeExpenses": 300000,
        "otherExpenses": 100000,
        "operatingExpenses": 400000,
        "costAndExpenses": 900000,
        "interestIncome": 0,
        "interestExpense": 0,
        "depreciationAndAmortization": 0,
        "ebitda": 100000,
        "ebitdaratio": 0.1111111111,
        "operatingIncome": 100000,
        "operatingIncomeRatio": 0.1111111111,
        "totalOtherIncomeExpensesNet": -100000,
        "incomeBeforeTax": 0,
        "incomeBeforeTaxRatio": 0,
        "incomeTaxExpense": -100000,
        "netIncome": 100000,
        "netIncomeRatio": 0.1111111111,
        "eps": 0.03,
        "epsdiluted": 0.03,
        "weightedAverageShsOut": 5404000,
        "weightedAverageShsOutDil": 5404000,
        "link": "",
        "finalLink": ""
    },
    {
        "date": "1989-12-31",
        "symbol": "AN",
        "reportedCurrency": "USD",
        "cik": "0000350698",
        "fillingDate": "1989-12-31",
        "acceptedDate": "1989-12-30 19:00:00",
        "calendarYear": "1989",
        "period": "Q4",
        "revenue": 200000,
        "costOfRevenue": 0,
        "grossProfit": 200000,
        "grossProfitRatio": 1,
        "researchAndDevelopmentExpenses": 0,
        "generalAndAdministrativeExpenses": 0,
        "sellingAndMarketingExpenses": 0,
        "sellingGeneralAndAdministrativeExpenses": -1200000,
        "otherExpenses": 200000,
        "operatingExpenses": 200000,
        "costAndExpenses": 200000,
        "interestIncome": 0,
        "interestExpense": 0,
        "depreciationAndAmortization": 0,
        "ebitda": -800000,
        "ebitdaratio": -4,
        "operatingIncome": -800000,
        "operatingIncomeRatio": -4,
        "totalOtherIncomeExpensesNet": 800000,
        "incomeBeforeTax": 0,
        "incomeBeforeTaxRatio": 0,
        "incomeTaxExpense": 100000,
        "netIncome": -100000,
        "netIncomeRatio": -0.5,
        "eps": -0.03,
        "epsdiluted": -0.03,
        "weightedAverageShsOut": 5404000,
        "weightedAverageShsOutDil": 5404000,
        "link": "",
        "finalLink": ""
    },
    {
        "date": "1989-09-30",
        "symbol": "AN",
        "reportedCurrency": "USD",
        "cik": "0000350698",
        "fillingDate": "1989-09-30",
        "acceptedDate": "1989-09-29 20:00:00",
        "calendarYear": "1989",
        "period": "Q3",
        "revenue": 100000,
        "costOfRevenue": 0,
        "grossProfit": 100000,
        "grossProfitRatio": 1,
        "researchAndDevelopmentExpenses": 0,
        "generalAndAdministrativeExpenses": 0,
        "sellingAndMarketingExpenses": 0,
        "sellingGeneralAndAdministrativeExpenses": 100000,
        "otherExpenses": 100000,
        "operatingExpenses": 100000,
        "costAndExpenses": 100000,
        "interestIncome": 0,
        "interestExpense": 0,
        "depreciationAndAmortization": 0,
        "ebitda": 100000,
        "ebitdaratio": 1,
        "operatingIncome": 100000,
        "operatingIncomeRatio": 1,
        "totalOtherIncomeExpensesNet": -100000,
        "incomeBeforeTax": 0,
        "incomeBeforeTaxRatio": 0,
        "incomeTaxExpense": 100000,
        "netIncome": -100000,
        "netIncomeRatio": -1,
        "eps": -0.03,
        "epsdiluted": -0.03,
        "weightedAverageShsOut": 3772000,
        "weightedAverageShsOutDil": 3772000,
        "link": "",
        "finalLink": ""
    },
    {
        "date": "1989-06-30",
        "symbol": "AN",
        "reportedCurrency": "USD",
        "cik": "0000350698",
        "fillingDate": "1989-06-30",
        "acceptedDate": "1989-06-29 20:00:00",
        "calendarYear": "1989",
        "period": "Q2",
        "revenue": 100000,
        "costOfRevenue": 0,
        "grossProfit": 100000,
        "grossProfitRatio": 1,
        "researchAndDevelopmentExpenses": 0,
        "generalAndAdministrativeExpenses": 0,
        "sellingAndMarketingExpenses": 0,
        "sellingGeneralAndAdministrativeExpenses": 100000,
        "otherExpenses": 100000,
        "operatingExpenses": 100000,
        "costAndExpenses": 100000,
        "interestIncome": 0,
        "interestExpense": 0,
        "depreciationAndAmortization": 0,
        "ebitda": 100000,
        "ebitdaratio": 1,
        "operatingIncome": 100000,
        "operatingIncomeRatio": 1,
        "totalOtherIncomeExpensesNet": -100000,
        "incomeBeforeTax": 0,
        "incomeBeforeTaxRatio": 0,
        "incomeTaxExpense": 100000,
        "netIncome": -100000,
        "netIncomeRatio": -1,
        "eps": -0.03,
        "epsdiluted": -0.03,
        "weightedAverageShsOut": 3772000,
        "weightedAverageShsOutDil": 3772000,
        "link": "",
        "finalLink": ""
    },
    {
        "date": "1989-03-31",
        "symbol": "AN",
        "reportedCurrency": "USD",
        "cik": "0000350698",
        "fillingDate": "1989-03-31",
        "acceptedDate": "1989-03-30 19:00:00",
        "calendarYear": "1989",
        "period": "Q1",
        "revenue": 100000,
        "costOfRevenue": 0,
        "grossProfit": 100000,
        "grossProfitRatio": 1,
        "researchAndDevelopmentExpenses": 0,
        "generalAndAdministrativeExpenses": 0,
        "sellingAndMarketingExpenses": 0,
        "sellingGeneralAndAdministrativeExpenses": 100000,
        "otherExpenses": 100000,
        "operatingExpenses": 100000,
        "costAndExpenses": 100000,
        "interestIncome": 0,
        "interestExpense": 0,
        "depreciationAndAmortization": 0,
        "ebitda": 100000,
        "ebitdaratio": 1,
        "operatingIncome": 100000,
        "operatingIncomeRatio": 1,
        "totalOtherIncomeExpensesNet": -100000,
        "incomeBeforeTax": 0,
        "incomeBeforeTaxRatio": 0,
        "incomeTaxExpense": 100000,
        "netIncome": -100000,
        "netIncomeRatio": -1,
        "eps": -0.03,
        "epsdiluted": -0.03,
        "weightedAverageShsOut": 3772000,
        "weightedAverageShsOutDil": 3772000,
        "link": "",
        "finalLink": ""
    },
    {
        "date": "1988-12-31",
        "symbol": "AN",
        "reportedCurrency": "USD",
        "cik": "0000350698",
        "fillingDate": "1988-12-31",
        "acceptedDate": "1988-12-30 19:00:00",
        "calendarYear": "1988",
        "period": "Q4",
        "revenue": 200000,
        "costOfRevenue": 0,
        "grossProfit": 200000,
        "grossProfitRatio": 1,
        "researchAndDevelopmentExpenses": 0,
        "generalAndAdministrativeExpenses": 0,
        "sellingAndMarketingExpenses": 0,
        "sellingGeneralAndAdministrativeExpenses": -1100000,
        "otherExpenses": 200000,
        "operatingExpenses": 200000,
        "costAndExpenses": 200000,
        "interestIncome": 0,
        "interestExpense": 0,
        "depreciationAndAmortization": 0,
        "ebitda": -700000,
        "ebitdaratio": -3.5,
        "operatingIncome": -700000,
        "operatingIncomeRatio": -3.5,
        "totalOtherIncomeExpensesNet": 700000,
        "incomeBeforeTax": 0,
        "incomeBeforeTaxRatio": 0,
        "incomeTaxExpense": 200000,
        "netIncome": 0,
        "netIncomeRatio": 0,
        "eps": -0.1,
        "epsdiluted": -0.1,
        "weightedAverageShsOut": 3772000,
        "weightedAverageShsOutDil": 3772000,
        "link": "",
        "finalLink": ""
    },
    {
        "date": "1988-09-30",
        "symbol": "AN",
        "reportedCurrency": "USD",
        "cik": "0000350698",
        "fillingDate": "1988-09-30",
        "acceptedDate": "1988-09-29 20:00:00",
        "calendarYear": "1988",
        "period": "Q3",
        "revenue": 200000,
        "costOfRevenue": 0,
        "grossProfit": 200000,
        "grossProfitRatio": 1,
        "researchAndDevelopmentExpenses": 0,
        "generalAndAdministrativeExpenses": 0,
        "sellingAndMarketingExpenses": 0,
        "sellingGeneralAndAdministrativeExpenses": 200000,
        "otherExpenses": 200000,
        "operatingExpenses": 200000,
        "costAndExpenses": 200000,
        "interestIncome": 0,
        "interestExpense": 0,
        "depreciationAndAmortization": 0,
        "ebitda": 200000,
        "ebitdaratio": 1,
        "operatingIncome": 200000,
        "operatingIncomeRatio": 1,
        "totalOtherIncomeExpensesNet": -200000,
        "incomeBeforeTax": 0,
        "incomeBeforeTaxRatio": 0,
        "incomeTaxExpense": 100000,
        "netIncome": 0,
        "netIncomeRatio": 0,
        "eps": -0.1,
        "epsdiluted": -0.1,
        "weightedAverageShsOut": 3542000,
        "weightedAverageShsOutDil": 3542000,
        "link": "",
        "finalLink": ""
    },
    {
        "date": "1988-06-30",
        "symbol": "AN",
        "reportedCurrency": "USD",
        "cik": "0000350698",
        "fillingDate": "1988-06-30",
        "acceptedDate": "1988-06-29 20:00:00",
        "calendarYear": "1988",
        "period": "Q2",
        "revenue": 100000,
        "costOfRevenue": 0,
        "grossProfit": 100000,
        "grossProfitRatio": 1,
        "researchAndDevelopmentExpenses": 0,
        "generalAndAdministrativeExpenses": 0,
        "sellingAndMarketingExpenses": 0,
        "sellingGeneralAndAdministrativeExpenses": 100000,
        "otherExpenses": 100000,
        "operatingExpenses": 100000,
        "costAndExpenses": 100000,
        "interestIncome": 0,
        "interestExpense": 0,
        "depreciationAndAmortization": 0,
        "ebitda": 100000,
        "ebitdaratio": 1,
        "operatingIncome": 100000,
        "operatingIncomeRatio": 1,
        "totalOtherIncomeExpensesNet": -100000,
        "incomeBeforeTax": 0,
        "incomeBeforeTaxRatio": 0,
        "incomeTaxExpense": 100000,
        "netIncome": 0,
        "netIncomeRatio": 0,
        "eps": -0.1,
        "epsdiluted": -0.1,
        "weightedAverageShsOut": 3542000,
        "weightedAverageShsOutDil": 3542000,
        "link": "",
        "finalLink": ""
    },
    {
        "date": "1988-03-31",
        "symbol": "AN",
        "reportedCurrency": "USD",
        "cik": "0000350698",
        "fillingDate": "1988-03-31",
        "acceptedDate": "1988-03-30 19:00:00",
        "calendarYear": "1988",
        "period": "Q1",
        "revenue": 100000,
        "costOfRevenue": 0,
        "grossProfit": 100000,
        "grossProfitRatio": 1,
        "researchAndDevelopmentExpenses": 0,
        "generalAndAdministrativeExpenses": 0,
        "sellingAndMarketingExpenses": 0,
        "sellingGeneralAndAdministrativeExpenses": 100000,
        "otherExpenses": 100000,
        "operatingExpenses": 100000,
        "costAndExpenses": 100000,
        "interestIncome": 0,
        "interestExpense": 0,
        "depreciationAndAmortization": 0,
        "ebitda": 100000,
        "ebitdaratio": 1,
        "operatingIncome": 100000,
        "operatingIncomeRatio": 1,
        "totalOtherIncomeExpensesNet": -100000,
        "incomeBeforeTax": 0,
        "incomeBeforeTaxRatio": 0,
        "incomeTaxExpense": 100000,
        "netIncome": 0,
        "netIncomeRatio": 0,
        "eps": -0.1,
        "epsdiluted": -0.1,
        "weightedAverageShsOut": 3542000,
        "weightedAverageShsOutDil": 3542000,
        "link": "",
        "finalLink": ""
    }
]