[
    {
        "date": "2025-03-31",
        "symbol": "ANSS",
        "reportedCurrency": "USD",
        "cik": "0001013462",
        "fillingDate": "2025-04-30",
        "acceptedDate": "2025-04-30 16:33:35",
        "calendarYear": "2025",
        "period": "Q1",
        "revenue": 504891000,
        "costOfRevenue": 72569000,
        "grossProfit": 432322000,
        "grossProfitRatio": 0.8562679866,
        "researchAndDevelopmentExpenses": 137292000,
        "generalAndAdministrativeExpenses": 0,
        "sellingAndMarketingExpenses": 0,
        "sellingGeneralAndAdministrativeExpenses": 230415000,
        "otherExpenses": 5722000,
        "operatingExpenses": 373429000,
        "costAndExpenses": 445998000,
        "interestIncome": 16743000,
        "interestExpense": 10177000,
        "depreciationAndAmortization": 37461000,
        "ebitda": 112167000,
        "ebitdaratio": 0.2221608228,
        "operatingIncome": 58893000,
        "operatingIncomeRatio": 0.1166449788,
        "totalOtherIncomeExpensesNet": 5636000,
        "incomeBeforeTax": 64529000,
        "incomeBeforeTaxRatio": 0.1278077843,
        "incomeTaxExpense": 12664000,
        "netIncome": 51865000,
        "netIncomeRatio": 0.1027251427,
        "eps": 0.59,
        "epsdiluted": 0.59,
        "weightedAverageShsOut": 87455000,
        "weightedAverageShsOutDil": 88137000,
        "link": "https://www.sec.gov/Archives/edgar/data/1013462/000101346225000017/0001013462-25-000017-index.htm",
        "finalLink": "https://www.sec.gov/Archives/edgar/data/1013462/000101346225000017/anss-20250331.htm"
    },
    {
        "date": "2024-12-31",
        "symbol": "ANSS",
        "reportedCurrency": "USD",
        "cik": "0001013462",
        "fillingDate": "2025-02-19",
        "acceptedDate": "2025-02-19 16:34:10",
        "calendarYear": "2024",
        "period": "Q4",
        "revenue": 882174000,
        "costOfRevenue": 72688000,
        "grossProfit": 809486000,
        "grossProfitRatio": 0.9176035567,
        "researchAndDevelopmentExpenses": 134259000,
        "generalAndAdministrativeExpenses": 0,
        "sellingAndMarketingExpenses": 0,
        "sellingGeneralAndAdministrativeExpenses": 314009000,
        "otherExpenses": 5623000,
        "operatingExpenses": 453891000,
        "costAndExpenses": 527245000,
        "interestIncome": 14636000,
        "interestExpense": 10924000,
        "depreciationAndAmortization": 40789000,
        "ebitda": 405561000,
        "ebitdaratio": 0.459729033,
        "operatingIncome": 355595000,
        "operatingIncomeRatio": 0.4030894132,
        "totalOtherIncomeExpensesNet": 3698000,
        "incomeBeforeTax": 359293000,
        "incomeBeforeTaxRatio": 0.40728133,
        "incomeTaxExpense": 76605000,
        "netIncome": 282688000,
        "netIncomeRatio": 0.3204447195,
        "eps": 3.23,
        "epsdiluted": 3.21,
        "weightedAverageShsOut": 87455000,
        "weightedAverageShsOutDil": 88137000,
        "link": "https://www.sec.gov/Archives/edgar/data/1013462/000101346225000009/0001013462-25-000009-index.htm",
        "finalLink": "https://www.sec.gov/Archives/edgar/data/1013462/000101346225000009/anss-20241231.htm"
    },
    {
        "date": "2024-09-30",
        "symbol": "ANSS",
        "reportedCurrency": "USD",
        "cik": "0001013462",
        "fillingDate": "2024-11-06",
        "acceptedDate": "2024-11-06 16:34:39",
        "calendarYear": "2024",
        "period": "Q3",
        "revenue": 601892000,
        "costOfRevenue": 69109000,
        "grossProfit": 532783000,
        "grossProfitRatio": 0.8851803978,
        "researchAndDevelopmentExpenses": 132320000,
        "generalAndAdministrativeExpenses": 0,
        "sellingAndMarketingExpenses": 0,
        "sellingGeneralAndAdministrativeExpenses": 233065000,
        "otherExpenses": 0,
        "operatingExpenses": 371245000,
        "costAndExpenses": 440354000,
        "interestIncome": 13292000,
        "interestExpense": 12318000,
        "depreciationAndAmortization": 35795000,
        "ebitda": 215028000,
        "ebitdaratio": 0.3572534608,
        "operatingIncome": 161538000,
        "operatingIncomeRatio": 0.2683836967,
        "totalOtherIncomeExpensesNet": -283000,
        "incomeBeforeTax": 161255000,
        "incomeBeforeTaxRatio": 0.2679135127,
        "incomeTaxExpense": 33063000,
        "netIncome": 128192000,
        "netIncomeRatio": 0.2129817309,
        "eps": 1.47,
        "epsdiluted": 1.46,
        "weightedAverageShsOut": 87399000,
        "weightedAverageShsOutDil": 87885000,
        "link": "https://www.sec.gov/Archives/edgar/data/1013462/000101346224000028/0001013462-24-000028-index.htm",
        "finalLink": "https://www.sec.gov/Archives/edgar/data/1013462/000101346224000028/anss-20240930.htm"
    },
    {
        "date": "2024-06-30",
        "symbol": "ANSS",
        "reportedCurrency": "USD",
        "cik": "0001013462",
        "fillingDate": "2024-07-31",
        "acceptedDate": "2024-07-31 16:33:24",
        "calendarYear": "2024",
        "period": "Q2",
        "revenue": 594138000,
        "costOfRevenue": 75475000,
        "grossProfit": 518663000,
        "grossProfitRatio": 0.8729672231,
        "researchAndDevelopmentExpenses": 132624000,
        "generalAndAdministrativeExpenses": 0,
        "sellingAndMarketingExpenses": 0,
        "sellingGeneralAndAdministrativeExpenses": 216214000,
        "otherExpenses": -854000,
        "operatingExpenses": 348838000,
        "costAndExpenses": 424313000,
        "interestIncome": 12208000,
        "interestExpense": 12238000,
        "depreciationAndAmortization": 35997000,
        "ebitda": 193413000,
        "ebitdaratio": 0.3255354817,
        "operatingIncome": 169825000,
        "operatingIncomeRatio": 0.2858342675,
        "totalOtherIncomeExpensesNet": -884000,
        "incomeBeforeTax": 156532000,
        "incomeBeforeTaxRatio": 0.2634606775,
        "incomeTaxExpense": 26498000,
        "netIncome": 130034000,
        "netIncomeRatio": 0.2188616113,
        "eps": 1.49,
        "epsdiluted": 1.48,
        "weightedAverageShsOut": 87332000,
        "weightedAverageShsOutDil": 87777000,
        "link": "https://www.sec.gov/Archives/edgar/data/1013462/000101346224000024/0001013462-24-000024-index.htm",
        "finalLink": "https://www.sec.gov/Archives/edgar/data/1013462/000101346224000024/anss-20240630.htm"
    },
    {
        "date": "2024-03-31",
        "symbol": "ANSS",
        "reportedCurrency": "USD",
        "cik": "0001013462",
        "fillingDate": "2024-05-01",
        "acceptedDate": "2024-05-01 16:34:46",
        "calendarYear": "2024",
        "period": "Q1",
        "revenue": 466605000,
        "costOfRevenue": 68667000,
        "grossProfit": 397938000,
        "grossProfitRatio": 0.852836982,
        "researchAndDevelopmentExpenses": 128811000,
        "generalAndAdministrativeExpenses": 0,
        "sellingAndMarketingExpenses": 0,
        "sellingGeneralAndAdministrativeExpenses": 219643000,
        "otherExpenses": -1007000,
        "operatingExpenses": 354599000,
        "costAndExpenses": 423266000,
        "interestIncome": 10995000,
        "interestExpense": 12369000,
        "depreciationAndAmortization": 35536000,
        "ebitda": 88863000,
        "ebitdaratio": 0.1904458803,
        "operatingIncome": 43339000,
        "operatingIncomeRatio": 0.0928815593,
        "totalOtherIncomeExpensesNet": -2381000,
        "incomeBeforeTax": 40958000,
        "incomeBeforeTaxRatio": 0.0877787422,
        "incomeTaxExpense": 6180000,
        "netIncome": 34778000,
        "netIncomeRatio": 0.0745341349,
        "eps": 0.4,
        "epsdiluted": 0.4,
        "weightedAverageShsOut": 87067000,
        "weightedAverageShsOutDil": 87780000,
        "link": "https://www.sec.gov/Archives/edgar/data/1013462/000101346224000015/0001013462-24-000015-index.htm",
        "finalLink": "https://www.sec.gov/Archives/edgar/data/1013462/000101346224000015/anss-20240331.htm"
    },
    {
        "date": "2023-12-31",
        "symbol": "ANSS",
        "reportedCurrency": "USD",
        "cik": "0001013462",
        "fillingDate": "2024-02-21",
        "acceptedDate": "2024-02-21 16:34:57",
        "calendarYear": "2023",
        "period": "Q4",
        "revenue": 805108000,
        "costOfRevenue": 70049000,
        "grossProfit": 735059000,
        "grossProfitRatio": 0.9129942815,
        "researchAndDevelopmentExpenses": 126288000,
        "generalAndAdministrativeExpenses": 0,
        "sellingAndMarketingExpenses": 0,
        "sellingGeneralAndAdministrativeExpenses": 269857000,
        "otherExpenses": 3338000,
        "operatingExpenses": 402059000,
        "costAndExpenses": 472108000,
        "interestIncome": 7199000,
        "interestExpense": 12551000,
        "depreciationAndAmortization": 39377000,
        "ebitda": 366488000,
        "ebitdaratio": 0.4552035255,
        "operatingIncome": 333000000,
        "operatingIncomeRatio": 0.4136091059,
        "totalOtherIncomeExpensesNet": -8228000,
        "incomeBeforeTax": 324772000,
        "incomeBeforeTaxRatio": 0.4033893589,
        "incomeTaxExpense": 50010000,
        "netIncome": 274762000,
        "netIncomeRatio": 0.3412734689,
        "eps": 3.16,
        "epsdiluted": 3.14,
        "weightedAverageShsOut": 86888000,
        "weightedAverageShsOutDil": 87541000,
        "link": "https://www.sec.gov/Archives/edgar/data/1013462/000101346224000007/0001013462-24-000007-index.htm",
        "finalLink": "https://www.sec.gov/Archives/edgar/data/1013462/000101346224000007/anss-20231231.htm"
    },
    {
        "date": "2023-09-30",
        "symbol": "ANSS",
        "reportedCurrency": "USD",
        "cik": "0001013462",
        "fillingDate": "2023-11-01",
        "acceptedDate": "2023-11-01 16:34:27",
        "calendarYear": "2023",
        "period": "Q3",
        "revenue": 458795000,
        "costOfRevenue": 65257000,
        "grossProfit": 393538000,
        "grossProfitRatio": 0.857764361,
        "researchAndDevelopmentExpenses": 123223000,
        "generalAndAdministrativeExpenses": 0,
        "sellingAndMarketingExpenses": 0,
        "sellingGeneralAndAdministrativeExpenses": 194552000,
        "otherExpenses": 96000,
        "operatingExpenses": 323722000,
        "costAndExpenses": 388979000,
        "interestIncome": 4909000,
        "interestExpense": 12276000,
        "depreciationAndAmortization": 40758000,
        "ebitda": 103699000,
        "ebitdaratio": 0.2260246951,
        "operatingIncome": 69816000,
        "operatingIncomeRatio": 0.1521725389,
        "totalOtherIncomeExpensesNet": -7271000,
        "incomeBeforeTax": 62545000,
        "incomeBeforeTaxRatio": 0.1363245022,
        "incomeTaxExpense": 7043000,
        "netIncome": 55502000,
        "netIncomeRatio": 0.1209734195,
        "eps": 0.64,
        "epsdiluted": 0.64,
        "weightedAverageShsOut": 86817000,
        "weightedAverageShsOutDil": 87381000,
        "link": "https://www.sec.gov/Archives/edgar/data/1013462/000101346223000055/0001013462-23-000055-index.htm",
        "finalLink": "https://www.sec.gov/Archives/edgar/data/1013462/000101346223000055/anss-20230930.htm"
    },
    {
        "date": "2023-06-30",
        "symbol": "ANSS",
        "reportedCurrency": "USD",
        "cik": "0001013462",
        "fillingDate": "2023-08-02",
        "acceptedDate": "2023-08-02 16:35:00",
        "calendarYear": "2023",
        "period": "Q2",
        "revenue": 496599000,
        "costOfRevenue": 68340000,
        "grossProfit": 428259000,
        "grossProfitRatio": 0.8623839355,
        "researchAndDevelopmentExpenses": 125023000,
        "generalAndAdministrativeExpenses": 0,
        "sellingAndMarketingExpenses": 0,
        "sellingGeneralAndAdministrativeExpenses": 202142000,
        "otherExpenses": -3483000,
        "operatingExpenses": 332635000,
        "costAndExpenses": 400975000,
        "interestIncome": 3402000,
        "interestExpense": 11560000,
        "depreciationAndAmortization": 38378000,
        "ebitda": 133921000,
        "ebitdaratio": 0.2696763385,
        "operatingIncome": 95624000,
        "operatingIncomeRatio": 0.192557778,
        "totalOtherIncomeExpensesNet": -11641000,
        "incomeBeforeTax": 83983000,
        "incomeBeforeTaxRatio": 0.1691163293,
        "incomeTaxExpense": 14457000,
        "netIncome": 69526000,
        "netIncomeRatio": 0.1400043093,
        "eps": 0.8,
        "epsdiluted": 0.8,
        "weightedAverageShsOut": 86696000,
        "weightedAverageShsOutDil": 87192000,
        "link": "https://www.sec.gov/Archives/edgar/data/1013462/000101346223000046/0001013462-23-000046-index.htm",
        "finalLink": "https://www.sec.gov/Archives/edgar/data/1013462/000101346223000046/anss-20230630.htm"
    },
    {
        "date": "2023-03-31",
        "symbol": "ANSS",
        "reportedCurrency": "USD",
        "cik": "0001013462",
        "fillingDate": "2023-05-03",
        "acceptedDate": "2023-05-03 16:37:06",
        "calendarYear": "2023",
        "period": "Q1",
        "revenue": 509447000,
        "costOfRevenue": 67652000,
        "grossProfit": 441795000,
        "grossProfitRatio": 0.8672050282,
        "researchAndDevelopmentExpenses": 120335000,
        "generalAndAdministrativeExpenses": 0,
        "sellingAndMarketingExpenses": 0,
        "sellingGeneralAndAdministrativeExpenses": 188584000,
        "otherExpenses": 5181000,
        "operatingExpenses": 314100000,
        "costAndExpenses": 381752000,
        "interestIncome": 4078000,
        "interestExpense": 10758000,
        "depreciationAndAmortization": 37505000,
        "ebitda": 159819000,
        "ebitdaratio": 0.3137107491,
        "operatingIncome": 127695000,
        "operatingIncomeRatio": 0.2506541407,
        "totalOtherIncomeExpensesNet": -6857000,
        "incomeBeforeTax": 120838000,
        "incomeBeforeTaxRatio": 0.2371944481,
        "incomeTaxExpense": 20216000,
        "netIncome": 100622000,
        "netIncomeRatio": 0.1975122044,
        "eps": 1.16,
        "epsdiluted": 1.15,
        "weightedAverageShsOut": 86930000,
        "weightedAverageShsOutDil": 87431000,
        "link": "https://www.sec.gov/Archives/edgar/data/1013462/000101346223000028/0001013462-23-000028-index.htm",
        "finalLink": "https://www.sec.gov/Archives/edgar/data/1013462/000101346223000028/anss-20230331.htm"
    },
    {
        "date": "2022-12-31",
        "symbol": "ANSS",
        "reportedCurrency": "USD",
        "cik": "0001013462",
        "fillingDate": "2023-02-22",
        "acceptedDate": "2023-02-22 16:38:20",
        "calendarYear": "2022",
        "period": "Q4",
        "revenue": 694115000,
        "costOfRevenue": 61427000,
        "grossProfit": 632688000,
        "grossProfitRatio": 0.9115031371,
        "researchAndDevelopmentExpenses": 111390000,
        "generalAndAdministrativeExpenses": 0,
        "sellingAndMarketingExpenses": 0,
        "sellingGeneralAndAdministrativeExpenses": 257450000,
        "otherExpenses": 3747000,
        "operatingExpenses": 372587000,
        "costAndExpenses": 434014000,
        "interestIncome": 3576000,
        "interestExpense": 9058000,
        "depreciationAndAmortization": 33689000,
        "ebitda": 288425000,
        "ebitdaratio": 0.415529127,
        "operatingIncome": 260101000,
        "operatingIncomeRatio": 0.3747232087,
        "totalOtherIncomeExpensesNet": -3690000,
        "incomeBeforeTax": 256411000,
        "incomeBeforeTaxRatio": 0.3694070867,
        "incomeTaxExpense": -1536000,
        "netIncome": 257947000,
        "netIncomeRatio": 0.3716199765,
        "eps": 2.96,
        "epsdiluted": 2.95,
        "weightedAverageShsOut": 87017000,
        "weightedAverageShsOutDil": 87473000,
        "link": "https://www.sec.gov/Archives/edgar/data/1013462/000101346223000013/0001013462-23-000013-index.htm",
        "finalLink": "https://www.sec.gov/Archives/edgar/data/1013462/000101346223000013/anss-20221231.htm"
    },
    {
        "date": "2022-09-30",
        "symbol": "ANSS",
        "reportedCurrency": "USD",
        "cik": "0001013462",
        "fillingDate": "2022-11-02",
        "acceptedDate": "2022-11-02 16:36:44",
        "calendarYear": "2022",
        "period": "Q3",
        "revenue": 472511000,
        "costOfRevenue": 61967000,
        "grossProfit": 410544000,
        "grossProfitRatio": 0.8688559631,
        "researchAndDevelopmentExpenses": 108056000,
        "generalAndAdministrativeExpenses": 0,
        "sellingAndMarketingExpenses": 0,
        "sellingGeneralAndAdministrativeExpenses": 175283000,
        "otherExpenses": 3821000,
        "operatingExpenses": 287160000,
        "costAndExpenses": 349127000,
        "interestIncome": 1345000,
        "interestExpense": 6092000,
        "depreciationAndAmortization": 34209000,
        "ebitda": 151611000,
        "ebitdaratio": 0.3208623715,
        "operatingIncome": 123384000,
        "operatingIncomeRatio": 0.2611240797,
        "totalOtherIncomeExpensesNet": -5403000,
        "incomeBeforeTax": 117981000,
        "incomeBeforeTaxRatio": 0.2496894252,
        "incomeTaxExpense": 22006000,
        "netIncome": 95975000,
        "netIncomeRatio": 0.2031169645,
        "eps": 1.1,
        "epsdiluted": 1.1,
        "weightedAverageShsOut": 87063000,
        "weightedAverageShsOutDil": 87418000,
        "link": "https://www.sec.gov/Archives/edgar/data/1013462/000101346222000031/0001013462-22-000031-index.htm",
        "finalLink": "https://www.sec.gov/Archives/edgar/data/1013462/000101346222000031/anss-20220930.htm"
    },
    {
        "date": "2022-06-30",
        "symbol": "ANSS",
        "reportedCurrency": "USD",
        "cik": "0001013462",
        "fillingDate": "2022-08-03",
        "acceptedDate": "2022-08-03 16:35:12",
        "calendarYear": "2022",
        "period": "Q2",
        "revenue": 473850000,
        "costOfRevenue": 62487000,
        "grossProfit": 411363000,
        "grossProfitRatio": 0.8681291548,
        "researchAndDevelopmentExpenses": 108941000,
        "generalAndAdministrativeExpenses": 0,
        "sellingAndMarketingExpenses": 0,
        "sellingGeneralAndAdministrativeExpenses": 170383000,
        "otherExpenses": 4029000,
        "operatingExpenses": 283353000,
        "costAndExpenses": 345840000,
        "interestIncome": 269000,
        "interestExpense": 4609000,
        "depreciationAndAmortization": 34753000,
        "ebitda": 156942000,
        "ebitdaratio": 0.3312060779,
        "operatingIncome": 128010000,
        "operatingIncomeRatio": 0.2701487813,
        "totalOtherIncomeExpensesNet": -5116000,
        "incomeBeforeTax": 122894000,
        "incomeBeforeTaxRatio": 0.2593521156,
        "incomeTaxExpense": 24094000,
        "netIncome": 98800000,
        "netIncomeRatio": 0.2085048011,
        "eps": 1.14,
        "epsdiluted": 1.13,
        "weightedAverageShsOut": 87001000,
        "weightedAverageShsOutDil": 87321000,
        "link": "https://www.sec.gov/Archives/edgar/data/1013462/000101346222000026/0001013462-22-000026-index.htm",
        "finalLink": "https://www.sec.gov/Archives/edgar/data/1013462/000101346222000026/anss-20220630.htm"
    },
    {
        "date": "2022-03-31",
        "symbol": "ANSS",
        "reportedCurrency": "USD",
        "cik": "0001013462",
        "fillingDate": "2022-05-04",
        "acceptedDate": "2022-05-04 16:39:21",
        "calendarYear": "2022",
        "period": "Q1",
        "revenue": 425077000,
        "costOfRevenue": 64760000,
        "grossProfit": 360317000,
        "grossProfitRatio": 0.8476511314,
        "researchAndDevelopmentExpenses": 105274000,
        "generalAndAdministrativeExpenses": 0,
        "sellingAndMarketingExpenses": 0,
        "sellingGeneralAndAdministrativeExpenses": 169755000,
        "otherExpenses": 4125000,
        "operatingExpenses": 279154000,
        "costAndExpenses": 343914000,
        "interestIncome": 527000,
        "interestExpense": 2967000,
        "depreciationAndAmortization": 34633000,
        "ebitda": 110243000,
        "ebitdaratio": 0.2593483063,
        "operatingIncome": 81163000,
        "operatingIncomeRatio": 0.1909371714,
        "totalOtherIncomeExpensesNet": -3134000,
        "incomeBeforeTax": 78029000,
        "incomeBeforeTaxRatio": 0.1835643895,
        "incomeTaxExpense": 7041000,
        "netIncome": 70988000,
        "netIncomeRatio": 0.1670003317,
        "eps": 0.81,
        "epsdiluted": 0.81,
        "weightedAverageShsOut": 87122000,
        "weightedAverageShsOutDil": 87750000,
        "link": "https://www.sec.gov/Archives/edgar/data/1013462/000101346222000012/0001013462-22-000012-index.htm",
        "finalLink": "https://www.sec.gov/Archives/edgar/data/1013462/000101346222000012/anss-20220331.htm"
    },
    {
        "date": "2021-12-31",
        "symbol": "ANSS",
        "reportedCurrency": "USD",
        "cik": "0001013462",
        "fillingDate": "2022-02-23",
        "acceptedDate": "2022-02-23 16:38:01",
        "calendarYear": "2021",
        "period": "Q4",
        "revenue": 655667000,
        "costOfRevenue": 68977000,
        "grossProfit": 586690000,
        "grossProfitRatio": 0.8947987317,
        "researchAndDevelopmentExpenses": 101489000,
        "generalAndAdministrativeExpenses": 0,
        "sellingAndMarketingExpenses": 0,
        "sellingGeneralAndAdministrativeExpenses": 243384000,
        "otherExpenses": 0,
        "operatingExpenses": 347842000,
        "costAndExpenses": 416819000,
        "interestIncome": 534000,
        "interestExpense": 2811000,
        "depreciationAndAmortization": 31664000,
        "ebitda": 269448000,
        "ebitdaratio": 0.410952511,
        "operatingIncome": 238848000,
        "operatingIncomeRatio": 0.3642824788,
        "totalOtherIncomeExpensesNet": -3875000,
        "incomeBeforeTax": 234973000,
        "incomeBeforeTaxRatio": 0.3583724665,
        "incomeTaxExpense": 31802000,
        "netIncome": 203171000,
        "netIncomeRatio": 0.3098691866,
        "eps": 2.33,
        "epsdiluted": 2.3,
        "weightedAverageShsOut": 87186000,
        "weightedAverageShsOutDil": 88201000,
        "link": "https://www.sec.gov/Archives/edgar/data/1013462/000101346222000005/0001013462-22-000005-index.htm",
        "finalLink": "https://www.sec.gov/Archives/edgar/data/1013462/000101346222000005/anss-20211231.htm"
    },
    {
        "date": "2021-09-30",
        "symbol": "ANSS",
        "reportedCurrency": "USD",
        "cik": "0001013462",
        "fillingDate": "2021-11-03",
        "acceptedDate": "2021-11-03 16:35:13",
        "calendarYear": "2021",
        "period": "Q3",
        "revenue": 441168000,
        "costOfRevenue": 62746000,
        "grossProfit": 378422000,
        "grossProfitRatio": 0.8577730026,
        "researchAndDevelopmentExpenses": 102023000,
        "generalAndAdministrativeExpenses": 0,
        "sellingAndMarketingExpenses": 0,
        "sellingGeneralAndAdministrativeExpenses": 165368000,
        "otherExpenses": -1328000,
        "operatingExpenses": 270794000,
        "costAndExpenses": 333540000,
        "interestIncome": 541000,
        "interestExpense": 2943000,
        "depreciationAndAmortization": 32150000,
        "ebitda": 133982000,
        "ebitdaratio": 0.3036983643,
        "operatingIncome": 107628000,
        "operatingIncomeRatio": 0.2439614841,
        "totalOtherIncomeExpensesNet": -3730000,
        "incomeBeforeTax": 103898000,
        "incomeBeforeTaxRatio": 0.2355066551,
        "incomeTaxExpense": 18556000,
        "netIncome": 85342000,
        "netIncomeRatio": 0.1934455808,
        "eps": 0.98,
        "epsdiluted": 0.97,
        "weightedAverageShsOut": 87239000,
        "weightedAverageShsOutDil": 88169000,
        "link": "https://www.sec.gov/Archives/edgar/data/1013462/000101346221000048/0001013462-21-000048-index.htm",
        "finalLink": "https://www.sec.gov/Archives/edgar/data/1013462/000101346221000048/anss-20210930.htm"
    },
    {
        "date": "2021-06-30",
        "symbol": "ANSS",
        "reportedCurrency": "USD",
        "cik": "0001013462",
        "fillingDate": "2021-08-04",
        "acceptedDate": "2021-08-04 16:37:24",
        "calendarYear": "2021",
        "period": "Q2",
        "revenue": 446654000,
        "costOfRevenue": 64158000,
        "grossProfit": 382496000,
        "grossProfitRatio": 0.8563586132,
        "researchAndDevelopmentExpenses": 100879000,
        "generalAndAdministrativeExpenses": 0,
        "sellingAndMarketingExpenses": 0,
        "sellingGeneralAndAdministrativeExpenses": 160410000,
        "otherExpenses": 14937000,
        "operatingExpenses": 265723000,
        "costAndExpenses": 329881000,
        "interestIncome": 486000,
        "interestExpense": 3336000,
        "depreciationAndAmortization": 32465000,
        "ebitda": 143837000,
        "ebitdaratio": 0.3220322666,
        "operatingIncome": 116773000,
        "operatingIncomeRatio": 0.2614395035,
        "totalOtherIncomeExpensesNet": 12087000,
        "incomeBeforeTax": 128860000,
        "incomeBeforeTaxRatio": 0.2885007187,
        "incomeTaxExpense": 35144000,
        "netIncome": 93716000,
        "netIncomeRatio": 0.2098178904,
        "eps": 1.08,
        "epsdiluted": 1.06,
        "weightedAverageShsOut": 87168000,
        "weightedAverageShsOutDil": 88053000,
        "link": "https://www.sec.gov/Archives/edgar/data/1013462/000101346221000039/0001013462-21-000039-index.htm",
        "finalLink": "https://www.sec.gov/Archives/edgar/data/1013462/000101346221000039/anss-20210630.htm"
    },
    {
        "date": "2021-03-31",
        "symbol": "ANSS",
        "reportedCurrency": "USD",
        "cik": "0001013462",
        "fillingDate": "2021-05-05",
        "acceptedDate": "2021-05-05 16:39:54",
        "calendarYear": "2021",
        "period": "Q1",
        "revenue": 363226000,
        "costOfRevenue": 62103000,
        "grossProfit": 301123000,
        "grossProfitRatio": 0.8290238034,
        "researchAndDevelopmentExpenses": 100479000,
        "generalAndAdministrativeExpenses": 0,
        "sellingAndMarketingExpenses": 0,
        "sellingGeneralAndAdministrativeExpenses": 146215000,
        "otherExpenses": 399000,
        "operatingExpenses": 251101000,
        "costAndExpenses": 313204000,
        "interestIncome": 517000,
        "interestExpense": 3315000,
        "depreciationAndAmortization": 32781000,
        "ebitda": 83719000,
        "ebitdaratio": 0.230487355,
        "operatingIncome": 50022000,
        "operatingIncomeRatio": 0.1377159124,
        "totalOtherIncomeExpensesNet": -2399000,
        "incomeBeforeTax": 47623000,
        "incomeBeforeTaxRatio": 0.131111209,
        "incomeTaxExpense": -24775000,
        "netIncome": 72398000,
        "netIncomeRatio": 0.199319432,
        "eps": 0.83,
        "epsdiluted": 0.82,
        "weightedAverageShsOut": 86808000,
        "weightedAverageShsOutDil": 87986000,
        "link": "https://www.sec.gov/Archives/edgar/data/1013462/000101346221000017/0001013462-21-000017-index.htm",
        "finalLink": "https://www.sec.gov/Archives/edgar/data/1013462/000101346221000017/anss-20210331.htm"
    },
    {
        "date": "2020-12-31",
        "symbol": "ANSS",
        "reportedCurrency": "USD",
        "cik": "0001013462",
        "fillingDate": "2021-02-24",
        "acceptedDate": "2021-02-24 16:18:49",
        "calendarYear": "2020",
        "period": "Q4",
        "revenue": 623686000,
        "costOfRevenue": 67903000,
        "grossProfit": 555783000,
        "grossProfitRatio": 0.8911263039,
        "researchAndDevelopmentExpenses": 96510000,
        "generalAndAdministrativeExpenses": 130522000,
        "sellingAndMarketingExpenses": 65323000,
        "sellingGeneralAndAdministrativeExpenses": 195845000,
        "otherExpenses": 315000,
        "operatingExpenses": 296392000,
        "costAndExpenses": 364295000,
        "interestIncome": 610000,
        "interestExpense": 2444000,
        "depreciationAndAmortization": 4037000,
        "ebitda": 289029000,
        "ebitdaratio": 0.4634206957,
        "operatingIncome": 259391000,
        "operatingIncomeRatio": 0.4158999881,
        "totalOtherIncomeExpensesNet": -1519000,
        "incomeBeforeTax": 257872000,
        "incomeBeforeTaxRatio": 0.4134644677,
        "incomeTaxExpense": 42240000,
        "netIncome": 215632000,
        "netIncomeRatio": 0.3457380797,
        "eps": 2.5,
        "epsdiluted": 2.46,
        "weightedAverageShsOut": 86115000,
        "weightedAverageShsOutDil": 87626000,
        "link": "https://www.sec.gov/Archives/edgar/data/1013462/000101346221000009/0001013462-21-000009-index.htm",
        "finalLink": "https://www.sec.gov/Archives/edgar/data/1013462/000101346221000009/anss-20201231.htm"
    },
    {
        "date": "2020-09-30",
        "symbol": "ANSS",
        "reportedCurrency": "USD",
        "cik": "0001013462",
        "fillingDate": "2020-11-04",
        "acceptedDate": "2020-11-04 16:27:04",
        "calendarYear": "2020",
        "period": "Q3",
        "revenue": 366965000,
        "costOfRevenue": 53385000,
        "grossProfit": 313580000,
        "grossProfitRatio": 0.8545229109,
        "researchAndDevelopmentExpenses": 86616000,
        "generalAndAdministrativeExpenses": 0,
        "sellingAndMarketingExpenses": 0,
        "sellingGeneralAndAdministrativeExpenses": 132642000,
        "otherExpenses": 11000,
        "operatingExpenses": 223495000,
        "costAndExpenses": 276880000,
        "interestIncome": 754000,
        "interestExpense": 1853000,
        "depreciationAndAmortization": 20841000,
        "ebitda": 112475000,
        "ebitdaratio": 0.30650062,
        "operatingIncome": 90085000,
        "operatingIncomeRatio": 0.2454866268,
        "totalOtherIncomeExpensesNet": 59000,
        "incomeBeforeTax": 90144000,
        "incomeBeforeTaxRatio": 0.2456474051,
        "incomeTaxExpense": 14517000,
        "netIncome": 75627000,
        "netIncomeRatio": 0.206087774,
        "eps": 0.88,
        "epsdiluted": 0.87,
        "weightedAverageShsOut": 85798000,
        "weightedAverageShsOutDil": 87224000,
        "link": "https://www.sec.gov/Archives/edgar/data/1013462/000101346220000040/0001013462-20-000040-index.htm",
        "finalLink": "https://www.sec.gov/Archives/edgar/data/1013462/000101346220000040/anss-20200930.htm"
    },
    {
        "date": "2020-06-30",
        "symbol": "ANSS",
        "reportedCurrency": "USD",
        "cik": "0001013462",
        "fillingDate": "2020-08-05",
        "acceptedDate": "2020-08-05 16:32:16",
        "calendarYear": "2020",
        "period": "Q2",
        "revenue": 385661000,
        "costOfRevenue": 53860000,
        "grossProfit": 331801000,
        "grossProfitRatio": 0.8603436697,
        "researchAndDevelopmentExpenses": 86133000,
        "generalAndAdministrativeExpenses": 0,
        "sellingAndMarketingExpenses": 0,
        "sellingGeneralAndAdministrativeExpenses": 128698000,
        "otherExpenses": -1000,
        "operatingExpenses": 218994000,
        "costAndExpenses": 272854000,
        "interestIncome": 934000,
        "interestExpense": 3040000,
        "depreciationAndAmortization": 20654000,
        "ebitda": 133770000,
        "ebitdaratio": 0.346859029,
        "operatingIncome": 112807000,
        "operatingIncomeRatio": 0.2925030013,
        "totalOtherIncomeExpensesNet": -222000,
        "incomeBeforeTax": 112585000,
        "incomeBeforeTaxRatio": 0.2919273663,
        "incomeTaxExpense": 16021000,
        "netIncome": 96564000,
        "netIncomeRatio": 0.2503857014,
        "eps": 1.13,
        "epsdiluted": 1.11,
        "weightedAverageShsOut": 85651000,
        "weightedAverageShsOutDil": 86934000,
        "link": "https://www.sec.gov/Archives/edgar/data/1013462/000101346220000028/0001013462-20-000028-index.htm",
        "finalLink": "https://www.sec.gov/Archives/edgar/data/1013462/000101346220000028/anss-20200630.htm"
    },
    {
        "date": "2020-03-31",
        "symbol": "ANSS",
        "reportedCurrency": "USD",
        "cik": "0001013462",
        "fillingDate": "2020-05-06",
        "acceptedDate": "2020-05-06 16:54:48",
        "calendarYear": "2020",
        "period": "Q1",
        "revenue": 304985000,
        "costOfRevenue": 50116000,
        "grossProfit": 254869000,
        "grossProfitRatio": 0.8356771645,
        "researchAndDevelopmentExpenses": 86112000,
        "generalAndAdministrativeExpenses": 130522000,
        "sellingAndMarketingExpenses": 0,
        "sellingGeneralAndAdministrativeExpenses": 130522000,
        "otherExpenses": -19000,
        "operatingExpenses": 220796000,
        "costAndExpenses": 270912000,
        "interestIncome": 2775000,
        "interestExpense": 3651000,
        "depreciationAndAmortization": 20702000,
        "ebitda": 55725000,
        "ebitdaratio": 0.182713904,
        "operatingIncome": 34073000,
        "operatingIncomeRatio": 0.1117202485,
        "totalOtherIncomeExpensesNet": -749000,
        "incomeBeforeTax": 33324000,
        "incomeBeforeTaxRatio": 0.1092643901,
        "incomeTaxExpense": -12740000,
        "netIncome": 46064000,
        "netIncomeRatio": 0.1510369362,
        "eps": 0.54,
        "epsdiluted": 0.53,
        "weightedAverageShsOut": 85798000,
        "weightedAverageShsOutDil": 87369000,
        "link": "https://www.sec.gov/Archives/edgar/data/1013462/000101346220000015/0001013462-20-000015-index.htm",
        "finalLink": "https://www.sec.gov/Archives/edgar/data/1013462/000101346220000015/anss2020033110q.htm"
    },
    {
        "date": "2019-12-31",
        "symbol": "ANSS",
        "reportedCurrency": "USD",
        "cik": "0001013462",
        "fillingDate": "2020-02-27",
        "acceptedDate": "2020-02-27 10:57:42",
        "calendarYear": "2019",
        "period": "Q4",
        "revenue": 486228000,
        "costOfRevenue": 49596000,
        "grossProfit": 436632000,
        "grossProfitRatio": 0.8979984699,
        "researchAndDevelopmentExpenses": 79152000,
        "generalAndAdministrativeExpenses": 167937000,
        "sellingAndMarketingExpenses": 0,
        "sellingGeneralAndAdministrativeExpenses": 167937000,
        "otherExpenses": -855000,
        "operatingExpenses": 250916000,
        "costAndExpenses": 300512000,
        "interestIncome": 3186000,
        "interestExpense": 2900000,
        "depreciationAndAmortization": 3827000,
        "ebitda": 207994000,
        "ebitdaratio": 0.427770511,
        "operatingIncome": 185716000,
        "operatingIncomeRatio": 0.3819524997,
        "totalOtherIncomeExpensesNet": -569000,
        "incomeBeforeTax": 185147000,
        "incomeBeforeTaxRatio": 0.3807822668,
        "incomeTaxExpense": 19295000,
        "netIncome": 165852000,
        "netIncomeRatio": 0.3410992374,
        "eps": 1.95,
        "epsdiluted": 1.91,
        "weightedAverageShsOut": 85183000,
        "weightedAverageShsOutDil": 86992000,
        "link": "https://www.sec.gov/Archives/edgar/data/1013462/000101346220000004/0001013462-20-000004-index.htm",
        "finalLink": "https://www.sec.gov/Archives/edgar/data/1013462/000101346220000004/anss2019123110k.htm"
    },
    {
        "date": "2019-09-30",
        "symbol": "ANSS",
        "reportedCurrency": "USD",
        "cik": "0001013462",
        "fillingDate": "2019-11-07",
        "acceptedDate": "2019-11-07 10:35:05",
        "calendarYear": "2019",
        "period": "Q3",
        "revenue": 343899000,
        "costOfRevenue": 41365000,
        "grossProfit": 302534000,
        "grossProfitRatio": 0.8797175915,
        "researchAndDevelopmentExpenses": 73018000,
        "generalAndAdministrativeExpenses": 120682000,
        "sellingAndMarketingExpenses": 0,
        "sellingGeneralAndAdministrativeExpenses": 120682000,
        "otherExpenses": 594000,
        "operatingExpenses": 197487000,
        "costAndExpenses": 238852000,
        "interestIncome": 3188000,
        "interestExpense": 239000,
        "depreciationAndAmortization": 3787000,
        "ebitda": 122276000,
        "ebitdaratio": 0.3555578818,
        "operatingIncome": 105047000,
        "operatingIncomeRatio": 0.3054588702,
        "totalOtherIncomeExpensesNet": 3782000,
        "incomeBeforeTax": 108829000,
        "incomeBeforeTaxRatio": 0.3164562851,
        "incomeTaxExpense": 19366000,
        "netIncome": 89463000,
        "netIncomeRatio": 0.2601432397,
        "eps": 1.06,
        "epsdiluted": 1.04,
        "weightedAverageShsOut": 84109000,
        "weightedAverageShsOutDil": 85733000,
        "link": "https://www.sec.gov/Archives/edgar/data/1013462/000101346219000013/0001013462-19-000013-index.htm",
        "finalLink": "https://www.sec.gov/Archives/edgar/data/1013462/000101346219000013/anss2019093010q.htm"
    },
    {
        "date": "2019-06-30",
        "symbol": "ANSS",
        "reportedCurrency": "USD",
        "cik": "0001013462",
        "fillingDate": "2019-08-06",
        "acceptedDate": "2019-08-06 10:13:01",
        "calendarYear": "2019",
        "period": "Q2",
        "revenue": 368635000,
        "costOfRevenue": 40497000,
        "grossProfit": 328138000,
        "grossProfitRatio": 0.8901433667,
        "researchAndDevelopmentExpenses": 75302000,
        "generalAndAdministrativeExpenses": 120412000,
        "sellingAndMarketingExpenses": 0,
        "sellingGeneralAndAdministrativeExpenses": 120412000,
        "otherExpenses": -1667000,
        "operatingExpenses": 199510000,
        "costAndExpenses": 240007000,
        "interestIncome": 2980000,
        "interestExpense": 231000,
        "depreciationAndAmortization": 3796000,
        "ebitda": 143181000,
        "ebitdaratio": 0.3884085884,
        "operatingIncome": 128628000,
        "operatingIncomeRatio": 0.3489305139,
        "totalOtherIncomeExpensesNet": 1313000,
        "incomeBeforeTax": 129941000,
        "incomeBeforeTaxRatio": 0.3524923027,
        "incomeTaxExpense": 20191000,
        "netIncome": 109750000,
        "netIncomeRatio": 0.2977199669,
        "eps": 1.31,
        "epsdiluted": 1.28,
        "weightedAverageShsOut": 83978000,
        "weightedAverageShsOutDil": 85483000,
        "link": "https://www.sec.gov/Archives/edgar/data/1013462/000101346219000011/0001013462-19-000011-index.htm",
        "finalLink": "https://www.sec.gov/Archives/edgar/data/1013462/000101346219000011/anss2019063010q.htm"
    },
    {
        "date": "2019-03-31",
        "symbol": "ANSS",
        "reportedCurrency": "USD",
        "cik": "0001013462",
        "fillingDate": "2019-05-02",
        "acceptedDate": "2019-05-02 10:00:34",
        "calendarYear": "2019",
        "period": "Q1",
        "revenue": 317130000,
        "costOfRevenue": 34815000,
        "grossProfit": 282315000,
        "grossProfitRatio": 0.8902185224,
        "researchAndDevelopmentExpenses": 70738000,
        "generalAndAdministrativeExpenses": 112169000,
        "sellingAndMarketingExpenses": 0,
        "sellingGeneralAndAdministrativeExpenses": 112169000,
        "otherExpenses": -425000,
        "operatingExpenses": 186666000,
        "costAndExpenses": 221481000,
        "interestIncome": 3442000,
        "interestExpense": 91000,
        "depreciationAndAmortization": 3759000,
        "ebitda": 111764000,
        "ebitdaratio": 0.3524232964,
        "operatingIncome": 95649000,
        "operatingIncomeRatio": 0.3016081733,
        "totalOtherIncomeExpensesNet": 3017000,
        "incomeBeforeTax": 98666000,
        "incomeBeforeTaxRatio": 0.311121622,
        "incomeTaxExpense": 12436000,
        "netIncome": 86230000,
        "netIncomeRatio": 0.2719074197,
        "eps": 1.03,
        "epsdiluted": 1.01,
        "weightedAverageShsOut": 83764000,
        "weightedAverageShsOutDil": 85493000,
        "link": "https://www.sec.gov/Archives/edgar/data/1013462/000101346219000008/0001013462-19-000008-index.htm",
        "finalLink": "https://www.sec.gov/Archives/edgar/data/1013462/000101346219000008/anss2019033110q.htm"
    },
    {
        "date": "2018-12-31",
        "symbol": "ANSS",
        "reportedCurrency": "USD",
        "cik": "0001013462",
        "fillingDate": "2019-02-28",
        "acceptedDate": "2019-02-28 12:10:34",
        "calendarYear": "2018",
        "period": "Q4",
        "revenue": 415432000,
        "costOfRevenue": 40089000,
        "grossProfit": 375343000,
        "grossProfitRatio": 0.9035004525,
        "researchAndDevelopmentExpenses": 58896000,
        "generalAndAdministrativeExpenses": 133137000,
        "sellingAndMarketingExpenses": 0,
        "sellingGeneralAndAdministrativeExpenses": 133137000,
        "otherExpenses": 1381000,
        "operatingExpenses": 195407000,
        "costAndExpenses": 235496000,
        "interestIncome": 3745000,
        "interestExpense": 0,
        "depreciationAndAmortization": 3374000,
        "ebitda": 191850000,
        "ebitdaratio": 0.4618084307,
        "operatingIncome": 179936000,
        "operatingIncomeRatio": 0.4331298504,
        "totalOtherIncomeExpensesNet": 5126000,
        "incomeBeforeTax": 185062000,
        "incomeBeforeTaxRatio": 0.4454688132,
        "incomeTaxExpense": 31899000,
        "netIncome": 153163000,
        "netIncomeRatio": 0.3686836835,
        "eps": 1.83,
        "epsdiluted": 1.79,
        "weightedAverageShsOut": 83699000,
        "weightedAverageShsOutDil": 85472000,
        "link": "https://www.sec.gov/Archives/edgar/data/1013462/000101346219000003/0001013462-19-000003-index.htm",
        "finalLink": "https://www.sec.gov/Archives/edgar/data/1013462/000101346219000003/anss2018123110k.htm"
    },
    {
        "date": "2018-09-30",
        "symbol": "ANSS",
        "reportedCurrency": "USD",
        "cik": "0001013462",
        "fillingDate": "2018-11-08",
        "acceptedDate": "2018-11-08 10:12:25",
        "calendarYear": "2018",
        "period": "Q3",
        "revenue": 289418000,
        "costOfRevenue": 36308000,
        "grossProfit": 253110000,
        "grossProfitRatio": 0.8745482313,
        "researchAndDevelopmentExpenses": 59019000,
        "generalAndAdministrativeExpenses": 97576000,
        "sellingAndMarketingExpenses": 0,
        "sellingGeneralAndAdministrativeExpenses": 97576000,
        "otherExpenses": -974000,
        "operatingExpenses": 160086000,
        "costAndExpenses": 196394000,
        "interestIncome": 3213000,
        "interestExpense": 0,
        "depreciationAndAmortization": 3491000,
        "ebitda": 106627000,
        "ebitdaratio": 0.3684186885,
        "operatingIncome": 93024000,
        "operatingIncomeRatio": 0.3214174654,
        "totalOtherIncomeExpensesNet": 2239000,
        "incomeBeforeTax": 95263000,
        "incomeBeforeTaxRatio": 0.3291536808,
        "incomeTaxExpense": 5927000,
        "netIncome": 89336000,
        "netIncomeRatio": 0.3086746505,
        "eps": 1.06,
        "epsdiluted": 1.04,
        "weightedAverageShsOut": 84158000,
        "weightedAverageShsOutDil": 86043000,
        "link": "https://www.sec.gov/Archives/edgar/data/1013462/000101346218000012/0001013462-18-000012-index.htm",
        "finalLink": "https://www.sec.gov/Archives/edgar/data/1013462/000101346218000012/anss2018093010q.htm"
    },
    {
        "date": "2018-06-30",
        "symbol": "ANSS",
        "reportedCurrency": "USD",
        "cik": "0001013462",
        "fillingDate": "2018-08-07",
        "acceptedDate": "2018-08-07 10:20:40",
        "calendarYear": "2018",
        "period": "Q2",
        "revenue": 305913000,
        "costOfRevenue": 40450000,
        "grossProfit": 265463000,
        "grossProfitRatio": 0.8677728635,
        "researchAndDevelopmentExpenses": 58357000,
        "generalAndAdministrativeExpenses": 95058000,
        "sellingAndMarketingExpenses": 0,
        "sellingGeneralAndAdministrativeExpenses": 95058000,
        "otherExpenses": -1007000,
        "operatingExpenses": 156910000,
        "costAndExpenses": 197360000,
        "interestIncome": 2176000,
        "interestExpense": 0,
        "depreciationAndAmortization": 3495000,
        "ebitda": 125678000,
        "ebitdaratio": 0.4108292227,
        "operatingIncome": 108553000,
        "operatingIncomeRatio": 0.3548492545,
        "totalOtherIncomeExpensesNet": 1169000,
        "incomeBeforeTax": 109722000,
        "incomeBeforeTaxRatio": 0.3586706024,
        "incomeTaxExpense": 17126000,
        "netIncome": 92596000,
        "netIncomeRatio": 0.3026873654,
        "eps": 1.1,
        "epsdiluted": 1.08,
        "weightedAverageShsOut": 84105000,
        "weightedAverageShsOutDil": 85986000,
        "link": "https://www.sec.gov/Archives/edgar/data/1013462/000101346218000010/0001013462-18-000010-index.htm",
        "finalLink": "https://www.sec.gov/Archives/edgar/data/1013462/000101346218000010/anss2018063010q.htm"
    },
    {
        "date": "2018-03-31",
        "symbol": "ANSS",
        "reportedCurrency": "USD",
        "cik": "0001013462",
        "fillingDate": "2018-05-03",
        "acceptedDate": "2018-05-03 10:20:04",
        "calendarYear": "2018",
        "period": "Q1",
        "revenue": 282873000,
        "costOfRevenue": 39038000,
        "grossProfit": 243835000,
        "grossProfitRatio": 0.8619946054,
        "researchAndDevelopmentExpenses": 57530000,
        "generalAndAdministrativeExpenses": 87809000,
        "sellingAndMarketingExpenses": 0,
        "sellingGeneralAndAdministrativeExpenses": 87809000,
        "otherExpenses": -308000,
        "operatingExpenses": 148774000,
        "costAndExpenses": 187812000,
        "interestIncome": 2285000,
        "interestExpense": 0,
        "depreciationAndAmortization": 3435000,
        "ebitda": 111674000,
        "ebitdaratio": 0.3947849388,
        "operatingIncome": 95061000,
        "operatingIncomeRatio": 0.336055403,
        "totalOtherIncomeExpensesNet": 1977000,
        "incomeBeforeTax": 97038000,
        "incomeBeforeTaxRatio": 0.3430444051,
        "incomeTaxExpense": 12758000,
        "netIncome": 84280000,
        "netIncomeRatio": 0.2979428931,
        "eps": 1,
        "epsdiluted": 0.98,
        "weightedAverageShsOut": 83931000,
        "weightedAverageShsOutDil": 86152000,
        "link": "https://www.sec.gov/Archives/edgar/data/1013462/000101346218000007/0001013462-18-000007-index.htm",
        "finalLink": "https://www.sec.gov/Archives/edgar/data/1013462/000101346218000007/anss2018033110q.htm"
    },
    {
        "date": "2017-12-31",
        "symbol": "ANSS",
        "reportedCurrency": "USD",
        "cik": "0001013462",
        "fillingDate": "2018-02-22",
        "acceptedDate": "2018-02-22 11:13:42",
        "calendarYear": "2017",
        "period": "Q4",
        "revenue": 302336000,
        "costOfRevenue": 40812000,
        "grossProfit": 261524000,
        "grossProfitRatio": 0.8650111135,
        "researchAndDevelopmentExpenses": 49222000,
        "generalAndAdministrativeExpenses": 108157000,
        "sellingAndMarketingExpenses": 0,
        "sellingGeneralAndAdministrativeExpenses": 108157000,
        "otherExpenses": -484000,
        "operatingExpenses": 160845000,
        "costAndExpenses": 201657000,
        "interestIncome": 2135000,
        "interestExpense": 0,
        "depreciationAndAmortization": 3466000,
        "ebitda": 118418000,
        "ebitdaratio": 0.3916768099,
        "operatingIncome": 100679000,
        "operatingIncomeRatio": 0.333003678,
        "totalOtherIncomeExpensesNet": 1651000,
        "incomeBeforeTax": 102330000,
        "incomeBeforeTaxRatio": 0.3384644898,
        "incomeTaxExpense": 49745000,
        "netIncome": 52585000,
        "netIncomeRatio": 0.1739290061,
        "eps": 0.62,
        "epsdiluted": 0.61,
        "weightedAverageShsOut": 84557000,
        "weightedAverageShsOutDil": 86709000,
        "link": "https://www.sec.gov/Archives/edgar/data/1013462/000101346218000004/0001013462-18-000004-index.htm",
        "finalLink": "https://www.sec.gov/Archives/edgar/data/1013462/000101346218000004/anss2017123110k.htm"
    },
    {
        "date": "2017-09-30",
        "symbol": "ANSS",
        "reportedCurrency": "USD",
        "cik": "0001013462",
        "fillingDate": "2017-11-02",
        "acceptedDate": "2017-11-02 10:36:48",
        "calendarYear": "2017",
        "period": "Q3",
        "revenue": 275585000,
        "costOfRevenue": 35983000,
        "grossProfit": 239602000,
        "grossProfitRatio": 0.8694304842,
        "researchAndDevelopmentExpenses": 50144000,
        "generalAndAdministrativeExpenses": 80015000,
        "sellingAndMarketingExpenses": 0,
        "sellingGeneralAndAdministrativeExpenses": 80015000,
        "otherExpenses": -168000,
        "operatingExpenses": 133419000,
        "costAndExpenses": 169402000,
        "interestIncome": 1910000,
        "interestExpense": 0,
        "depreciationAndAmortization": 3260000,
        "ebitda": 123113000,
        "ebitdaratio": 0.4467333128,
        "operatingIncome": 106183000,
        "operatingIncomeRatio": 0.3853003611,
        "totalOtherIncomeExpensesNet": 1742000,
        "incomeBeforeTax": 107925000,
        "incomeBeforeTaxRatio": 0.3916214598,
        "incomeTaxExpense": 34295000,
        "netIncome": 73630000,
        "netIncomeRatio": 0.267177096,
        "eps": 0.87,
        "epsdiluted": 0.85,
        "weightedAverageShsOut": 84774000,
        "weightedAverageShsOutDil": 86588000,
        "link": "https://www.sec.gov/Archives/edgar/data/1013462/000101346217000010/0001013462-17-000010-index.htm",
        "finalLink": "https://www.sec.gov/Archives/edgar/data/1013462/000101346217000010/anss2017093010q.htm"
    },
    {
        "date": "2017-06-30",
        "symbol": "ANSS",
        "reportedCurrency": "USD",
        "cik": "0001013462",
        "fillingDate": "2017-08-03",
        "acceptedDate": "2017-08-03 09:52:00",
        "calendarYear": "2017",
        "period": "Q2",
        "revenue": 263924000,
        "costOfRevenue": 36338000,
        "grossProfit": 227586000,
        "grossProfitRatio": 0.8623164244,
        "researchAndDevelopmentExpenses": 49002000,
        "generalAndAdministrativeExpenses": 77051000,
        "sellingAndMarketingExpenses": 0,
        "sellingGeneralAndAdministrativeExpenses": 77051000,
        "otherExpenses": -190000,
        "operatingExpenses": 129192000,
        "costAndExpenses": 165530000,
        "interestIncome": 1668000,
        "interestExpense": 0,
        "depreciationAndAmortization": 3139000,
        "ebitda": 114812000,
        "ebitdaratio": 0.4350191722,
        "operatingIncome": 98394000,
        "operatingIncomeRatio": 0.3728118701,
        "totalOtherIncomeExpensesNet": 1478000,
        "incomeBeforeTax": 99872000,
        "incomeBeforeTaxRatio": 0.3784119671,
        "incomeTaxExpense": 30142000,
        "netIncome": 69730000,
        "netIncomeRatio": 0.2642048468,
        "eps": 0.82,
        "epsdiluted": 0.8,
        "weightedAverageShsOut": 85167000,
        "weightedAverageShsOutDil": 86895000,
        "link": "https://www.sec.gov/Archives/edgar/data/1013462/000101346217000007/0001013462-17-000007-index.htm",
        "finalLink": "https://www.sec.gov/Archives/edgar/data/1013462/000101346217000007/anss2017063010q.htm"
    },
    {
        "date": "2017-03-31",
        "symbol": "ANSS",
        "reportedCurrency": "USD",
        "cik": "0001013462",
        "fillingDate": "2017-05-04",
        "acceptedDate": "2017-05-04 10:16:06",
        "calendarYear": "2017",
        "period": "Q1",
        "revenue": 253405000,
        "costOfRevenue": 37031000,
        "grossProfit": 216374000,
        "grossProfitRatio": 0.8538663404,
        "researchAndDevelopmentExpenses": 54378000,
        "generalAndAdministrativeExpenses": 73417000,
        "sellingAndMarketingExpenses": 0,
        "sellingGeneralAndAdministrativeExpenses": 73417000,
        "otherExpenses": -1154000,
        "operatingExpenses": 130902000,
        "costAndExpenses": 167933000,
        "interestIncome": 1249000,
        "interestExpense": 0,
        "depreciationAndAmortization": 3107000,
        "ebitda": 102063000,
        "ebitdaratio": 0.4027663227,
        "operatingIncome": 85472000,
        "operatingIncomeRatio": 0.337294055,
        "totalOtherIncomeExpensesNet": 95000,
        "incomeBeforeTax": 85567000,
        "incomeBeforeTaxRatio": 0.3376689489,
        "incomeTaxExpense": 22261000,
        "netIncome": 63306000,
        "netIncomeRatio": 0.2498214321,
        "eps": 0.74,
        "epsdiluted": 0.73,
        "weightedAverageShsOut": 85456000,
        "weightedAverageShsOutDil": 87224000,
        "link": "https://www.sec.gov/Archives/edgar/data/1013462/000101346217000005/0001013462-17-000005-index.htm",
        "finalLink": "https://www.sec.gov/Archives/edgar/data/1013462/000101346217000005/anss2017033110q.htm"
    },
    {
        "date": "2016-12-31",
        "symbol": "ANSS",
        "reportedCurrency": "USD",
        "cik": "0001013462",
        "fillingDate": "2017-02-23",
        "acceptedDate": "2017-02-23 10:54:13",
        "calendarYear": "2016",
        "period": "Q4",
        "revenue": 270628000,
        "costOfRevenue": 38978000,
        "grossProfit": 231650000,
        "grossProfitRatio": 0.8559720354,
        "researchAndDevelopmentExpenses": 45560000,
        "generalAndAdministrativeExpenses": 85950000,
        "sellingAndMarketingExpenses": 0,
        "sellingGeneralAndAdministrativeExpenses": 85950000,
        "otherExpenses": 47000,
        "operatingExpenses": 134684000,
        "costAndExpenses": 173662000,
        "interestIncome": 1099000,
        "interestExpense": 46000,
        "depreciationAndAmortization": 3174000,
        "ebitda": 114033000,
        "ebitdaratio": 0.4213643821,
        "operatingIncome": 96966000,
        "operatingIncomeRatio": 0.3582999542,
        "totalOtherIncomeExpensesNet": 1100000,
        "incomeBeforeTax": 98066000,
        "incomeBeforeTaxRatio": 0.3623645742,
        "incomeTaxExpense": 28083000,
        "netIncome": 69983000,
        "netIncomeRatio": 0.2585948239,
        "eps": 0.81,
        "epsdiluted": 0.8,
        "weightedAverageShsOut": 86198000,
        "weightedAverageShsOutDil": 87811000,
        "link": "https://www.sec.gov/Archives/edgar/data/1013462/000101346217000003/0001013462-17-000003-index.htm",
        "finalLink": "https://www.sec.gov/Archives/edgar/data/1013462/000101346217000003/anss2016123110k.htm"
    },
    {
        "date": "2016-09-30",
        "symbol": "ANSS",
        "reportedCurrency": "USD",
        "cik": "0001013462",
        "fillingDate": "2016-11-03",
        "acceptedDate": "2016-11-03 11:37:03",
        "calendarYear": "2016",
        "period": "Q3",
        "revenue": 245862000,
        "costOfRevenue": 35586000,
        "grossProfit": 210276000,
        "grossProfitRatio": 0.855260268,
        "researchAndDevelopmentExpenses": 45418000,
        "generalAndAdministrativeExpenses": 61537000,
        "sellingAndMarketingExpenses": 0,
        "sellingGeneralAndAdministrativeExpenses": 61537000,
        "otherExpenses": -159000,
        "operatingExpenses": 110177000,
        "costAndExpenses": 145763000,
        "interestIncome": 1083000,
        "interestExpense": 30000,
        "depreciationAndAmortization": 17444000,
        "ebitda": 117543000,
        "ebitdaratio": 0.4780852673,
        "operatingIncome": 100099000,
        "operatingIncomeRatio": 0.4071348968,
        "totalOtherIncomeExpensesNet": 894000,
        "incomeBeforeTax": 100993000,
        "incomeBeforeTaxRatio": 0.410771083,
        "incomeTaxExpense": 31436000,
        "netIncome": 69557000,
        "netIncomeRatio": 0.2829107385,
        "eps": 0.8,
        "epsdiluted": 0.78,
        "weightedAverageShsOut": 86959000,
        "weightedAverageShsOutDil": 88676000,
        "link": "https://www.sec.gov/Archives/edgar/data/1013462/000101346216000025/0001013462-16-000025-index.htm",
        "finalLink": "https://www.sec.gov/Archives/edgar/data/1013462/000101346216000025/anss2016093010q.htm"
    },
    {
        "date": "2016-06-30",
        "symbol": "ANSS",
        "reportedCurrency": "USD",
        "cik": "0001013462",
        "fillingDate": "2016-08-04",
        "acceptedDate": "2016-08-04 11:30:18",
        "calendarYear": "2016",
        "period": "Q2",
        "revenue": 246069000,
        "costOfRevenue": 37011000,
        "grossProfit": 209058000,
        "grossProfitRatio": 0.8495909684,
        "researchAndDevelopmentExpenses": 47443000,
        "generalAndAdministrativeExpenses": 64259000,
        "sellingAndMarketingExpenses": 0,
        "sellingGeneralAndAdministrativeExpenses": 64259000,
        "otherExpenses": 8000,
        "operatingExpenses": 114903000,
        "costAndExpenses": 151914000,
        "interestIncome": 1077000,
        "interestExpense": 59000,
        "depreciationAndAmortization": 17444000,
        "ebitda": 111599000,
        "ebitdaratio": 0.4535272627,
        "operatingIncome": 94155000,
        "operatingIncomeRatio": 0.3826365775,
        "totalOtherIncomeExpensesNet": 1323000,
        "incomeBeforeTax": 95478000,
        "incomeBeforeTaxRatio": 0.3880131183,
        "incomeTaxExpense": 25850000,
        "netIncome": 69628000,
        "netIncomeRatio": 0.2829612832,
        "eps": 0.79,
        "epsdiluted": 0.78,
        "weightedAverageShsOut": 87638000,
        "weightedAverageShsOutDil": 89305000,
        "link": "https://www.sec.gov/Archives/edgar/data/1013462/000101346216000022/0001013462-16-000022-index.htm",
        "finalLink": "https://www.sec.gov/Archives/edgar/data/1013462/000101346216000022/anss2016063010q.htm"
    },
    {
        "date": "2016-03-31",
        "symbol": "ANSS",
        "reportedCurrency": "USD",
        "cik": "0001013462",
        "fillingDate": "2016-05-05",
        "acceptedDate": "2016-05-05 11:31:18",
        "calendarYear": "2016",
        "period": "Q1",
        "revenue": 225906000,
        "costOfRevenue": 35285000,
        "grossProfit": 190621000,
        "grossProfitRatio": 0.8438067161,
        "researchAndDevelopmentExpenses": 44672000,
        "generalAndAdministrativeExpenses": 57769000,
        "sellingAndMarketingExpenses": 0,
        "sellingGeneralAndAdministrativeExpenses": 57769000,
        "otherExpenses": -1000,
        "operatingExpenses": 105599000,
        "costAndExpenses": 140884000,
        "interestIncome": 950000,
        "interestExpense": 86000,
        "depreciationAndAmortization": 17432000,
        "ebitda": 102454000,
        "ebitdaratio": 0.4535249174,
        "operatingIncome": 85022000,
        "operatingIncomeRatio": 0.376360079,
        "totalOtherIncomeExpensesNet": 756000,
        "incomeBeforeTax": 85778000,
        "incomeBeforeTaxRatio": 0.3797066036,
        "incomeTaxExpense": 29310000,
        "netIncome": 56468000,
        "netIncomeRatio": 0.2499623737,
        "eps": 0.64,
        "epsdiluted": 0.63,
        "weightedAverageShsOut": 88114000,
        "weightedAverageShsOutDil": 90084000,
        "link": "https://www.sec.gov/Archives/edgar/data/1013462/000101346216000020/0001013462-16-000020-index.htm",
        "finalLink": "https://www.sec.gov/Archives/edgar/data/1013462/000101346216000020/anss2016033110q.htm"
    },
    {
        "date": "2015-12-31",
        "symbol": "ANSS",
        "reportedCurrency": "USD",
        "cik": "0001013462",
        "fillingDate": "2016-02-25",
        "acceptedDate": "2016-02-25 11:43:43",
        "calendarYear": "2015",
        "period": "Q4",
        "revenue": 251647000,
        "costOfRevenue": 36992000,
        "grossProfit": 214655000,
        "grossProfitRatio": 0.8530004331,
        "researchAndDevelopmentExpenses": 41392000,
        "generalAndAdministrativeExpenses": 71963000,
        "sellingAndMarketingExpenses": 0,
        "sellingGeneralAndAdministrativeExpenses": 71963000,
        "otherExpenses": 153000,
        "operatingExpenses": 117712000,
        "costAndExpenses": 154704000,
        "interestIncome": 750000,
        "interestExpense": 0,
        "depreciationAndAmortization": 4357000,
        "ebitda": 101300000,
        "ebitdaratio": 0.4025480137,
        "operatingIncome": 96943000,
        "operatingIncomeRatio": 0.3852340779,
        "totalOtherIncomeExpensesNet": 857000,
        "incomeBeforeTax": 97800000,
        "incomeBeforeTaxRatio": 0.388639642,
        "incomeTaxExpense": 29779000,
        "netIncome": 68021000,
        "netIncomeRatio": 0.2703032422,
        "eps": 0.77,
        "epsdiluted": 0.75,
        "weightedAverageShsOut": 88626000,
        "weightedAverageShsOutDil": 90549000,
        "link": "https://www.sec.gov/Archives/edgar/data/1013462/000101346216000017/0001013462-16-000017-index.htm",
        "finalLink": "https://www.sec.gov/Archives/edgar/data/1013462/000101346216000017/anss2015123110k.htm"
    },
    {
        "date": "2015-09-30",
        "symbol": "ANSS",
        "reportedCurrency": "USD",
        "cik": "0001013462",
        "fillingDate": "2015-11-05",
        "acceptedDate": "2015-11-05 11:25:41",
        "calendarYear": "2015",
        "period": "Q3",
        "revenue": 237840000,
        "costOfRevenue": 36581000,
        "grossProfit": 201259000,
        "grossProfitRatio": 0.846194921,
        "researchAndDevelopmentExpenses": 44784000,
        "generalAndAdministrativeExpenses": 61367000,
        "sellingAndMarketingExpenses": 0,
        "sellingGeneralAndAdministrativeExpenses": 61367000,
        "otherExpenses": -79000,
        "operatingExpenses": 111076000,
        "costAndExpenses": 147657000,
        "interestIncome": 674000,
        "interestExpense": 95000,
        "depreciationAndAmortization": 19647000,
        "ebitda": 110130000,
        "ebitdaratio": 0.4630423814,
        "operatingIncome": 90183000,
        "operatingIncomeRatio": 0.3791750757,
        "totalOtherIncomeExpensesNet": 196000,
        "incomeBeforeTax": 90379000,
        "incomeBeforeTaxRatio": 0.3799991591,
        "incomeTaxExpense": 24346000,
        "netIncome": 66033000,
        "netIncomeRatio": 0.277636226,
        "eps": 0.74,
        "epsdiluted": 0.72,
        "weightedAverageShsOut": 89694000,
        "weightedAverageShsOutDil": 91593000,
        "link": "https://www.sec.gov/Archives/edgar/data/1013462/000101346215000014/0001013462-15-000014-index.htm",
        "finalLink": "https://www.sec.gov/Archives/edgar/data/1013462/000101346215000014/anss2015093010q.htm"
    },
    {
        "date": "2015-06-30",
        "symbol": "ANSS",
        "reportedCurrency": "USD",
        "cik": "0001013462",
        "fillingDate": "2015-08-05",
        "acceptedDate": "2015-08-05 11:20:29",
        "calendarYear": "2015",
        "period": "Q2",
        "revenue": 235485000,
        "costOfRevenue": 37785000,
        "grossProfit": 197700000,
        "grossProfitRatio": 0.83954392,
        "researchAndDevelopmentExpenses": 42646000,
        "generalAndAdministrativeExpenses": 63524000,
        "sellingAndMarketingExpenses": 0,
        "sellingGeneralAndAdministrativeExpenses": 63524000,
        "otherExpenses": 187000,
        "operatingExpenses": 111205000,
        "costAndExpenses": 148990000,
        "interestIncome": 795000,
        "interestExpense": 122000,
        "depreciationAndAmortization": 19707000,
        "ebitda": 106502000,
        "ebitdaratio": 0.4522665987,
        "operatingIncome": 86495000,
        "operatingIncomeRatio": 0.3673057732,
        "totalOtherIncomeExpensesNet": 764000,
        "incomeBeforeTax": 87259000,
        "incomeBeforeTaxRatio": 0.3705501412,
        "incomeTaxExpense": 24924000,
        "netIncome": 62335000,
        "netIncomeRatio": 0.2647090048,
        "eps": 0.69,
        "epsdiluted": 0.68,
        "weightedAverageShsOut": 89866000,
        "weightedAverageShsOutDil": 91726000,
        "link": "https://www.sec.gov/Archives/edgar/data/1013462/000101346215000011/0001013462-15-000011-index.htm",
        "finalLink": "https://www.sec.gov/Archives/edgar/data/1013462/000101346215000011/anss2015063010q.htm"
    },
    {
        "date": "2015-03-31",
        "symbol": "ANSS",
        "reportedCurrency": "USD",
        "cik": "0001013462",
        "fillingDate": "2015-05-06",
        "acceptedDate": "2015-05-06 11:28:08",
        "calendarYear": "2015",
        "period": "Q1",
        "revenue": 217781000,
        "costOfRevenue": 35888000,
        "grossProfit": 181893000,
        "grossProfitRatio": 0.8352106015,
        "researchAndDevelopmentExpenses": 40009000,
        "generalAndAdministrativeExpenses": 56749000,
        "sellingAndMarketingExpenses": 0,
        "sellingGeneralAndAdministrativeExpenses": 56749000,
        "otherExpenses": 5000,
        "operatingExpenses": 101835000,
        "costAndExpenses": 137723000,
        "interestIncome": 656000,
        "interestExpense": 154000,
        "depreciationAndAmortization": 19428000,
        "ebitda": 99786000,
        "ebitdaratio": 0.458194241,
        "operatingIncome": 80058000,
        "operatingIncomeRatio": 0.3676078262,
        "totalOtherIncomeExpensesNet": 1269000,
        "incomeBeforeTax": 81327000,
        "incomeBeforeTaxRatio": 0.3734347808,
        "incomeTaxExpense": 25195000,
        "netIncome": 56132000,
        "netIncomeRatio": 0.257745166,
        "eps": 0.62,
        "epsdiluted": 0.61,
        "weightedAverageShsOut": 90059000,
        "weightedAverageShsOutDil": 92140000,
        "link": "https://www.sec.gov/Archives/edgar/data/1013462/000101346215000008/0001013462-15-000008-index.htm",
        "finalLink": "https://www.sec.gov/Archives/edgar/data/1013462/000101346215000008/anss2015033110q.htm"
    },
    {
        "date": "2014-12-31",
        "symbol": "ANSS",
        "reportedCurrency": "USD",
        "cik": "0001013462",
        "fillingDate": "2015-02-26",
        "acceptedDate": "2015-02-26 11:32:17",
        "calendarYear": "2014",
        "period": "Q4",
        "revenue": 254375000,
        "costOfRevenue": 39769000,
        "grossProfit": 214606000,
        "grossProfitRatio": 0.8436599509,
        "researchAndDevelopmentExpenses": 42170000,
        "generalAndAdministrativeExpenses": 72374000,
        "sellingAndMarketingExpenses": 0,
        "sellingGeneralAndAdministrativeExpenses": 72374000,
        "otherExpenses": -762000,
        "operatingExpenses": 120558000,
        "costAndExpenses": 160327000,
        "interestIncome": 796000,
        "interestExpense": 201000,
        "depreciationAndAmortization": 6014000,
        "ebitda": 114849000,
        "ebitdaratio": 0.4514948403,
        "operatingIncome": 94048000,
        "operatingIncomeRatio": 0.3697218673,
        "totalOtherIncomeExpensesNet": -167000,
        "incomeBeforeTax": 93881000,
        "incomeBeforeTaxRatio": 0.3690653563,
        "incomeTaxExpense": 24248000,
        "netIncome": 69633000,
        "netIncomeRatio": 0.2737415233,
        "eps": 0.76,
        "epsdiluted": 0.74,
        "weightedAverageShsOut": 91595000,
        "weightedAverageShsOutDil": 93584000,
        "link": "https://www.sec.gov/Archives/edgar/data/1013462/000101346215000004/0001013462-15-000004-index.htm",
        "finalLink": "https://www.sec.gov/Archives/edgar/data/1013462/000101346215000004/anss2014123110k.htm"
    },
    {
        "date": "2014-09-30",
        "symbol": "ANSS",
        "reportedCurrency": "USD",
        "cik": "0001013462",
        "fillingDate": "2014-11-05",
        "acceptedDate": "2014-11-05 11:29:41",
        "calendarYear": "2014",
        "period": "Q3",
        "revenue": 234000000,
        "costOfRevenue": 37194000,
        "grossProfit": 196806000,
        "grossProfitRatio": 0.8410512821,
        "researchAndDevelopmentExpenses": 41033000,
        "generalAndAdministrativeExpenses": 58172000,
        "sellingAndMarketingExpenses": 0,
        "sellingGeneralAndAdministrativeExpenses": 58172000,
        "otherExpenses": 92000,
        "operatingExpenses": 105998000,
        "costAndExpenses": 143192000,
        "interestIncome": 655000,
        "interestExpense": 149000,
        "depreciationAndAmortization": 21351000,
        "ebitda": 112159000,
        "ebitdaratio": 0.4793119658,
        "operatingIncome": 90808000,
        "operatingIncomeRatio": 0.3880683761,
        "totalOtherIncomeExpensesNet": 111000,
        "incomeBeforeTax": 90919000,
        "incomeBeforeTaxRatio": 0.388542735,
        "incomeTaxExpense": 25440000,
        "netIncome": 65479000,
        "netIncomeRatio": 0.2798247863,
        "eps": 0.71,
        "epsdiluted": 0.7,
        "weightedAverageShsOut": 91875000,
        "weightedAverageShsOutDil": 93905000,
        "link": "https://www.sec.gov/Archives/edgar/data/1013462/000101346214000020/0001013462-14-000020-index.htm",
        "finalLink": "https://www.sec.gov/Archives/edgar/data/1013462/000101346214000020/anss2014093010q.htm"
    },
    {
        "date": "2014-06-30",
        "symbol": "ANSS",
        "reportedCurrency": "USD",
        "cik": "0001013462",
        "fillingDate": "2014-08-05",
        "acceptedDate": "2014-08-05 11:24:13",
        "calendarYear": "2014",
        "period": "Q2",
        "revenue": 232375000,
        "costOfRevenue": 38678000,
        "grossProfit": 193697000,
        "grossProfitRatio": 0.8335535234,
        "researchAndDevelopmentExpenses": 42098000,
        "generalAndAdministrativeExpenses": 62280000,
        "sellingAndMarketingExpenses": 0,
        "sellingGeneralAndAdministrativeExpenses": 62280000,
        "otherExpenses": 36000,
        "operatingExpenses": 110165000,
        "costAndExpenses": 148843000,
        "interestIncome": 710000,
        "interestExpense": 181000,
        "depreciationAndAmortization": 20414000,
        "ebitda": 104546000,
        "ebitdaratio": 0.4499020979,
        "operatingIncome": 83532000,
        "operatingIncomeRatio": 0.3594706832,
        "totalOtherIncomeExpensesNet": 350000,
        "incomeBeforeTax": 83882000,
        "incomeBeforeTaxRatio": 0.3609768693,
        "incomeTaxExpense": 20846000,
        "netIncome": 63036000,
        "netIncomeRatio": 0.2712684239,
        "eps": 0.68,
        "epsdiluted": 0.67,
        "weightedAverageShsOut": 92314000,
        "weightedAverageShsOutDil": 94338000,
        "link": "https://www.sec.gov/Archives/edgar/data/1013462/000101346214000015/0001013462-14-000015-index.htm",
        "finalLink": "https://www.sec.gov/Archives/edgar/data/1013462/000101346214000015/anss2014063010q.htm"
    },
    {
        "date": "2014-03-31",
        "symbol": "ANSS",
        "reportedCurrency": "USD",
        "cik": "0001013462",
        "fillingDate": "2014-05-01",
        "acceptedDate": "2014-05-01 11:07:19",
        "calendarYear": "2014",
        "period": "Q1",
        "revenue": 215271000,
        "costOfRevenue": 37745000,
        "grossProfit": 177526000,
        "grossProfitRatio": 0.8246628668,
        "researchAndDevelopmentExpenses": 40120000,
        "generalAndAdministrativeExpenses": 53550000,
        "sellingAndMarketingExpenses": 0,
        "sellingGeneralAndAdministrativeExpenses": 53550000,
        "otherExpenses": -25000,
        "operatingExpenses": 98464000,
        "costAndExpenses": 136209000,
        "interestIncome": 841000,
        "interestExpense": 248000,
        "depreciationAndAmortization": 19458000,
        "ebitda": 98820000,
        "ebitdaratio": 0.4590492914,
        "operatingIncome": 79062000,
        "operatingIncomeRatio": 0.3672673049,
        "totalOtherIncomeExpensesNet": 395000,
        "incomeBeforeTax": 79457000,
        "incomeBeforeTaxRatio": 0.3691022014,
        "incomeTaxExpense": 22915000,
        "netIncome": 56542000,
        "netIncomeRatio": 0.2626549791,
        "eps": 0.61,
        "epsdiluted": 0.6,
        "weightedAverageShsOut": 92483000,
        "weightedAverageShsOutDil": 94949000,
        "link": "https://www.sec.gov/Archives/edgar/data/1013462/000101346214000006/0001013462-14-000006-index.htm",
        "finalLink": "https://www.sec.gov/Archives/edgar/data/1013462/000101346214000006/anss2014033110q.htm"
    },
    {
        "date": "2013-12-31",
        "symbol": "ANSS",
        "reportedCurrency": "USD",
        "cik": "0001013462",
        "fillingDate": "2014-02-27",
        "acceptedDate": "2014-02-27 11:40:46",
        "calendarYear": "2013",
        "period": "Q4",
        "revenue": 236020000,
        "costOfRevenue": 38609000,
        "grossProfit": 197411000,
        "grossProfitRatio": 0.8364164054,
        "researchAndDevelopmentExpenses": 37880000,
        "generalAndAdministrativeExpenses": 62287000,
        "sellingAndMarketingExpenses": 0,
        "sellingGeneralAndAdministrativeExpenses": 62287000,
        "otherExpenses": -195000,
        "operatingExpenses": 105159000,
        "costAndExpenses": 143768000,
        "interestIncome": 710000,
        "interestExpense": 202000,
        "depreciationAndAmortization": 19438000,
        "ebitda": 112205000,
        "ebitdaratio": 0.4754046267,
        "operatingIncome": 92252000,
        "operatingIncomeRatio": 0.3908651809,
        "totalOtherIncomeExpensesNet": 313000,
        "incomeBeforeTax": 92565000,
        "incomeBeforeTaxRatio": 0.3921913397,
        "incomeTaxExpense": 16636000,
        "netIncome": 75929000,
        "netIncomeRatio": 0.3217057876,
        "eps": 0.82,
        "epsdiluted": 0.8,
        "weightedAverageShsOut": 92483000,
        "weightedAverageShsOutDil": 94949000,
        "link": "https://www.sec.gov/Archives/edgar/data/1013462/000101346214000004/0001013462-14-000004-index.htm",
        "finalLink": "https://www.sec.gov/Archives/edgar/data/1013462/000101346214000004/anss2013123110k.htm"
    },
    {
        "date": "2013-09-30",
        "symbol": "ANSS",
        "reportedCurrency": "USD",
        "cik": "0001013462",
        "fillingDate": "2013-11-07",
        "acceptedDate": "2013-11-07 11:22:03",
        "calendarYear": "2013",
        "period": "Q3",
        "revenue": 212658000,
        "costOfRevenue": 35169000,
        "grossProfit": 177489000,
        "grossProfitRatio": 0.8346217871,
        "researchAndDevelopmentExpenses": 38882000,
        "generalAndAdministrativeExpenses": 51345000,
        "sellingAndMarketingExpenses": 0,
        "sellingGeneralAndAdministrativeExpenses": 51345000,
        "otherExpenses": -357000,
        "operatingExpenses": 95852000,
        "costAndExpenses": 131021000,
        "interestIncome": 656000,
        "interestExpense": 226000,
        "depreciationAndAmortization": 19878000,
        "ebitda": 101515000,
        "ebitdaratio": 0.4773627138,
        "operatingIncome": 81637000,
        "operatingIncomeRatio": 0.3838886851,
        "totalOtherIncomeExpensesNet": 73000,
        "incomeBeforeTax": 81710000,
        "incomeBeforeTaxRatio": 0.3842319593,
        "incomeTaxExpense": 19280000,
        "netIncome": 62430000,
        "netIncomeRatio": 0.2935699574,
        "eps": 0.67,
        "epsdiluted": 0.66,
        "weightedAverageShsOut": 92541000,
        "weightedAverageShsOutDil": 95265000,
        "link": "https://www.sec.gov/Archives/edgar/data/1013462/000101346213000018/0001013462-13-000018-index.htm",
        "finalLink": "https://www.sec.gov/Archives/edgar/data/1013462/000101346213000018/anss2013093010q.htm"
    },
    {
        "date": "2013-06-30",
        "symbol": "ANSS",
        "reportedCurrency": "USD",
        "cik": "0001013462",
        "fillingDate": "2013-08-01",
        "acceptedDate": "2013-08-01 11:18:23",
        "calendarYear": "2013",
        "period": "Q2",
        "revenue": 214850000,
        "costOfRevenue": 36680000,
        "grossProfit": 178170000,
        "grossProfitRatio": 0.8292762392,
        "researchAndDevelopmentExpenses": 38670000,
        "generalAndAdministrativeExpenses": 55262000,
        "sellingAndMarketingExpenses": 0,
        "sellingGeneralAndAdministrativeExpenses": 55262000,
        "otherExpenses": -173000,
        "operatingExpenses": 99745000,
        "costAndExpenses": 136425000,
        "interestIncome": 743000,
        "interestExpense": 370000,
        "depreciationAndAmortization": 20702000,
        "ebitda": 99697000,
        "ebitdaratio": 0.4640307191,
        "operatingIncome": 78425000,
        "operatingIncomeRatio": 0.3650221084,
        "totalOtherIncomeExpensesNet": 200000,
        "incomeBeforeTax": 78625000,
        "incomeBeforeTaxRatio": 0.3659529905,
        "incomeTaxExpense": 22680000,
        "netIncome": 55945000,
        "netIncomeRatio": 0.2603909704,
        "eps": 0.6,
        "epsdiluted": 0.59,
        "weightedAverageShsOut": 92860000,
        "weightedAverageShsOutDil": 95040000,
        "link": "https://www.sec.gov/Archives/edgar/data/1013462/000101346213000013/0001013462-13-000013-index.htm",
        "finalLink": "https://www.sec.gov/Archives/edgar/data/1013462/000101346213000013/anss2013063010q.htm"
    },
    {
        "date": "2013-03-31",
        "symbol": "ANSS",
        "reportedCurrency": "USD",
        "cik": "0001013462",
        "fillingDate": "2013-05-02",
        "acceptedDate": "2013-05-02 11:17:50",
        "calendarYear": "2013",
        "period": "Q1",
        "revenue": 197732000,
        "costOfRevenue": 36234000,
        "grossProfit": 161498000,
        "grossProfitRatio": 0.8167519673,
        "researchAndDevelopmentExpenses": 36007000,
        "generalAndAdministrativeExpenses": 50013000,
        "sellingAndMarketingExpenses": 0,
        "sellingGeneralAndAdministrativeExpenses": 50013000,
        "otherExpenses": -321000,
        "operatingExpenses": 91949000,
        "costAndExpenses": 128183000,
        "interestIncome": 732000,
        "interestExpense": 371000,
        "depreciationAndAmortization": 5929000,
        "ebitda": 75889000,
        "ebitdaratio": 0.3837972609,
        "operatingIncome": 69549000,
        "operatingIncomeRatio": 0.3517336597,
        "totalOtherIncomeExpensesNet": 40000,
        "incomeBeforeTax": 69589000,
        "incomeBeforeTaxRatio": 0.3519359537,
        "incomeTaxExpense": 18566000,
        "netIncome": 51023000,
        "netIncomeRatio": 0.2580411871,
        "eps": 0.55,
        "epsdiluted": 0.54,
        "weightedAverageShsOut": 92908000,
        "weightedAverageShsOutDil": 95166000,
        "link": "https://www.sec.gov/Archives/edgar/data/1013462/000101346213000008/0001013462-13-000008-index.htm",
        "finalLink": "https://www.sec.gov/Archives/edgar/data/1013462/000101346213000008/anss2013033110q.htm"
    },
    {
        "date": "2012-12-31",
        "symbol": "ANSS",
        "reportedCurrency": "USD",
        "cik": "0001013462",
        "fillingDate": "2013-02-28",
        "acceptedDate": "2013-02-28 12:13:55",
        "calendarYear": "2012",
        "period": "Q4",
        "revenue": 220748000,
        "costOfRevenue": 36681000,
        "grossProfit": 184067000,
        "grossProfitRatio": 0.8338331491,
        "researchAndDevelopmentExpenses": 34206000,
        "generalAndAdministrativeExpenses": 61754000,
        "sellingAndMarketingExpenses": 0,
        "sellingGeneralAndAdministrativeExpenses": 61754000,
        "otherExpenses": -395000,
        "operatingExpenses": 102428000,
        "costAndExpenses": 139109000,
        "interestIncome": 798000,
        "interestExpense": 488000,
        "depreciationAndAmortization": 6468000,
        "ebitda": 88510000,
        "ebitdaratio": 0.400954935,
        "operatingIncome": 81639000,
        "operatingIncomeRatio": 0.3698289452,
        "totalOtherIncomeExpensesNet": -85000,
        "incomeBeforeTax": 81554000,
        "incomeBeforeTaxRatio": 0.3694438908,
        "incomeTaxExpense": 25491000,
        "netIncome": 56063000,
        "netIncomeRatio": 0.2539683259,
        "eps": 0.61,
        "epsdiluted": 0.59,
        "weightedAverageShsOut": 92597000,
        "weightedAverageShsOutDil": 94945000,
        "link": "https://www.sec.gov/Archives/edgar/data/1013462/000101346213000003/0001013462-13-000003-index.htm",
        "finalLink": "https://www.sec.gov/Archives/edgar/data/1013462/000101346213000003/anss2012123110k.htm"
    },
    {
        "date": "2012-09-30",
        "symbol": "ANSS",
        "reportedCurrency": "USD",
        "cik": "0001013462",
        "fillingDate": "2012-11-01",
        "acceptedDate": "2012-11-01 11:27:46",
        "calendarYear": "2012",
        "period": "Q3",
        "revenue": 196909000,
        "costOfRevenue": 33756000,
        "grossProfit": 163153000,
        "grossProfitRatio": 0.828570558,
        "researchAndDevelopmentExpenses": 33506000,
        "generalAndAdministrativeExpenses": 49195000,
        "sellingAndMarketingExpenses": 0,
        "sellingGeneralAndAdministrativeExpenses": 49195000,
        "otherExpenses": 6800000,
        "operatingExpenses": 89501000,
        "costAndExpenses": 123257000,
        "interestIncome": 774000,
        "interestExpense": 632000,
        "depreciationAndAmortization": 21752000,
        "ebitda": 95823000,
        "ebitdaratio": 0.4866359587,
        "operatingIncome": 73652000,
        "operatingIncomeRatio": 0.3740408006,
        "totalOtherIncomeExpensesNet": -213000,
        "incomeBeforeTax": 73439000,
        "incomeBeforeTaxRatio": 0.3729590826,
        "incomeTaxExpense": 21820000,
        "netIncome": 51619000,
        "netIncomeRatio": 0.2621464738,
        "eps": 0.56,
        "epsdiluted": 0.54,
        "weightedAverageShsOut": 92448000,
        "weightedAverageShsOutDil": 94755000,
        "link": "https://www.sec.gov/Archives/edgar/data/1013462/000144530512003335/0001445305-12-003335-index.htm",
        "finalLink": "https://www.sec.gov/Archives/edgar/data/1013462/000144530512003335/anss2012093010q.htm"
    },
    {
        "date": "2012-06-30",
        "symbol": "ANSS",
        "reportedCurrency": "USD",
        "cik": "0001013462",
        "fillingDate": "2012-08-02",
        "acceptedDate": "2012-08-02 11:31:01",
        "calendarYear": "2012",
        "period": "Q2",
        "revenue": 195016000,
        "costOfRevenue": 34737000,
        "grossProfit": 160279000,
        "grossProfitRatio": 0.8218761538,
        "researchAndDevelopmentExpenses": 33415000,
        "generalAndAdministrativeExpenses": 48980000,
        "sellingAndMarketingExpenses": 0,
        "sellingGeneralAndAdministrativeExpenses": 48980000,
        "otherExpenses": 6750000,
        "operatingExpenses": 89145000,
        "costAndExpenses": 123882000,
        "interestIncome": 887000,
        "interestExpense": 723000,
        "depreciationAndAmortization": 21205000,
        "ebitda": 93187000,
        "ebitdaratio": 0.4778428437,
        "operatingIncome": 71134000,
        "operatingIncomeRatio": 0.3647598146,
        "totalOtherIncomeExpensesNet": 125000,
        "incomeBeforeTax": 71259000,
        "incomeBeforeTaxRatio": 0.3654007876,
        "incomeTaxExpense": 20997000,
        "netIncome": 50262000,
        "netIncomeRatio": 0.2577326989,
        "eps": 0.54,
        "epsdiluted": 0.53,
        "weightedAverageShsOut": 92626000,
        "weightedAverageShsOutDil": 94928000,
        "link": "https://www.sec.gov/Archives/edgar/data/1013462/000119312512330924/0001193125-12-330924-index.htm",
        "finalLink": "https://www.sec.gov/Archives/edgar/data/1013462/000119312512330924/d361254d10q.htm"
    },
    {
        "date": "2012-03-31",
        "symbol": "ANSS",
        "reportedCurrency": "USD",
        "cik": "0001013462",
        "fillingDate": "2012-05-03",
        "acceptedDate": "2012-05-03 11:21:55",
        "calendarYear": "2012",
        "period": "Q1",
        "revenue": 185345000,
        "costOfRevenue": 34342000,
        "grossProfit": 151003000,
        "grossProfitRatio": 0.8147131026,
        "researchAndDevelopmentExpenses": 31501000,
        "generalAndAdministrativeExpenses": 45249000,
        "sellingAndMarketingExpenses": 0,
        "sellingGeneralAndAdministrativeExpenses": 45249000,
        "otherExpenses": 6425000,
        "operatingExpenses": 83175000,
        "costAndExpenses": 117517000,
        "interestIncome": 901000,
        "interestExpense": 818000,
        "depreciationAndAmortization": 6425000,
        "ebitda": 75154000,
        "ebitdaratio": 0.4054816693,
        "operatingIncome": 67828000,
        "operatingIncomeRatio": 0.3659553805,
        "totalOtherIncomeExpensesNet": -533000,
        "incomeBeforeTax": 67295000,
        "incomeBeforeTaxRatio": 0.3630796623,
        "incomeTaxExpense": 21756000,
        "netIncome": 45539000,
        "netIncomeRatio": 0.2456985621,
        "eps": 0.49,
        "epsdiluted": 0.48,
        "weightedAverageShsOut": 92817000,
        "weightedAverageShsOutDil": 95190000,
        "link": "https://www.sec.gov/Archives/edgar/data/1013462/000119312512207209/0001193125-12-207209-index.htm",
        "finalLink": "https://www.sec.gov/Archives/edgar/data/1013462/000119312512207209/d318108d10q.htm"
    },
    {
        "date": "2011-12-31",
        "symbol": "ANSS",
        "reportedCurrency": "USD",
        "cik": "0001013462",
        "fillingDate": "2012-02-23",
        "acceptedDate": "2012-02-23 11:30:54",
        "calendarYear": "2011",
        "period": "Q4",
        "revenue": 198209000,
        "costOfRevenue": 33342000,
        "grossProfit": 164867000,
        "grossProfitRatio": 0.8317836223,
        "researchAndDevelopmentExpenses": 29751000,
        "generalAndAdministrativeExpenses": 56571000,
        "sellingAndMarketingExpenses": 0,
        "sellingGeneralAndAdministrativeExpenses": 56571000,
        "otherExpenses": 5402000,
        "operatingExpenses": 91724000,
        "costAndExpenses": 125066000,
        "interestIncome": 804000,
        "interestExpense": 1002000,
        "depreciationAndAmortization": 19039000,
        "ebitda": 93161000,
        "ebitdaratio": 0.4700139751,
        "operatingIncome": 73143000,
        "operatingIncomeRatio": 0.3690195703,
        "totalOtherIncomeExpensesNet": -23000,
        "incomeBeforeTax": 73120000,
        "incomeBeforeTaxRatio": 0.3689035311,
        "incomeTaxExpense": 25663000,
        "netIncome": 47457000,
        "netIncomeRatio": 0.2394290875,
        "eps": 0.51,
        "epsdiluted": 0.5,
        "weightedAverageShsOut": 92817000,
        "weightedAverageShsOutDil": 95190000,
        "link": "https://www.sec.gov/Archives/edgar/data/1013462/000119312512074501/0001193125-12-074501-index.htm",
        "finalLink": "https://www.sec.gov/Archives/edgar/data/1013462/000119312512074501/d260706d10k.htm"
    },
    {
        "date": "2011-09-30",
        "symbol": "ANSS",
        "reportedCurrency": "USD",
        "cik": "0001013462",
        "fillingDate": "2011-11-03",
        "acceptedDate": "2011-11-03 12:03:00",
        "calendarYear": "2011",
        "period": "Q3",
        "revenue": 172935000,
        "costOfRevenue": 31027000,
        "grossProfit": 141908000,
        "grossProfitRatio": 0.8205857692,
        "researchAndDevelopmentExpenses": 28899000,
        "generalAndAdministrativeExpenses": 43180000,
        "sellingAndMarketingExpenses": 0,
        "sellingGeneralAndAdministrativeExpenses": 43180000,
        "otherExpenses": 4500000,
        "operatingExpenses": 76579000,
        "costAndExpenses": 107606000,
        "interestIncome": 789000,
        "interestExpense": 753000,
        "depreciationAndAmortization": 17091000,
        "ebitda": 83287000,
        "ebitdaratio": 0.4816086969,
        "operatingIncome": 65329000,
        "operatingIncomeRatio": 0.3777662127,
        "totalOtherIncomeExpensesNet": 114000,
        "incomeBeforeTax": 65443000,
        "incomeBeforeTaxRatio": 0.37842542,
        "incomeTaxExpense": 19897000,
        "netIncome": 45546000,
        "netIncomeRatio": 0.2633706306,
        "eps": 0.49,
        "epsdiluted": 0.48,
        "weightedAverageShsOut": 92277000,
        "weightedAverageShsOutDil": 94445000,
        "link": "https://www.sec.gov/Archives/edgar/data/1013462/000119312511294457/0001193125-11-294457-index.htm",
        "finalLink": "https://www.sec.gov/Archives/edgar/data/1013462/000119312511294457/d233063d10q.htm"
    },
    {
        "date": "2011-06-30",
        "symbol": "ANSS",
        "reportedCurrency": "USD",
        "cik": "0001013462",
        "fillingDate": "2011-08-04",
        "acceptedDate": "2011-08-04 12:41:54",
        "calendarYear": "2011",
        "period": "Q2",
        "revenue": 162258000,
        "costOfRevenue": 28063000,
        "grossProfit": 134195000,
        "grossProfitRatio": 0.8270470485,
        "researchAndDevelopmentExpenses": 25182000,
        "generalAndAdministrativeExpenses": 40130000,
        "sellingAndMarketingExpenses": 0,
        "sellingGeneralAndAdministrativeExpenses": 40130000,
        "otherExpenses": 4070000,
        "operatingExpenses": 69382000,
        "costAndExpenses": 97445000,
        "interestIncome": 712000,
        "interestExpense": 774000,
        "depreciationAndAmortization": 14994000,
        "ebitda": 80411000,
        "ebitdaratio": 0.4955749485,
        "operatingIncome": 64813000,
        "operatingIncomeRatio": 0.3994440952,
        "totalOtherIncomeExpensesNet": -170000,
        "incomeBeforeTax": 64643000,
        "incomeBeforeTaxRatio": 0.3983963811,
        "incomeTaxExpense": 19212000,
        "netIncome": 45431000,
        "netIncomeRatio": 0.2799923578,
        "eps": 0.49,
        "epsdiluted": 0.48,
        "weightedAverageShsOut": 91940000,
        "weightedAverageShsOutDil": 94188000,
        "link": "https://www.sec.gov/Archives/edgar/data/1013462/000119312511209829/0001193125-11-209829-index.htm",
        "finalLink": "https://www.sec.gov/Archives/edgar/data/1013462/000119312511209829/d10q.htm"
    },
    {
        "date": "2011-03-31",
        "symbol": "ANSS",
        "reportedCurrency": "USD",
        "cik": "0001013462",
        "fillingDate": "2011-05-05",
        "acceptedDate": "2011-05-05 11:24:41",
        "calendarYear": "2011",
        "period": "Q1",
        "revenue": 158047000,
        "costOfRevenue": 26582000,
        "grossProfit": 131465000,
        "grossProfitRatio": 0.831809525,
        "researchAndDevelopmentExpenses": 24698000,
        "generalAndAdministrativeExpenses": 40476000,
        "sellingAndMarketingExpenses": 0,
        "sellingGeneralAndAdministrativeExpenses": 40476000,
        "otherExpenses": 4017000,
        "operatingExpenses": 69191000,
        "costAndExpenses": 95773000,
        "interestIncome": 695000,
        "interestExpense": 803000,
        "depreciationAndAmortization": 14831000,
        "ebitda": 77286000,
        "ebitdaratio": 0.4890064348,
        "operatingIncome": 62274000,
        "operatingIncomeRatio": 0.3940220314,
        "totalOtherIncomeExpensesNet": -622000,
        "incomeBeforeTax": 61652000,
        "incomeBeforeTaxRatio": 0.3900864933,
        "incomeTaxExpense": 19411000,
        "netIncome": 42241000,
        "netIncomeRatio": 0.2672685973,
        "eps": 0.46,
        "epsdiluted": 0.45,
        "weightedAverageShsOut": 91767000,
        "weightedAverageShsOutDil": 94171000,
        "link": "https://www.sec.gov/Archives/edgar/data/1013462/000119312511127790/0001193125-11-127790-index.htm",
        "finalLink": "https://www.sec.gov/Archives/edgar/data/1013462/000119312511127790/d10q.htm"
    },
    {
        "date": "2010-12-31",
        "symbol": "ANSS",
        "reportedCurrency": "USD",
        "cik": "0001013462",
        "fillingDate": "2011-02-25",
        "acceptedDate": "2011-02-25 10:00:45",
        "calendarYear": "2010",
        "period": "Q4",
        "revenue": 166573000,
        "costOfRevenue": 26807000,
        "grossProfit": 139766000,
        "grossProfitRatio": 0.839067556,
        "researchAndDevelopmentExpenses": 23317000,
        "generalAndAdministrativeExpenses": 46935000,
        "sellingAndMarketingExpenses": 0,
        "sellingGeneralAndAdministrativeExpenses": 46935000,
        "otherExpenses": 4129000,
        "operatingExpenses": 74381000,
        "costAndExpenses": 101188000,
        "interestIncome": 630000,
        "interestExpense": 792000,
        "depreciationAndAmortization": 15409000,
        "ebitda": 82069000,
        "ebitdaratio": 0.4926908923,
        "operatingIncome": 65385000,
        "operatingIncomeRatio": 0.3925306022,
        "totalOtherIncomeExpensesNet": 483000,
        "incomeBeforeTax": 65868000,
        "incomeBeforeTaxRatio": 0.3954302318,
        "incomeTaxExpense": 16728000,
        "netIncome": 49140000,
        "netIncomeRatio": 0.2950057933,
        "eps": 0.54,
        "epsdiluted": 0.52,
        "weightedAverageShsOut": 91767000,
        "weightedAverageShsOutDil": 94171000,
        "link": "https://www.sec.gov/Archives/edgar/data/1013462/000119312511046536/0001193125-11-046536-index.htm",
        "finalLink": "https://www.sec.gov/Archives/edgar/data/1013462/000119312511046536/d10k.htm"
    },
    {
        "date": "2010-09-30",
        "symbol": "ANSS",
        "reportedCurrency": "USD",
        "cik": "0001013462",
        "fillingDate": "2010-11-04",
        "acceptedDate": "2010-11-04 13:12:40",
        "calendarYear": "2010",
        "period": "Q3",
        "revenue": 139843000,
        "costOfRevenue": 25279000,
        "grossProfit": 114564000,
        "grossProfitRatio": 0.819232997,
        "researchAndDevelopmentExpenses": 21696000,
        "generalAndAdministrativeExpenses": 36954000,
        "sellingAndMarketingExpenses": 0,
        "sellingGeneralAndAdministrativeExpenses": 36954000,
        "otherExpenses": 4037000,
        "operatingExpenses": 62687000,
        "costAndExpenses": 87966000,
        "interestIncome": 491000,
        "interestExpense": 902000,
        "depreciationAndAmortization": 15152000,
        "ebitda": 66946000,
        "ebitdaratio": 0.4787225675,
        "operatingIncome": 51877000,
        "operatingIncomeRatio": 0.3709660119,
        "totalOtherIncomeExpensesNet": -985000,
        "incomeBeforeTax": 50892000,
        "incomeBeforeTaxRatio": 0.3639223987,
        "incomeTaxExpense": 14762000,
        "netIncome": 36130000,
        "netIncomeRatio": 0.2583611622,
        "eps": 0.4,
        "epsdiluted": 0.39,
        "weightedAverageShsOut": 90880000,
        "weightedAverageShsOutDil": 93212000,
        "link": "https://www.sec.gov/Archives/edgar/data/1013462/000119312510247675/0001193125-10-247675-index.htm",
        "finalLink": "https://www.sec.gov/Archives/edgar/data/1013462/000119312510247675/d10q.htm"
    },
    {
        "date": "2010-06-30",
        "symbol": "ANSS",
        "reportedCurrency": "USD",
        "cik": "0001013462",
        "fillingDate": "2010-08-05",
        "acceptedDate": "2010-08-05 13:38:43",
        "calendarYear": "2010",
        "period": "Q2",
        "revenue": 137767000,
        "costOfRevenue": 24140000,
        "grossProfit": 113627000,
        "grossProfitRatio": 0.8247766156,
        "researchAndDevelopmentExpenses": 21390000,
        "generalAndAdministrativeExpenses": 35979000,
        "sellingAndMarketingExpenses": 0,
        "sellingGeneralAndAdministrativeExpenses": 35979000,
        "otherExpenses": 3875000,
        "operatingExpenses": 61244000,
        "costAndExpenses": 85384000,
        "interestIncome": 422000,
        "interestExpense": 1245000,
        "depreciationAndAmortization": 15049000,
        "ebitda": 67993000,
        "ebitdaratio": 0.4935361879,
        "operatingIncome": 52383000,
        "operatingIncomeRatio": 0.3802289373,
        "totalOtherIncomeExpensesNet": -684000,
        "incomeBeforeTax": 51699000,
        "incomeBeforeTaxRatio": 0.3752640328,
        "incomeTaxExpense": 16206000,
        "netIncome": 35493000,
        "netIncomeRatio": 0.2576306372,
        "eps": 0.39,
        "epsdiluted": 0.38,
        "weightedAverageShsOut": 90614000,
        "weightedAverageShsOutDil": 93146000,
        "link": "https://www.sec.gov/Archives/edgar/data/1013462/000119312510178972/0001193125-10-178972-index.htm",
        "finalLink": "https://www.sec.gov/Archives/edgar/data/1013462/000119312510178972/d10q.htm"
    },
    {
        "date": "2010-03-31",
        "symbol": "ANSS",
        "reportedCurrency": "USD",
        "cik": "0001013462",
        "fillingDate": "2010-05-06",
        "acceptedDate": "2010-05-06 11:55:35",
        "calendarYear": "2010",
        "period": "Q1",
        "revenue": 136053000,
        "costOfRevenue": 24653000,
        "grossProfit": 111400000,
        "grossProfitRatio": 0.8187985564,
        "researchAndDevelopmentExpenses": 22587000,
        "generalAndAdministrativeExpenses": 35228000,
        "sellingAndMarketingExpenses": 0,
        "sellingGeneralAndAdministrativeExpenses": 35228000,
        "otherExpenses": 3962000,
        "operatingExpenses": 61777000,
        "costAndExpenses": 86430000,
        "interestIncome": 368000,
        "interestExpense": 1549000,
        "depreciationAndAmortization": 15216000,
        "ebitda": 64700000,
        "ebitdaratio": 0.4755499695,
        "operatingIncome": 49623000,
        "operatingIncomeRatio": 0.3647328615,
        "totalOtherIncomeExpensesNet": -1688000,
        "incomeBeforeTax": 47935000,
        "incomeBeforeTaxRatio": 0.3523259318,
        "incomeTaxExpense": 15566000,
        "netIncome": 32369000,
        "netIncomeRatio": 0.2379146362,
        "eps": 0.36,
        "epsdiluted": 0.35,
        "weightedAverageShsOut": 89964000,
        "weightedAverageShsOutDil": 92774000,
        "link": "https://www.sec.gov/Archives/edgar/data/1013462/000119312510110313/0001193125-10-110313-index.htm",
        "finalLink": "https://www.sec.gov/Archives/edgar/data/1013462/000119312510110313/d10q.htm"
    },
    {
        "date": "2009-12-31",
        "symbol": "ANSS",
        "reportedCurrency": "USD",
        "cik": "0001013462",
        "fillingDate": "2010-02-25",
        "acceptedDate": "2010-02-25 15:47:42",
        "calendarYear": "2009",
        "period": "Q4",
        "revenue": 150362000,
        "costOfRevenue": 25661000,
        "grossProfit": 124701000,
        "grossProfitRatio": 0.8293385297,
        "researchAndDevelopmentExpenses": 20455000,
        "generalAndAdministrativeExpenses": 39150000,
        "sellingAndMarketingExpenses": 0,
        "sellingGeneralAndAdministrativeExpenses": 39150000,
        "otherExpenses": 4192000,
        "operatingExpenses": 63797000,
        "costAndExpenses": 89458000,
        "interestIncome": 386000,
        "interestExpense": 1870000,
        "depreciationAndAmortization": 16235000,
        "ebitda": 76941000,
        "ebitdaratio": 0.5117050851,
        "operatingIncome": 60356000,
        "operatingIncomeRatio": 0.4014046102,
        "totalOtherIncomeExpensesNet": -1520000,
        "incomeBeforeTax": 58836000,
        "incomeBeforeTaxRatio": 0.3912956731,
        "incomeTaxExpense": 21206000,
        "netIncome": 37630000,
        "netIncomeRatio": 0.2502626994,
        "eps": 0.42,
        "epsdiluted": 0.41,
        "weightedAverageShsOut": 89964000,
        "weightedAverageShsOutDil": 92774000,
        "link": "https://www.sec.gov/Archives/edgar/data/1013462/000119312510040617/0001193125-10-040617-index.htm",
        "finalLink": "https://www.sec.gov/Archives/edgar/data/1013462/000119312510040617/d10k.htm"
    },
    {
        "date": "2009-09-30",
        "symbol": "ANSS",
        "reportedCurrency": "USD",
        "cik": "0001013462",
        "fillingDate": "2009-11-06",
        "acceptedDate": "2009-11-06 10:22:01",
        "calendarYear": "2009",
        "period": "Q3",
        "revenue": 128187000,
        "costOfRevenue": 23889000,
        "grossProfit": 104298000,
        "grossProfitRatio": 0.8136394486,
        "researchAndDevelopmentExpenses": 19462000,
        "generalAndAdministrativeExpenses": 31719000,
        "sellingAndMarketingExpenses": 0,
        "sellingGeneralAndAdministrativeExpenses": 31719000,
        "otherExpenses": 4115000,
        "operatingExpenses": 55296000,
        "costAndExpenses": 79185000,
        "interestIncome": 425000,
        "interestExpense": 2313000,
        "depreciationAndAmortization": 4115000,
        "ebitda": 53542000,
        "ebitdaratio": 0.4176866609,
        "operatingIncome": 47632000,
        "operatingIncomeRatio": 0.3715821417,
        "totalOtherIncomeExpensesNet": -1834000,
        "incomeBeforeTax": 45798000,
        "incomeBeforeTaxRatio": 0.3572749187,
        "incomeTaxExpense": 15269000,
        "netIncome": 30529000,
        "netIncomeRatio": 0.2381598758,
        "eps": 0.35,
        "epsdiluted": 0.33,
        "weightedAverageShsOut": 88284000,
        "weightedAverageShsOutDil": 91640000,
        "link": "https://www.sec.gov/Archives/edgar/data/1013462/000119312509226764/0001193125-09-226764-index.htm",
        "finalLink": "https://www.sec.gov/Archives/edgar/data/1013462/000119312509226764/d10q.htm"
    },
    {
        "date": "2009-06-30",
        "symbol": "ANSS",
        "reportedCurrency": "USD",
        "cik": "0001013462",
        "fillingDate": "2009-08-07",
        "acceptedDate": "2009-08-07 13:43:45",
        "calendarYear": "2009",
        "period": "Q2",
        "revenue": 122026000,
        "costOfRevenue": 24058000,
        "grossProfit": 97968000,
        "grossProfitRatio": 0.8028452953,
        "researchAndDevelopmentExpenses": 19909000,
        "generalAndAdministrativeExpenses": 32570000,
        "sellingAndMarketingExpenses": 0,
        "sellingGeneralAndAdministrativeExpenses": 32570000,
        "otherExpenses": 4021000,
        "operatingExpenses": 56500000,
        "costAndExpenses": 80558000,
        "interestIncome": 360000,
        "interestExpense": 2941000,
        "depreciationAndAmortization": 4021000,
        "ebitda": 45849000,
        "ebitdaratio": 0.3757314015,
        "operatingIncome": 40660000,
        "operatingIncomeRatio": 0.3332076771,
        "totalOtherIncomeExpensesNet": -3398000,
        "incomeBeforeTax": 37262000,
        "incomeBeforeTaxRatio": 0.3053611525,
        "incomeTaxExpense": 10125000,
        "netIncome": 27137000,
        "netIncomeRatio": 0.2223870323,
        "eps": 0.31,
        "epsdiluted": 0.3,
        "weightedAverageShsOut": 87726000,
        "weightedAverageShsOutDil": 91048000,
        "link": "https://www.sec.gov/Archives/edgar/data/1013462/000119312509168796/0001193125-09-168796-index.htm",
        "finalLink": "https://www.sec.gov/Archives/edgar/data/1013462/000119312509168796/d10q.htm"
    },
    {
        "date": "2009-03-31",
        "symbol": "ANSS",
        "reportedCurrency": "USD",
        "cik": "0001013462",
        "fillingDate": "2009-05-08",
        "acceptedDate": "2009-05-08 09:41:17",
        "calendarYear": "2009",
        "period": "Q1",
        "revenue": 116310000,
        "costOfRevenue": 23628000,
        "grossProfit": 92682000,
        "grossProfitRatio": 0.796853237,
        "researchAndDevelopmentExpenses": 20030000,
        "generalAndAdministrativeExpenses": 33825000,
        "sellingAndMarketingExpenses": 0,
        "sellingGeneralAndAdministrativeExpenses": 33825000,
        "otherExpenses": 3998000,
        "operatingExpenses": 57853000,
        "costAndExpenses": 81481000,
        "interestIncome": 569000,
        "interestExpense": 3277000,
        "depreciationAndAmortization": 15815000,
        "ebitda": 50725000,
        "ebitdaratio": 0.4361189923,
        "operatingIncome": 34829000,
        "operatingIncomeRatio": 0.2994497464,
        "totalOtherIncomeExpensesNet": -3196000,
        "incomeBeforeTax": 31633000,
        "incomeBeforeTaxRatio": 0.2719714556,
        "incomeTaxExpense": 10538000,
        "netIncome": 21095000,
        "netIncomeRatio": 0.1813687559,
        "eps": 0.24,
        "epsdiluted": 0.23,
        "weightedAverageShsOut": 88866000,
        "weightedAverageShsOutDil": 92175000,
        "link": "https://www.sec.gov/Archives/edgar/data/1013462/000119312509104680/0001193125-09-104680-index.htm",
        "finalLink": "https://www.sec.gov/Archives/edgar/data/1013462/000119312509104680/d10q.htm"
    },
    {
        "date": "2008-12-31",
        "symbol": "ANSS",
        "reportedCurrency": "USD",
        "cik": "0001013462",
        "fillingDate": "2009-02-27",
        "acceptedDate": "2009-02-27 14:47:04",
        "calendarYear": "2008",
        "period": "Q4",
        "revenue": 135301000,
        "costOfRevenue": 25390000,
        "grossProfit": 109911000,
        "grossProfitRatio": 0.8123443286,
        "researchAndDevelopmentExpenses": 18826000,
        "generalAndAdministrativeExpenses": 41954000,
        "sellingAndMarketingExpenses": 0,
        "sellingGeneralAndAdministrativeExpenses": 41954000,
        "otherExpenses": 3351000,
        "operatingExpenses": 64131000,
        "costAndExpenses": 89521000,
        "interestIncome": 0,
        "interestExpense": 0,
        "depreciationAndAmortization": 15946000,
        "ebitda": 61726000,
        "ebitdaratio": 0.4562124448,
        "operatingIncome": 45780000,
        "operatingIncomeRatio": 0.338356701,
        "totalOtherIncomeExpensesNet": -2452000,
        "incomeBeforeTax": 43328000,
        "incomeBeforeTaxRatio": 0.3202341446,
        "incomeTaxExpense": 11415000,
        "netIncome": 31913000,
        "netIncomeRatio": 0.2358666972,
        "eps": 0.36,
        "epsdiluted": 0.35,
        "weightedAverageShsOut": 88866000,
        "weightedAverageShsOutDil": 92175000,
        "link": "https://www.sec.gov/Archives/edgar/data/1013462/000119312509040766/0001193125-09-040766-index.htm",
        "finalLink": "https://www.sec.gov/Archives/edgar/data/1013462/000119312509040766/d10k.htm"
    },
    {
        "date": "2008-09-30",
        "symbol": "ANSS",
        "reportedCurrency": "USD",
        "cik": "0001013462",
        "fillingDate": "2008-11-06",
        "acceptedDate": "2008-11-06 15:30:53",
        "calendarYear": "2008",
        "period": "Q3",
        "revenue": 122247000,
        "costOfRevenue": 24587000,
        "grossProfit": 97660000,
        "grossProfitRatio": 0.79887441,
        "researchAndDevelopmentExpenses": 20282000,
        "generalAndAdministrativeExpenses": 36071000,
        "sellingAndMarketingExpenses": 0,
        "sellingGeneralAndAdministrativeExpenses": 36071000,
        "otherExpenses": 3011000,
        "operatingExpenses": 59364000,
        "costAndExpenses": 83951000,
        "interestIncome": 1672000,
        "interestExpense": 3122000,
        "depreciationAndAmortization": 14594000,
        "ebitda": 38296000,
        "ebitdaratio": 0.3132674012,
        "operatingIncome": 38296000,
        "operatingIncomeRatio": 0.3132674012,
        "totalOtherIncomeExpensesNet": -1723000,
        "incomeBeforeTax": 36573000,
        "incomeBeforeTaxRatio": 0.2991729858,
        "incomeTaxExpense": 10798000,
        "netIncome": 25775000,
        "netIncomeRatio": 0.2108436199,
        "eps": 0.3,
        "epsdiluted": 0.29,
        "weightedAverageShsOut": 85687000,
        "weightedAverageShsOutDil": 90117000,
        "link": "https://www.sec.gov/Archives/edgar/data/1013462/000119312508227825/0001193125-08-227825-index.htm",
        "finalLink": "https://www.sec.gov/Archives/edgar/data/1013462/000119312508227825/d10q.htm"
    },
    {
        "date": "2008-06-30",
        "symbol": "ANSS",
        "reportedCurrency": "USD",
        "cik": "0001013462",
        "fillingDate": "2008-08-08",
        "acceptedDate": "2008-08-08 11:01:34",
        "calendarYear": "2008",
        "period": "Q2",
        "revenue": 111246000,
        "costOfRevenue": 20530000,
        "grossProfit": 90716000,
        "grossProfitRatio": 0.8154540388,
        "researchAndDevelopmentExpenses": 16528000,
        "generalAndAdministrativeExpenses": 28153000,
        "sellingAndMarketingExpenses": 0,
        "sellingGeneralAndAdministrativeExpenses": 28153000,
        "otherExpenses": 2181000,
        "operatingExpenses": 46862000,
        "costAndExpenses": 67392000,
        "interestIncome": 0,
        "interestExpense": 0,
        "depreciationAndAmortization": 9881000,
        "ebitda": 43854000,
        "ebitdaratio": 0.3942074322,
        "operatingIncome": 43854000,
        "operatingIncomeRatio": 0.3942074322,
        "totalOtherIncomeExpensesNet": -408000,
        "incomeBeforeTax": 43446000,
        "incomeBeforeTaxRatio": 0.3905398846,
        "incomeTaxExpense": 15317000,
        "netIncome": 28129000,
        "netIncomeRatio": 0.2528540352,
        "eps": 0.36,
        "epsdiluted": 0.34,
        "weightedAverageShsOut": 78503000,
        "weightedAverageShsOutDil": 82083000,
        "link": "https://www.sec.gov/Archives/edgar/data/1013462/000119312508171315/0001193125-08-171315-index.htm",
        "finalLink": "https://www.sec.gov/Archives/edgar/data/1013462/000119312508171315/d10q.htm"
    },
    {
        "date": "2008-03-31",
        "symbol": "ANSS",
        "reportedCurrency": "USD",
        "cik": "0001013462",
        "fillingDate": "2008-05-07",
        "acceptedDate": "2008-05-07 12:47:02",
        "calendarYear": "2008",
        "period": "Q1",
        "revenue": 109545000,
        "costOfRevenue": 20907000,
        "grossProfit": 88638000,
        "grossProfitRatio": 0.8091469259,
        "researchAndDevelopmentExpenses": 15958000,
        "generalAndAdministrativeExpenses": 28709000,
        "sellingAndMarketingExpenses": 0,
        "sellingGeneralAndAdministrativeExpenses": 28709000,
        "otherExpenses": 2170000,
        "operatingExpenses": 46837000,
        "costAndExpenses": 67744000,
        "interestIncome": 0,
        "interestExpense": 0,
        "depreciationAndAmortization": 9672000,
        "ebitda": 41801000,
        "ebitdaratio": 0.3815874755,
        "operatingIncome": 41801000,
        "operatingIncomeRatio": 0.3815874755,
        "totalOtherIncomeExpensesNet": 1543000,
        "incomeBeforeTax": 43344000,
        "incomeBeforeTaxRatio": 0.3956730111,
        "incomeTaxExpense": 17490000,
        "netIncome": 25854000,
        "netIncomeRatio": 0.2360125976,
        "eps": 0.33,
        "epsdiluted": 0.32,
        "weightedAverageShsOut": 78302000,
        "weightedAverageShsOutDil": 81643000,
        "link": "https://www.sec.gov/Archives/edgar/data/1013462/000119312508105498/0001193125-08-105498-index.htm",
        "finalLink": "https://www.sec.gov/Archives/edgar/data/1013462/000119312508105498/d10q.htm"
    },
    {
        "date": "2007-12-31",
        "symbol": "ANSS",
        "reportedCurrency": "USD",
        "cik": "0001013462",
        "fillingDate": "2008-02-28",
        "acceptedDate": "2008-02-28 11:34:01",
        "calendarYear": "2007",
        "period": "Q4",
        "revenue": 111236000,
        "costOfRevenue": 20845000,
        "grossProfit": 90391000,
        "grossProfitRatio": 0.8126056313,
        "researchAndDevelopmentExpenses": 15635000,
        "generalAndAdministrativeExpenses": 34526000,
        "sellingAndMarketingExpenses": 0,
        "sellingGeneralAndAdministrativeExpenses": 34526000,
        "otherExpenses": 2288000,
        "operatingExpenses": 52449000,
        "costAndExpenses": 73294000,
        "interestIncome": 0,
        "interestExpense": 0,
        "depreciationAndAmortization": 10010000,
        "ebitda": 47952000,
        "ebitdaratio": 0.4310834622,
        "operatingIncome": 37942000,
        "operatingIncomeRatio": 0.3410946097,
        "totalOtherIncomeExpensesNet": 530000,
        "incomeBeforeTax": 38472000,
        "incomeBeforeTaxRatio": 0.3458592542,
        "incomeTaxExpense": 9183000,
        "netIncome": 29289000,
        "netIncomeRatio": 0.2633050451,
        "eps": 0.37,
        "epsdiluted": 0.36,
        "weightedAverageShsOut": 78302000,
        "weightedAverageShsOutDil": 81643000,
        "link": "https://www.sec.gov/Archives/edgar/data/1013462/000119312508041214/0001193125-08-041214-index.htm",
        "finalLink": "https://www.sec.gov/Archives/edgar/data/1013462/000119312508041214/d10k.htm"
    },
    {
        "date": "2007-09-30",
        "symbol": "ANSS",
        "reportedCurrency": "USD",
        "cik": "0001013462",
        "fillingDate": "2007-11-06",
        "acceptedDate": "2007-11-06 15:38:06",
        "calendarYear": "2007",
        "period": "Q3",
        "revenue": 94034000,
        "costOfRevenue": 19391000,
        "grossProfit": 74643000,
        "grossProfitRatio": 0.7937873535,
        "researchAndDevelopmentExpenses": 14198000,
        "generalAndAdministrativeExpenses": 26596000,
        "sellingAndMarketingExpenses": 0,
        "sellingGeneralAndAdministrativeExpenses": 26596000,
        "otherExpenses": 2239000,
        "operatingExpenses": 43033000,
        "costAndExpenses": 62424000,
        "interestIncome": 0,
        "interestExpense": 0,
        "depreciationAndAmortization": 9570000,
        "ebitda": 31610000,
        "ebitdaratio": 0.3361550078,
        "operatingIncome": 31610000,
        "operatingIncomeRatio": 0.3361550078,
        "totalOtherIncomeExpensesNet": -664000,
        "incomeBeforeTax": 30946000,
        "incomeBeforeTaxRatio": 0.3290937321,
        "incomeTaxExpense": 12250000,
        "netIncome": 18696000,
        "netIncomeRatio": 0.1988217028,
        "eps": 0.24,
        "epsdiluted": 0.23,
        "weightedAverageShsOut": 77981000,
        "weightedAverageShsOutDil": 81196000,
        "link": "https://www.sec.gov/Archives/edgar/data/1013462/000119312507236636/0001193125-07-236636-index.htm",
        "finalLink": "https://www.sec.gov/Archives/edgar/data/1013462/000119312507236636/d10q.htm"
    },
    {
        "date": "2007-06-30",
        "symbol": "ANSS",
        "reportedCurrency": "USD",
        "cik": "0001013462",
        "fillingDate": "2007-08-07",
        "acceptedDate": "2007-08-07 09:58:53",
        "calendarYear": "2007",
        "period": "Q2",
        "revenue": 92211000,
        "costOfRevenue": 18931000,
        "grossProfit": 73280000,
        "grossProfitRatio": 0.794699114,
        "researchAndDevelopmentExpenses": 13576000,
        "generalAndAdministrativeExpenses": 27095000,
        "sellingAndMarketingExpenses": 0,
        "sellingGeneralAndAdministrativeExpenses": 27095000,
        "otherExpenses": 2213000,
        "operatingExpenses": 42884000,
        "costAndExpenses": 61815000,
        "interestIncome": 1113000,
        "interestExpense": 1966000,
        "depreciationAndAmortization": 9891000,
        "ebitda": 30396000,
        "ebitdaratio": 0.329635293,
        "operatingIncome": 30396000,
        "operatingIncomeRatio": 0.329635293,
        "totalOtherIncomeExpensesNet": -1335000,
        "incomeBeforeTax": 29061000,
        "incomeBeforeTaxRatio": 0.3151576276,
        "incomeTaxExpense": 10805000,
        "netIncome": 18256000,
        "netIncomeRatio": 0.1979807181,
        "eps": 0.24,
        "epsdiluted": 0.23,
        "weightedAverageShsOut": 77611000,
        "weightedAverageShsOutDil": 80886000,
        "link": "https://www.sec.gov/Archives/edgar/data/1013462/000119312507173126/0001193125-07-173126-index.htm",
        "finalLink": "https://www.sec.gov/Archives/edgar/data/1013462/000119312507173126/d10q.htm"
    },
    {
        "date": "2007-03-31",
        "symbol": "ANSS",
        "reportedCurrency": "USD",
        "cik": "0001013462",
        "fillingDate": "2007-05-08",
        "acceptedDate": "2007-05-08 09:48:54",
        "calendarYear": "2007",
        "period": "Q1",
        "revenue": 87859000,
        "costOfRevenue": 18880000,
        "grossProfit": 68979000,
        "grossProfitRatio": 0.7851102334,
        "researchAndDevelopmentExpenses": 13072000,
        "generalAndAdministrativeExpenses": 26891000,
        "sellingAndMarketingExpenses": 0,
        "sellingGeneralAndAdministrativeExpenses": 26891000,
        "otherExpenses": 2195000,
        "operatingExpenses": 42158000,
        "costAndExpenses": 61038000,
        "interestIncome": 0,
        "interestExpense": 0,
        "depreciationAndAmortization": 9478000,
        "ebitda": 26821000,
        "ebitdaratio": 0.3052732219,
        "operatingIncome": 26821000,
        "operatingIncomeRatio": 0.3052732219,
        "totalOtherIncomeExpensesNet": -1037000,
        "incomeBeforeTax": 25784000,
        "incomeBeforeTaxRatio": 0.2934702193,
        "incomeTaxExpense": 9633000,
        "netIncome": 16151000,
        "netIncomeRatio": 0.1838286345,
        "eps": 0.21,
        "epsdiluted": 0.2,
        "weightedAverageShsOut": 77366000,
        "weightedAverageShsOutDil": 80734000,
        "link": "https://www.sec.gov/Archives/edgar/data/1013462/000119312507105392/0001193125-07-105392-index.htm",
        "finalLink": "https://www.sec.gov/Archives/edgar/data/1013462/000119312507105392/d10q.htm"
    },
    {
        "date": "2006-12-31",
        "symbol": "ANSS",
        "reportedCurrency": "USD",
        "cik": "0001013462",
        "fillingDate": "2007-02-28",
        "acceptedDate": "2007-02-28 14:44:59",
        "calendarYear": "2006",
        "period": "Q4",
        "revenue": 85248000,
        "costOfRevenue": 19086000,
        "grossProfit": 66162000,
        "grossProfitRatio": 0.7761120495,
        "researchAndDevelopmentExpenses": 15132000,
        "generalAndAdministrativeExpenses": 28709000,
        "sellingAndMarketingExpenses": 0,
        "sellingGeneralAndAdministrativeExpenses": 28709000,
        "otherExpenses": 2332000,
        "operatingExpenses": 46173000,
        "costAndExpenses": 65259000,
        "interestIncome": 0,
        "interestExpense": 1551000,
        "depreciationAndAmortization": 9523000,
        "ebitda": 29512000,
        "ebitdaratio": 0.3461899399,
        "operatingIncome": 19989000,
        "operatingIncomeRatio": 0.2344805743,
        "totalOtherIncomeExpensesNet": -1968000,
        "incomeBeforeTax": 18021000,
        "incomeBeforeTaxRatio": 0.2113949887,
        "incomeTaxExpense": 5757000,
        "netIncome": 12264000,
        "netIncomeRatio": 0.1438626126,
        "eps": 0.16,
        "epsdiluted": 0.15,
        "weightedAverageShsOut": 77366000,
        "weightedAverageShsOutDil": 80734000,
        "link": "https://www.sec.gov/Archives/edgar/data/1013462/000119312507042422/0001193125-07-042422-index.htm",
        "finalLink": "https://www.sec.gov/Archives/edgar/data/1013462/000119312507042422/d10k.htm"
    },
    {
        "date": "2006-09-30",
        "symbol": "ANSS",
        "reportedCurrency": "USD",
        "cik": "0001013462",
        "fillingDate": "2006-11-03",
        "acceptedDate": "2006-11-03 09:41:58",
        "calendarYear": "2006",
        "period": "Q3",
        "revenue": 70117000,
        "costOfRevenue": 17320000,
        "grossProfit": 52797000,
        "grossProfitRatio": 0.7529842977,
        "researchAndDevelopmentExpenses": 13295000,
        "generalAndAdministrativeExpenses": 24333000,
        "sellingAndMarketingExpenses": 0,
        "sellingGeneralAndAdministrativeExpenses": 24333000,
        "otherExpenses": 2314000,
        "operatingExpenses": 39942000,
        "costAndExpenses": 57262000,
        "interestIncome": 0,
        "interestExpense": 0,
        "depreciationAndAmortization": 9282000,
        "ebitda": 22137000,
        "ebitdaratio": 0.3157151618,
        "operatingIncome": 12855000,
        "operatingIncomeRatio": 0.1833364234,
        "totalOtherIncomeExpensesNet": -1643000,
        "incomeBeforeTax": 11212000,
        "incomeBeforeTaxRatio": 0.1599041602,
        "incomeTaxExpense": 2840000,
        "netIncome": 8372000,
        "netIncomeRatio": 0.1194004307,
        "eps": 0.11,
        "epsdiluted": 0.11,
        "weightedAverageShsOut": 76804000,
        "weightedAverageShsOutDil": 80580000,
        "link": "https://www.sec.gov/Archives/edgar/data/1013462/000119312506223083/0001193125-06-223083-index.htm",
        "finalLink": "https://www.sec.gov/Archives/edgar/data/1013462/000119312506223083/d10q.htm"
    },
    {
        "date": "2006-06-30",
        "symbol": "ANSS",
        "reportedCurrency": "USD",
        "cik": "0001013462",
        "fillingDate": "2006-08-04",
        "acceptedDate": "2006-08-04 09:53:59",
        "calendarYear": "2006",
        "period": "Q2",
        "revenue": 62264000,
        "costOfRevenue": 13453000,
        "grossProfit": 48811000,
        "grossProfitRatio": 0.7839361429,
        "researchAndDevelopmentExpenses": 11622000,
        "generalAndAdministrativeExpenses": 22020000,
        "sellingAndMarketingExpenses": 0,
        "sellingGeneralAndAdministrativeExpenses": 22020000,
        "otherExpenses": 1576000,
        "operatingExpenses": 35218000,
        "costAndExpenses": 48671000,
        "interestIncome": 0,
        "interestExpense": 0,
        "depreciationAndAmortization": 6786000,
        "ebitda": 20379000,
        "ebitdaratio": 0.3272998844,
        "operatingIncome": -14507000,
        "operatingIncomeRatio": -0.2329917769,
        "totalOtherIncomeExpensesNet": -1182000,
        "incomeBeforeTax": -15689000,
        "incomeBeforeTaxRatio": -0.2519754593,
        "incomeTaxExpense": 3704000,
        "netIncome": -19393000,
        "netIncomeRatio": -0.3114640884,
        "eps": -0.27,
        "epsdiluted": -0.27,
        "weightedAverageShsOut": 72612000,
        "weightedAverageShsOutDil": 72612000,
        "link": "https://www.sec.gov/Archives/edgar/data/1013462/000119312506161861/0001193125-06-161861-index.htm",
        "finalLink": "https://www.sec.gov/Archives/edgar/data/1013462/000119312506161861/d10q.htm"
    },
    {
        "date": "2006-03-31",
        "symbol": "ANSS",
        "reportedCurrency": "USD",
        "cik": "0001013462",
        "fillingDate": "2006-05-05",
        "acceptedDate": "2006-05-05 11:15:27",
        "calendarYear": "2006",
        "period": "Q1",
        "revenue": 46011000,
        "costOfRevenue": 5960000,
        "grossProfit": 40051000,
        "grossProfitRatio": 0.8704657582,
        "researchAndDevelopmentExpenses": 9357000,
        "generalAndAdministrativeExpenses": 11839000,
        "sellingAndMarketingExpenses": 0,
        "sellingGeneralAndAdministrativeExpenses": 11839000,
        "otherExpenses": 128000,
        "operatingExpenses": 21324000,
        "costAndExpenses": 27284000,
        "interestIncome": 0,
        "interestExpense": 0,
        "depreciationAndAmortization": 1872000,
        "ebitda": 18901000,
        "ebitdaratio": 0.4107930712,
        "operatingIncome": 17819000,
        "operatingIncomeRatio": 0.3872769555,
        "totalOtherIncomeExpensesNet": 1698000,
        "incomeBeforeTax": 19517000,
        "incomeBeforeTaxRatio": 0.4241811741,
        "incomeTaxExpense": 6604000,
        "netIncome": 12913000,
        "netIncomeRatio": 0.2806502793,
        "eps": 0.2,
        "epsdiluted": 0.19,
        "weightedAverageShsOut": 64244000,
        "weightedAverageShsOutDil": 68330000,
        "link": "https://www.sec.gov/Archives/edgar/data/1013462/000119312506101536/0001193125-06-101536-index.htm",
        "finalLink": "https://www.sec.gov/Archives/edgar/data/1013462/000119312506101536/d10q.htm"
    },
    {
        "date": "2005-12-31",
        "symbol": "ANSS",
        "reportedCurrency": "USD",
        "cik": "0001013462",
        "fillingDate": "2006-03-31",
        "acceptedDate": "2006-03-31 13:02:24",
        "calendarYear": "2005",
        "period": "Q4",
        "revenue": 43721000,
        "costOfRevenue": 5240000,
        "grossProfit": 38481000,
        "grossProfitRatio": 0.8801491274,
        "researchAndDevelopmentExpenses": 8202000,
        "generalAndAdministrativeExpenses": 11431000,
        "sellingAndMarketingExpenses": 0,
        "sellingGeneralAndAdministrativeExpenses": 11431000,
        "otherExpenses": 78714000,
        "operatingExpenses": 98347000,
        "costAndExpenses": 103587000,
        "interestIncome": 0,
        "interestExpense": 0,
        "depreciationAndAmortization": 1948000,
        "ebitda": -50037000,
        "ebitdaratio": -1.1444614716,
        "operatingIncome": 17762000,
        "operatingIncomeRatio": 0.4062578624,
        "totalOtherIncomeExpensesNet": 1471000,
        "incomeBeforeTax": 19233000,
        "incomeBeforeTaxRatio": 0.4399030214,
        "incomeTaxExpense": 5962000,
        "netIncome": 13271000,
        "netIncomeRatio": 0.3035383454,
        "eps": 0.21,
        "epsdiluted": 0.19,
        "weightedAverageShsOut": 64244000,
        "weightedAverageShsOutDil": 68330000,
        "link": "https://www.sec.gov/Archives/edgar/data/1013462/000119312506070111/0001193125-06-070111-index.htm",
        "finalLink": "https://www.sec.gov/Archives/edgar/data/1013462/000119312506070111/d10ka.htm"
    },
    {
        "date": "2005-09-30",
        "symbol": "ANSS",
        "reportedCurrency": "USD",
        "cik": "0001013462",
        "fillingDate": "2005-11-04",
        "acceptedDate": "2005-11-04 10:21:33",
        "calendarYear": "2005",
        "period": "Q3",
        "revenue": 39035000,
        "costOfRevenue": 5156000,
        "grossProfit": 33879000,
        "grossProfitRatio": 0.867913411,
        "researchAndDevelopmentExpenses": 7667000,
        "generalAndAdministrativeExpenses": 10708000,
        "sellingAndMarketingExpenses": 0,
        "sellingGeneralAndAdministrativeExpenses": 10708000,
        "otherExpenses": 298000,
        "operatingExpenses": 18673000,
        "costAndExpenses": 23829000,
        "interestIncome": 0,
        "interestExpense": 0,
        "depreciationAndAmortization": 2027000,
        "ebitda": 17233000,
        "ebitdaratio": 0.4414755988,
        "operatingIncome": 14329000,
        "operatingIncomeRatio": 0.3670808249,
        "totalOtherIncomeExpensesNet": 1141000,
        "incomeBeforeTax": 15470000,
        "incomeBeforeTaxRatio": 0.3963110029,
        "incomeTaxExpense": 4296000,
        "netIncome": 11174000,
        "netIncomeRatio": 0.2862559242,
        "eps": 0.18,
        "epsdiluted": 0.17,
        "weightedAverageShsOut": 63702000,
        "weightedAverageShsOutDil": 67844000,
        "link": "https://www.sec.gov/Archives/edgar/data/1013462/000119312505216456/0001193125-05-216456-index.htm",
        "finalLink": "https://www.sec.gov/Archives/edgar/data/1013462/000119312505216456/d10q.htm"
    },
    {
        "date": "2005-06-30",
        "symbol": "ANSS",
        "reportedCurrency": "USD",
        "cik": "0001013462",
        "fillingDate": "2005-08-05",
        "acceptedDate": "2005-08-05 11:23:25",
        "calendarYear": "2005",
        "period": "Q2",
        "revenue": 37656000,
        "costOfRevenue": 4956000,
        "grossProfit": 32700000,
        "grossProfitRatio": 0.868387508,
        "researchAndDevelopmentExpenses": 7506000,
        "generalAndAdministrativeExpenses": 10600000,
        "sellingAndMarketingExpenses": 0,
        "sellingGeneralAndAdministrativeExpenses": 10600000,
        "otherExpenses": 385000,
        "operatingExpenses": 18491000,
        "costAndExpenses": 23447000,
        "interestIncome": 0,
        "interestExpense": 0,
        "depreciationAndAmortization": 2111000,
        "ebitda": 16320000,
        "ebitdaratio": 0.4333970682,
        "operatingIncome": 13328000,
        "operatingIncomeRatio": 0.353940939,
        "totalOtherIncomeExpensesNet": 1046000,
        "incomeBeforeTax": 14374000,
        "incomeBeforeTaxRatio": 0.3817187168,
        "incomeTaxExpense": 4599000,
        "netIncome": 9775000,
        "netIncomeRatio": 0.2595867856,
        "eps": 0.16,
        "epsdiluted": 0.14,
        "weightedAverageShsOut": 63334000,
        "weightedAverageShsOutDil": 67564000,
        "link": "https://www.sec.gov/Archives/edgar/data/1013462/000119312505158714/0001193125-05-158714-index.htm",
        "finalLink": "https://www.sec.gov/Archives/edgar/data/1013462/000119312505158714/d10q.htm"
    },
    {
        "date": "2005-03-31",
        "symbol": "ANSS",
        "reportedCurrency": "USD",
        "cik": "0001013462",
        "fillingDate": "2005-05-06",
        "acceptedDate": "2005-05-06 11:30:16",
        "calendarYear": "2005",
        "period": "Q1",
        "revenue": 37624000,
        "costOfRevenue": 5111000,
        "grossProfit": 32513000,
        "grossProfitRatio": 0.864155858,
        "researchAndDevelopmentExpenses": 7313000,
        "generalAndAdministrativeExpenses": 10546000,
        "sellingAndMarketingExpenses": 0,
        "sellingGeneralAndAdministrativeExpenses": 10546000,
        "otherExpenses": 326000,
        "operatingExpenses": 18185000,
        "costAndExpenses": 23296000,
        "interestIncome": 0,
        "interestExpense": 0,
        "depreciationAndAmortization": 2021000,
        "ebitda": 16349000,
        "ebitdaratio": 0.4345364661,
        "operatingIncome": 13421000,
        "operatingIncomeRatio": 0.3567137997,
        "totalOtherIncomeExpensesNet": 613000,
        "incomeBeforeTax": 14034000,
        "incomeBeforeTaxRatio": 0.3730065915,
        "incomeTaxExpense": 4351000,
        "netIncome": 9683000,
        "netIncomeRatio": 0.2573623219,
        "eps": 0.16,
        "epsdiluted": 0.14,
        "weightedAverageShsOut": 62984000,
        "weightedAverageShsOutDil": 67532000,
        "link": "https://www.sec.gov/Archives/edgar/data/1013462/000119312505098732/0001193125-05-098732-index.htm",
        "finalLink": "https://www.sec.gov/Archives/edgar/data/1013462/000119312505098732/d10q.htm"
    },
    {
        "date": "2004-12-31",
        "symbol": "ANSS",
        "reportedCurrency": "USD",
        "cik": "0001013462",
        "fillingDate": "2005-03-10",
        "acceptedDate": "2005-03-10 15:47:35",
        "calendarYear": "2004",
        "period": "Q4",
        "revenue": 38887000,
        "costOfRevenue": 4950000,
        "grossProfit": 33937000,
        "grossProfitRatio": 0.872708103,
        "researchAndDevelopmentExpenses": 6840000,
        "generalAndAdministrativeExpenses": 11173000,
        "sellingAndMarketingExpenses": 0,
        "sellingGeneralAndAdministrativeExpenses": 11173000,
        "otherExpenses": 20292000,
        "operatingExpenses": 38305000,
        "costAndExpenses": 43255000,
        "interestIncome": 0,
        "interestExpense": 0,
        "depreciationAndAmortization": 1967000,
        "ebitda": -2401000,
        "ebitdaratio": -0.0617429989,
        "operatingIncome": 14869000,
        "operatingIncomeRatio": 0.3823642863,
        "totalOtherIncomeExpensesNet": 1132000,
        "incomeBeforeTax": 16001000,
        "incomeBeforeTaxRatio": 0.4114742716,
        "incomeTaxExpense": 3750000,
        "netIncome": 12251000,
        "netIncomeRatio": 0.3150410163,
        "eps": 0.19,
        "epsdiluted": 0.18,
        "weightedAverageShsOut": 62984000,
        "weightedAverageShsOutDil": 67532000,
        "link": "https://www.sec.gov/Archives/edgar/data/1013462/000119312505046539/0001193125-05-046539-index.htm",
        "finalLink": "https://www.sec.gov/Archives/edgar/data/1013462/000119312505046539/d10k.htm"
    },
    {
        "date": "2004-09-30",
        "symbol": "ANSS",
        "reportedCurrency": "USD",
        "cik": "0001013462",
        "fillingDate": "2004-11-08",
        "acceptedDate": "2004-11-08 10:57:46",
        "calendarYear": "2004",
        "period": "Q3",
        "revenue": 32318000,
        "costOfRevenue": 4683000,
        "grossProfit": 27635000,
        "grossProfitRatio": 0.8550962312,
        "researchAndDevelopmentExpenses": 6611000,
        "generalAndAdministrativeExpenses": 9520000,
        "sellingAndMarketingExpenses": 0,
        "sellingGeneralAndAdministrativeExpenses": 9520000,
        "otherExpenses": 285000,
        "operatingExpenses": 16416000,
        "costAndExpenses": 21099000,
        "interestIncome": 0,
        "interestExpense": 0,
        "depreciationAndAmortization": 1873000,
        "ebitda": 13092000,
        "ebitdaratio": 0.4050993255,
        "operatingIncome": 10461000,
        "operatingIncomeRatio": 0.3236895848,
        "totalOtherIncomeExpensesNet": 415000,
        "incomeBeforeTax": 10876000,
        "incomeBeforeTaxRatio": 0.3365307259,
        "incomeTaxExpense": 3277000,
        "netIncome": 7599000,
        "netIncomeRatio": 0.2351321245,
        "eps": 0.12,
        "epsdiluted": 0.12,
        "weightedAverageShsOut": 62150000,
        "weightedAverageShsOutDil": 66462000,
        "link": "https://www.sec.gov/Archives/edgar/data/1013462/000119312504188891/0001193125-04-188891-index.htm",
        "finalLink": "https://www.sec.gov/Archives/edgar/data/1013462/000119312504188891/d10q.htm"
    },
    {
        "date": "2004-06-30",
        "symbol": "ANSS",
        "reportedCurrency": "USD",
        "cik": "0001013462",
        "fillingDate": "2004-08-06",
        "acceptedDate": "2004-08-06 10:59:04",
        "calendarYear": "2004",
        "period": "Q2",
        "revenue": 32002000,
        "costOfRevenue": 4224000,
        "grossProfit": 27778000,
        "grossProfitRatio": 0.8680082495,
        "researchAndDevelopmentExpenses": 6483000,
        "generalAndAdministrativeExpenses": 9578000,
        "sellingAndMarketingExpenses": 0,
        "sellingGeneralAndAdministrativeExpenses": 9578000,
        "otherExpenses": 285000,
        "operatingExpenses": 16346000,
        "costAndExpenses": 20570000,
        "interestIncome": 0,
        "interestExpense": 0,
        "depreciationAndAmortization": 1882000,
        "ebitda": 13314000,
        "ebitdaratio": 0.4160364977,
        "operatingIncome": 10678000,
        "operatingIncomeRatio": 0.3336666458,
        "totalOtherIncomeExpensesNet": 146000,
        "incomeBeforeTax": 10824000,
        "incomeBeforeTaxRatio": 0.3382288607,
        "incomeTaxExpense": 3247000,
        "netIncome": 7577000,
        "netIncomeRatio": 0.2367664521,
        "eps": 0.12,
        "epsdiluted": 0.12,
        "weightedAverageShsOut": 61600000,
        "weightedAverageShsOutDil": 65932000,
        "link": "https://www.sec.gov/Archives/edgar/data/1013462/000119312504133829/0001193125-04-133829-index.htm",
        "finalLink": "https://www.sec.gov/Archives/edgar/data/1013462/000119312504133829/d10q.htm"
    },
    {
        "date": "2004-03-31",
        "symbol": "ANSS",
        "reportedCurrency": "USD",
        "cik": "0001013462",
        "fillingDate": "2004-05-07",
        "acceptedDate": "2004-05-07 11:15:19",
        "calendarYear": "2004",
        "period": "Q1",
        "revenue": 31332000,
        "costOfRevenue": 5175000,
        "grossProfit": 26157000,
        "grossProfitRatio": 0.8348333972,
        "researchAndDevelopmentExpenses": 6347000,
        "generalAndAdministrativeExpenses": 9553000,
        "sellingAndMarketingExpenses": 0,
        "sellingGeneralAndAdministrativeExpenses": 9553000,
        "otherExpenses": 287000,
        "operatingExpenses": 16187000,
        "costAndExpenses": 21362000,
        "interestIncome": 0,
        "interestExpense": 0,
        "depreciationAndAmortization": 1866000,
        "ebitda": 9970000,
        "ebitdaratio": 0.31820503,
        "operatingIncome": 9970000,
        "operatingIncomeRatio": 0.31820503,
        "totalOtherIncomeExpensesNet": 230000,
        "incomeBeforeTax": 10200000,
        "incomeBeforeTaxRatio": 0.3255457679,
        "incomeTaxExpense": 3060000,
        "netIncome": 7140000,
        "netIncomeRatio": 0.2278820375,
        "eps": 0.12,
        "epsdiluted": 0.11,
        "weightedAverageShsOut": 61260000,
        "weightedAverageShsOutDil": 65844000,
        "link": "https://www.sec.gov/Archives/edgar/data/1013462/000119312504081573/0001193125-04-081573-index.htm",
        "finalLink": "https://www.sec.gov/Archives/edgar/data/1013462/000119312504081573/d10q.htm"
    },
    {
        "date": "2003-12-31",
        "symbol": "ANSS",
        "reportedCurrency": "USD",
        "cik": "0001013462",
        "fillingDate": "2004-03-12",
        "acceptedDate": "2004-03-12 14:51:38",
        "calendarYear": "2003",
        "period": "Q4",
        "revenue": 33254000,
        "costOfRevenue": 4822000,
        "grossProfit": 28432000,
        "grossProfitRatio": 0.8549948878,
        "researchAndDevelopmentExpenses": 6183000,
        "generalAndAdministrativeExpenses": 10814000,
        "sellingAndMarketingExpenses": 0,
        "sellingGeneralAndAdministrativeExpenses": 10814000,
        "otherExpenses": 281000,
        "operatingExpenses": 17278000,
        "costAndExpenses": 22100000,
        "interestIncome": 0,
        "interestExpense": 0,
        "depreciationAndAmortization": 1859000,
        "ebitda": 13013000,
        "ebitdaratio": 0.3913213448,
        "operatingIncome": 10428000,
        "operatingIncomeRatio": 0.3135863355,
        "totalOtherIncomeExpensesNet": -141000,
        "incomeBeforeTax": 10287000,
        "incomeBeforeTaxRatio": 0.3093462441,
        "incomeTaxExpense": 3086000,
        "netIncome": 7201000,
        "netIncomeRatio": 0.216545378,
        "eps": 0.12,
        "epsdiluted": 0.11,
        "weightedAverageShsOut": 61260000,
        "weightedAverageShsOutDil": 65844000,
        "link": "https://www.sec.gov/Archives/edgar/data/1013462/000119312504040366/0001193125-04-040366-index.htm",
        "finalLink": "https://www.sec.gov/Archives/edgar/data/1013462/000119312504040366/d10k.htm"
    },
    {
        "date": "2003-09-30",
        "symbol": "ANSS",
        "reportedCurrency": "USD",
        "cik": "0001013462",
        "fillingDate": "2003-11-12",
        "acceptedDate": "2003-11-12 11:22:16",
        "calendarYear": "2003",
        "period": "Q3",
        "revenue": 28038000,
        "costOfRevenue": 4425000,
        "grossProfit": 23613000,
        "grossProfitRatio": 0.8421784721,
        "researchAndDevelopmentExpenses": 5879000,
        "generalAndAdministrativeExpenses": 8668000,
        "sellingAndMarketingExpenses": 0,
        "sellingGeneralAndAdministrativeExpenses": 8668000,
        "otherExpenses": 276000,
        "operatingExpenses": 14823000,
        "costAndExpenses": 19248000,
        "interestIncome": 0,
        "interestExpense": 0,
        "depreciationAndAmortization": 1902000,
        "ebitda": 10692000,
        "ebitdaratio": 0.3813396105,
        "operatingIncome": 7919000,
        "operatingIncomeRatio": 0.2824381197,
        "totalOtherIncomeExpensesNet": -808000,
        "incomeBeforeTax": 7111000,
        "incomeBeforeTaxRatio": 0.253620087,
        "incomeTaxExpense": 1750000,
        "netIncome": 5361000,
        "netIncomeRatio": 0.1912047935,
        "eps": 0.09,
        "epsdiluted": 0.085,
        "weightedAverageShsOut": 60424000,
        "weightedAverageShsOutDil": 64944000,
        "link": "https://www.sec.gov/Archives/edgar/data/1013462/000119312503077882/0001193125-03-077882-index.htm",
        "finalLink": "https://www.sec.gov/Archives/edgar/data/1013462/000119312503077882/d10q.htm"
    },
    {
        "date": "2003-06-30",
        "symbol": "ANSS",
        "reportedCurrency": "USD",
        "cik": "0001013462",
        "fillingDate": "2003-08-13",
        "acceptedDate": "2003-08-13 11:44:33",
        "calendarYear": "2003",
        "period": "Q2",
        "revenue": 27643000,
        "costOfRevenue": 5157000,
        "grossProfit": 22486000,
        "grossProfitRatio": 0.8134428246,
        "researchAndDevelopmentExpenses": 6074000,
        "generalAndAdministrativeExpenses": 9228000,
        "sellingAndMarketingExpenses": 0,
        "sellingGeneralAndAdministrativeExpenses": 9228000,
        "otherExpenses": 1181000,
        "operatingExpenses": 16483000,
        "costAndExpenses": 21640000,
        "interestIncome": 0,
        "interestExpense": 0,
        "depreciationAndAmortization": 1958000,
        "ebitda": 6003000,
        "ebitdaratio": 0.2171616684,
        "operatingIncome": 6003000,
        "operatingIncomeRatio": 0.2171616684,
        "totalOtherIncomeExpensesNet": 772000,
        "incomeBeforeTax": 6775000,
        "incomeBeforeTaxRatio": 0.2450891727,
        "incomeTaxExpense": 2303000,
        "netIncome": 4472000,
        "netIncomeRatio": 0.1617769417,
        "eps": 0.075,
        "epsdiluted": 0.0725,
        "weightedAverageShsOut": 59436000,
        "weightedAverageShsOutDil": 63616000,
        "link": "https://www.sec.gov/Archives/edgar/data/1013462/000119312503035454/0001193125-03-035454-index.htm",
        "finalLink": "https://www.sec.gov/Archives/edgar/data/1013462/000119312503035454/d10q.htm"
    },
    {
        "date": "2003-03-31",
        "symbol": "ANSS",
        "reportedCurrency": "USD",
        "cik": "0001013462",
        "fillingDate": "2003-05-13",
        "acceptedDate": "2003-05-13 12:13:16",
        "calendarYear": "2003",
        "period": "Q1",
        "revenue": 24600000,
        "costOfRevenue": 4073000,
        "grossProfit": 20527000,
        "grossProfitRatio": 0.8344308943,
        "researchAndDevelopmentExpenses": 5656000,
        "generalAndAdministrativeExpenses": 8156000,
        "sellingAndMarketingExpenses": 0,
        "sellingGeneralAndAdministrativeExpenses": 8156000,
        "otherExpenses": 748000,
        "operatingExpenses": 14560000,
        "costAndExpenses": 18633000,
        "interestIncome": 0,
        "interestExpense": 0,
        "depreciationAndAmortization": 1379000,
        "ebitda": 5967000,
        "ebitdaratio": 0.2425609756,
        "operatingIncome": 5967000,
        "operatingIncomeRatio": 0.2425609756,
        "totalOtherIncomeExpensesNet": 534000,
        "incomeBeforeTax": 6501000,
        "incomeBeforeTaxRatio": 0.2642682927,
        "incomeTaxExpense": 2222000,
        "netIncome": 4279000,
        "netIncomeRatio": 0.1739430894,
        "eps": 0.0725,
        "epsdiluted": 0.0675,
        "weightedAverageShsOut": 58508000,
        "weightedAverageShsOutDil": 62336000,
        "link": "https://www.sec.gov/Archives/edgar/data/1013462/000095013203000107/0000950132-03-000107-index.htm",
        "finalLink": "https://www.sec.gov/Archives/edgar/data/1013462/000095013203000107/d10q.htm"
    },
    {
        "date": "2002-12-31",
        "symbol": "ANSS",
        "reportedCurrency": "USD",
        "cik": "0001013462",
        "fillingDate": "2003-03-24",
        "acceptedDate": "2003-03-24 17:15:29",
        "calendarYear": "2002",
        "period": "Q4",
        "revenue": 25267000,
        "costOfRevenue": 3079000,
        "grossProfit": 22188000,
        "grossProfitRatio": 0.8781414493,
        "researchAndDevelopmentExpenses": 4693000,
        "generalAndAdministrativeExpenses": 7629000,
        "sellingAndMarketingExpenses": 0,
        "sellingGeneralAndAdministrativeExpenses": 7629000,
        "otherExpenses": 565000,
        "operatingExpenses": 12887000,
        "costAndExpenses": 15966000,
        "interestIncome": 0,
        "interestExpense": 0,
        "depreciationAndAmortization": 1114000,
        "ebitda": 10415000,
        "ebitdaratio": 0.4121977283,
        "operatingIncome": 9301000,
        "operatingIncomeRatio": 0.3681086002,
        "totalOtherIncomeExpensesNet": -215000,
        "incomeBeforeTax": 9086000,
        "incomeBeforeTaxRatio": 0.3595994776,
        "incomeTaxExpense": 2817000,
        "netIncome": 6269000,
        "netIncomeRatio": 0.2481101832,
        "eps": 0.11,
        "epsdiluted": 0.1,
        "weightedAverageShsOut": 58508000,
        "weightedAverageShsOutDil": 62336000,
        "link": "https://www.sec.gov/Archives/edgar/data/1013462/000095013203000007/0000950132-03-000007-index.htm",
        "finalLink": "https://www.sec.gov/Archives/edgar/data/1013462/000095013203000007/d10k.htm"
    },
    {
        "date": "2002-09-30",
        "symbol": "ANSS",
        "reportedCurrency": "USD",
        "cik": "0001013462",
        "fillingDate": "2002-11-13",
        "acceptedDate": "2002-11-13 15:42:04",
        "calendarYear": "2002",
        "period": "Q3",
        "revenue": 21745000,
        "costOfRevenue": 3021000,
        "grossProfit": 18724000,
        "grossProfitRatio": 0.8610715107,
        "researchAndDevelopmentExpenses": 5155000,
        "generalAndAdministrativeExpenses": 7212000,
        "sellingAndMarketingExpenses": 0,
        "sellingGeneralAndAdministrativeExpenses": 7212000,
        "otherExpenses": 557000,
        "operatingExpenses": 12924000,
        "costAndExpenses": 15945000,
        "interestIncome": 0,
        "interestExpense": 0,
        "depreciationAndAmortization": 1102000,
        "ebitda": 6902000,
        "ebitdaratio": 0.3174063003,
        "operatingIncome": 5800000,
        "operatingIncomeRatio": 0.2667279834,
        "totalOtherIncomeExpensesNet": 32000,
        "incomeBeforeTax": 5832000,
        "incomeBeforeTaxRatio": 0.2681995861,
        "incomeTaxExpense": 1750000,
        "netIncome": 4082000,
        "netIncomeRatio": 0.1877213152,
        "eps": 0.07,
        "epsdiluted": 0.065,
        "weightedAverageShsOut": 58312000,
        "weightedAverageShsOutDil": 61900000,
        "link": "https://www.sec.gov/Archives/edgar/data/1013462/000095013202000241/0000950132-02-000241-index.htm",
        "finalLink": "https://www.sec.gov/Archives/edgar/data/1013462/000095013202000241/d10q.txt"
    },
    {
        "date": "2002-06-30",
        "symbol": "ANSS",
        "reportedCurrency": "USD",
        "cik": "0001013462",
        "fillingDate": "2002-08-12",
        "acceptedDate": "2002-08-12 12:20:58",
        "calendarYear": "2002",
        "period": "Q2",
        "revenue": 22734000,
        "costOfRevenue": 2809000,
        "grossProfit": 19925000,
        "grossProfitRatio": 0.8764405736,
        "researchAndDevelopmentExpenses": 4938000,
        "generalAndAdministrativeExpenses": 7951000,
        "sellingAndMarketingExpenses": 0,
        "sellingGeneralAndAdministrativeExpenses": 7951000,
        "otherExpenses": 568000,
        "operatingExpenses": 13457000,
        "costAndExpenses": 16266000,
        "interestIncome": 0,
        "interestExpense": 0,
        "depreciationAndAmortization": 1163000,
        "ebitda": 7631000,
        "ebitdaratio": 0.3356646433,
        "operatingIncome": 6468000,
        "operatingIncomeRatio": 0.2845077857,
        "totalOtherIncomeExpensesNet": 323000,
        "incomeBeforeTax": 6791000,
        "incomeBeforeTaxRatio": 0.2987155802,
        "incomeTaxExpense": 2071000,
        "netIncome": 4720000,
        "netIncomeRatio": 0.2076185449,
        "eps": 0.08,
        "epsdiluted": 0.075,
        "weightedAverageShsOut": 58680000,
        "weightedAverageShsOutDil": 63316000,
        "link": "https://www.sec.gov/Archives/edgar/data/1013462/000095013202000166/0000950132-02-000166-index.htm",
        "finalLink": "https://www.sec.gov/Archives/edgar/data/1013462/000095013202000166/d10q.txt"
    },
    {
        "date": "2002-03-31",
        "symbol": "ANSS",
        "reportedCurrency": "USD",
        "cik": "0001013462",
        "fillingDate": "2002-05-07",
        "acceptedDate": "2002-05-07 13:08:26",
        "calendarYear": "2002",
        "period": "Q1",
        "revenue": 21265000,
        "costOfRevenue": 2851000,
        "grossProfit": 18414000,
        "grossProfitRatio": 0.8659299318,
        "researchAndDevelopmentExpenses": 4819000,
        "generalAndAdministrativeExpenses": 7491000,
        "sellingAndMarketingExpenses": 0,
        "sellingGeneralAndAdministrativeExpenses": 7491000,
        "otherExpenses": 599000,
        "operatingExpenses": 12909000,
        "costAndExpenses": 15760000,
        "interestIncome": 0,
        "interestExpense": 0,
        "depreciationAndAmortization": 1146000,
        "ebitda": 6651000,
        "ebitdaratio": 0.3127674583,
        "operatingIncome": 5505000,
        "operatingIncomeRatio": 0.2588760875,
        "totalOtherIncomeExpensesNet": 171000,
        "incomeBeforeTax": 5676000,
        "incomeBeforeTaxRatio": 0.26691747,
        "incomeTaxExpense": 1788000,
        "netIncome": 3888000,
        "netIncomeRatio": 0.1828356454,
        "eps": 0.0675,
        "epsdiluted": 0.0625,
        "weightedAverageShsOut": 58352000,
        "weightedAverageShsOutDil": 63372000,
        "link": "https://www.sec.gov/Archives/edgar/data/1013462/000102140802006256/0001021408-02-006256-index.htm",
        "finalLink": "https://www.sec.gov/Archives/edgar/data/1013462/000102140802006256/d10q.txt"
    },
    {
        "date": "2001-12-31",
        "symbol": "ANSS",
        "reportedCurrency": "USD",
        "cik": "0001013462",
        "fillingDate": "2002-03-22",
        "acceptedDate": "2002-03-22 00:00:00",
        "calendarYear": "2001",
        "period": "Q4",
        "revenue": 25073000,
        "costOfRevenue": 3033000,
        "grossProfit": 22040000,
        "grossProfitRatio": 0.879033223,
        "researchAndDevelopmentExpenses": 4322000,
        "generalAndAdministrativeExpenses": 8709000,
        "sellingAndMarketingExpenses": 0,
        "sellingGeneralAndAdministrativeExpenses": 8709000,
        "otherExpenses": 47647000,
        "operatingExpenses": 60678000,
        "costAndExpenses": 63711000,
        "interestIncome": 0,
        "interestExpense": 0,
        "depreciationAndAmortization": 1936000,
        "ebitda": -36702000,
        "ebitdaratio": -1.4638056874,
        "operatingIncome": 7662000,
        "operatingIncomeRatio": 0.305587684,
        "totalOtherIncomeExpensesNet": -160000,
        "incomeBeforeTax": 7502000,
        "incomeBeforeTaxRatio": 0.2992063176,
        "incomeTaxExpense": 2404000,
        "netIncome": 5098000,
        "netIncomeRatio": 0.2033262872,
        "eps": 0.087,
        "epsdiluted": 0.08,
        "weightedAverageShsOut": 58352000,
        "weightedAverageShsOutDil": 63372000,
        "link": "https://www.sec.gov/Archives/edgar/data/1013462/000095013202000032/0000950132-02-000032-index.htm",
        "finalLink": "https://www.sec.gov/Archives/edgar/data/1013462/000095013202000032/d10k405.txt"
    },
    {
        "date": "2001-09-30",
        "symbol": "ANSS",
        "reportedCurrency": "USD",
        "cik": "0001013462",
        "fillingDate": "2001-11-09",
        "acceptedDate": "2001-11-09 00:00:00",
        "calendarYear": "2001",
        "period": "Q3",
        "revenue": 20610000,
        "costOfRevenue": 2711000,
        "grossProfit": 17899000,
        "grossProfitRatio": 0.8684619117,
        "researchAndDevelopmentExpenses": 4358000,
        "generalAndAdministrativeExpenses": 8893000,
        "sellingAndMarketingExpenses": 0,
        "sellingGeneralAndAdministrativeExpenses": 8893000,
        "otherExpenses": 1281000,
        "operatingExpenses": 14532000,
        "costAndExpenses": 17243000,
        "interestIncome": 0,
        "interestExpense": 0,
        "depreciationAndAmortization": 1831000,
        "ebitda": 5198000,
        "ebitdaratio": 0.2522076662,
        "operatingIncome": 3367000,
        "operatingIncomeRatio": 0.1633672974,
        "totalOtherIncomeExpensesNet": 483000,
        "incomeBeforeTax": 3850000,
        "incomeBeforeTaxRatio": 0.186802523,
        "incomeTaxExpense": 1196000,
        "netIncome": 2654000,
        "netIncomeRatio": 0.1287724406,
        "eps": 0.045,
        "epsdiluted": 0.0425,
        "weightedAverageShsOut": 58128000,
        "weightedAverageShsOutDil": 62308000,
        "link": "https://www.sec.gov/Archives/edgar/data/1013462/000092701601503585/0000927016-01-503585-index.htm",
        "finalLink": "https://www.sec.gov/Archives/edgar/data/1013462/000092701601503585/d10q.txt"
    },
    {
        "date": "2001-06-30",
        "symbol": "ANSS",
        "reportedCurrency": "USD",
        "cik": "0001013462",
        "fillingDate": "2001-08-02",
        "acceptedDate": "2001-08-02 00:00:00",
        "calendarYear": "2001",
        "period": "Q2",
        "revenue": 20931000,
        "costOfRevenue": 2946000,
        "grossProfit": 17985000,
        "grossProfitRatio": 0.8592518274,
        "researchAndDevelopmentExpenses": 4298000,
        "generalAndAdministrativeExpenses": 7664000,
        "sellingAndMarketingExpenses": 0,
        "sellingGeneralAndAdministrativeExpenses": 7664000,
        "otherExpenses": 1318000,
        "operatingExpenses": 13280000,
        "costAndExpenses": 16226000,
        "interestIncome": 0,
        "interestExpense": 0,
        "depreciationAndAmortization": 1900000,
        "ebitda": 6605000,
        "ebitdaratio": 0.3155606517,
        "operatingIncome": 4705000,
        "operatingIncomeRatio": 0.2247862023,
        "totalOtherIncomeExpensesNet": 467000,
        "incomeBeforeTax": 5172000,
        "incomeBeforeTaxRatio": 0.2470976064,
        "incomeTaxExpense": 1603000,
        "netIncome": 3569000,
        "netIncomeRatio": 0.1705126368,
        "eps": 0.0625,
        "epsdiluted": 0.06,
        "weightedAverageShsOut": 57368000,
        "weightedAverageShsOutDil": 60684000,
        "link": "https://www.sec.gov/Archives/edgar/data/1013462/000102140801504377/0001021408-01-504377-index.htm",
        "finalLink": "https://www.sec.gov/Archives/edgar/data/1013462/000102140801504377/d10q.txt"
    },
    {
        "date": "2001-03-31",
        "symbol": "ANSS",
        "reportedCurrency": "USD",
        "cik": "0001013462",
        "fillingDate": "2001-05-11",
        "acceptedDate": "2001-05-11 00:00:00",
        "calendarYear": "2001",
        "period": "Q1",
        "revenue": 18222000,
        "costOfRevenue": 2663000,
        "grossProfit": 15559000,
        "grossProfitRatio": 0.8538579739,
        "researchAndDevelopmentExpenses": 3915000,
        "generalAndAdministrativeExpenses": 7505000,
        "sellingAndMarketingExpenses": 0,
        "sellingGeneralAndAdministrativeExpenses": 7505000,
        "otherExpenses": 1325000,
        "operatingExpenses": 12745000,
        "costAndExpenses": 15408000,
        "interestIncome": 0,
        "interestExpense": 0,
        "depreciationAndAmortization": 1964000,
        "ebitda": 4778000,
        "ebitdaratio": 0.2622105148,
        "operatingIncome": 2814000,
        "operatingIncomeRatio": 0.1544287125,
        "totalOtherIncomeExpensesNet": 644000,
        "incomeBeforeTax": 3458000,
        "incomeBeforeTaxRatio": 0.189770607,
        "incomeTaxExpense": 1087000,
        "netIncome": 2371000,
        "netIncomeRatio": 0.1301174405,
        "eps": 0.04,
        "epsdiluted": 0.0375,
        "weightedAverageShsOut": 59656000,
        "weightedAverageShsOutDil": 61972000,
        "link": "https://www.sec.gov/Archives/edgar/data/1013462/000095013201500239/0000950132-01-500239-index.htm",
        "finalLink": "https://www.sec.gov/Archives/edgar/data/1013462/000095013201500239/d10q.txt"
    },
    {
        "date": "2000-12-31",
        "symbol": "ANSS",
        "reportedCurrency": "USD",
        "cik": "0001013462",
        "fillingDate": "2001-03-29",
        "acceptedDate": "2001-03-29 00:00:00",
        "calendarYear": "2000",
        "period": "Q4",
        "revenue": 24152000,
        "costOfRevenue": 2233000,
        "grossProfit": 21919000,
        "grossProfitRatio": 0.9075438887,
        "researchAndDevelopmentExpenses": 4431000,
        "generalAndAdministrativeExpenses": 9851000,
        "sellingAndMarketingExpenses": 0,
        "sellingGeneralAndAdministrativeExpenses": 9851000,
        "otherExpenses": 1886000,
        "operatingExpenses": 16168000,
        "costAndExpenses": 18401000,
        "interestIncome": 0,
        "interestExpense": 0,
        "depreciationAndAmortization": 1886000,
        "ebitda": 7637000,
        "ebitdaratio": 0.3162056973,
        "operatingIncome": 5751000,
        "operatingIncomeRatio": 0.2381169261,
        "totalOtherIncomeExpensesNet": 810000,
        "incomeBeforeTax": 6561000,
        "incomeBeforeTaxRatio": 0.2716545214,
        "incomeTaxExpense": 2102000,
        "netIncome": 4459000,
        "netIncomeRatio": 0.1846223915,
        "eps": 0.075,
        "epsdiluted": 0.072,
        "weightedAverageShsOut": 59656000,
        "weightedAverageShsOutDil": 61972000,
        "link": "https://www.sec.gov/Archives/edgar/data/1013462/000095013201000198/0000950132-01-000198-index.htm",
        "finalLink": "https://www.sec.gov/Archives/edgar/data/1013462/000095013201000198/0000950132-01-000198-0001.txt"
    },
    {
        "date": "2000-09-30",
        "symbol": "ANSS",
        "reportedCurrency": "USD",
        "cik": "0001013462",
        "fillingDate": "2000-11-09",
        "acceptedDate": "2000-11-09 00:00:00",
        "calendarYear": "2000",
        "period": "Q3",
        "revenue": 16682000,
        "costOfRevenue": 1629000,
        "grossProfit": 15053000,
        "grossProfitRatio": 0.9023498381,
        "researchAndDevelopmentExpenses": 3457000,
        "generalAndAdministrativeExpenses": 6816000,
        "sellingAndMarketingExpenses": 0,
        "sellingGeneralAndAdministrativeExpenses": 6816000,
        "otherExpenses": 975000,
        "operatingExpenses": 11248000,
        "costAndExpenses": 12877000,
        "interestIncome": 0,
        "interestExpense": 0,
        "depreciationAndAmortization": 975000,
        "ebitda": 4780000,
        "ebitdaratio": 0.2865363865,
        "operatingIncome": 3805000,
        "operatingIncomeRatio": 0.2280901571,
        "totalOtherIncomeExpensesNet": 877000,
        "incomeBeforeTax": 4682000,
        "incomeBeforeTaxRatio": 0.2806617912,
        "incomeTaxExpense": 1410000,
        "netIncome": 3272000,
        "netIncomeRatio": 0.1961395516,
        "eps": 0.0525,
        "epsdiluted": 0.0525,
        "weightedAverageShsOut": 61980000,
        "weightedAverageShsOutDil": 63892000,
        "link": "https://www.sec.gov/Archives/edgar/data/1013462/000101346200000018/0001013462-00-000018-index.htm",
        "finalLink": "https://www.sec.gov/Archives/edgar/data/1013462/000101346200000018/0001013462-00-000018-0001.txt"
    },
    {
        "date": "2000-06-30",
        "symbol": "ANSS",
        "reportedCurrency": "USD",
        "cik": "0001013462",
        "fillingDate": "2000-08-09",
        "acceptedDate": "2000-08-09 00:00:00",
        "calendarYear": "2000",
        "period": "Q2",
        "revenue": 16253000,
        "costOfRevenue": 1263000,
        "grossProfit": 14990000,
        "grossProfitRatio": 0.9222912693,
        "researchAndDevelopmentExpenses": 3203000,
        "generalAndAdministrativeExpenses": 6276000,
        "sellingAndMarketingExpenses": 0,
        "sellingGeneralAndAdministrativeExpenses": 6276000,
        "otherExpenses": 722000,
        "operatingExpenses": 10201000,
        "costAndExpenses": 11464000,
        "interestIncome": 0,
        "interestExpense": 0,
        "depreciationAndAmortization": 722000,
        "ebitda": 5511000,
        "ebitdaratio": 0.3390758629,
        "operatingIncome": 4789000,
        "operatingIncomeRatio": 0.2946532948,
        "totalOtherIncomeExpensesNet": 895000,
        "incomeBeforeTax": 5684000,
        "incomeBeforeTaxRatio": 0.3497200517,
        "incomeTaxExpense": 1592000,
        "netIncome": 4092000,
        "netIncomeRatio": 0.2517689042,
        "eps": 0.065,
        "epsdiluted": 0.0625,
        "weightedAverageShsOut": 63260000,
        "weightedAverageShsOutDil": 65088000,
        "link": "https://www.sec.gov/Archives/edgar/data/1013462/000101346200000012/0001013462-00-000012-index.htm",
        "finalLink": "https://www.sec.gov/Archives/edgar/data/1013462/000101346200000012/0001013462-00-000012-0001.txt"
    },
    {
        "date": "2000-03-31",
        "symbol": "ANSS",
        "reportedCurrency": "USD",
        "cik": "0001013462",
        "fillingDate": "2000-05-09",
        "acceptedDate": "2000-05-09 00:00:00",
        "calendarYear": "2000",
        "period": "Q1",
        "revenue": 17380000,
        "costOfRevenue": 1461000,
        "grossProfit": 15919000,
        "grossProfitRatio": 0.9159378596,
        "researchAndDevelopmentExpenses": 3411000,
        "generalAndAdministrativeExpenses": 6524000,
        "sellingAndMarketingExpenses": 0,
        "sellingGeneralAndAdministrativeExpenses": 6524000,
        "otherExpenses": 750000,
        "operatingExpenses": 10685000,
        "costAndExpenses": 12146000,
        "interestIncome": 0,
        "interestExpense": 0,
        "depreciationAndAmortization": 750000,
        "ebitda": 5984000,
        "ebitdaratio": 0.3443037975,
        "operatingIncome": 5234000,
        "operatingIncomeRatio": 0.301150748,
        "totalOtherIncomeExpensesNet": 997000,
        "incomeBeforeTax": 6231000,
        "incomeBeforeTaxRatio": 0.3585155351,
        "incomeTaxExpense": 1744000,
        "netIncome": 4487000,
        "netIncomeRatio": 0.2581703107,
        "eps": 0.07,
        "epsdiluted": 0.0675,
        "weightedAverageShsOut": 65012000,
        "weightedAverageShsOutDil": 67380000,
        "link": "https://www.sec.gov/Archives/edgar/data/1013462/000095013200000337/0000950132-00-000337-index.html",
        "finalLink": "https://www.sec.gov/Archives/edgar/data/1013462/000095013200000337/"
    },
    {
        "date": "1999-12-31",
        "symbol": "ANSS",
        "reportedCurrency": "USD",
        "cik": "0001013462",
        "fillingDate": "2000-03-28",
        "acceptedDate": "2000-03-28 00:00:00",
        "calendarYear": "1999",
        "period": "Q4",
        "revenue": 17639000,
        "costOfRevenue": 1211000,
        "grossProfit": 16428000,
        "grossProfitRatio": 0.9313453144,
        "researchAndDevelopmentExpenses": 3775000,
        "generalAndAdministrativeExpenses": 6948000,
        "sellingAndMarketingExpenses": 0,
        "sellingGeneralAndAdministrativeExpenses": 6948000,
        "otherExpenses": 762000,
        "operatingExpenses": 11485000,
        "costAndExpenses": 12696000,
        "interestIncome": 0,
        "interestExpense": 0,
        "depreciationAndAmortization": 762000,
        "ebitda": 5705000,
        "ebitdaratio": 0.3234310335,
        "operatingIncome": 4943000,
        "operatingIncomeRatio": 0.2802313056,
        "totalOtherIncomeExpensesNet": 726000,
        "incomeBeforeTax": 5669000,
        "incomeBeforeTaxRatio": 0.3213901015,
        "incomeTaxExpense": 1518000,
        "netIncome": 4151000,
        "netIncomeRatio": 0.2353308011,
        "eps": 0.064,
        "epsdiluted": 0.062,
        "weightedAverageShsOut": 65012000,
        "weightedAverageShsOutDil": 67380000,
        "link": "https://www.sec.gov/Archives/edgar/data/1013462/000095013200000213/0000950132-00-000213-index.html",
        "finalLink": "https://www.sec.gov/Archives/edgar/data/1013462/000095013200000213/"
    },
    {
        "date": "1999-09-30",
        "symbol": "ANSS",
        "reportedCurrency": "USD",
        "cik": "0001013462",
        "fillingDate": "1999-11-12",
        "acceptedDate": "1999-11-12 00:00:00",
        "calendarYear": "1999",
        "period": "Q3",
        "revenue": 14300000,
        "costOfRevenue": 1200000,
        "grossProfit": 13100000,
        "grossProfitRatio": 0.9160839161,
        "researchAndDevelopmentExpenses": 3100000,
        "generalAndAdministrativeExpenses": 5500000,
        "sellingAndMarketingExpenses": 0,
        "sellingGeneralAndAdministrativeExpenses": 5500000,
        "otherExpenses": 600000,
        "operatingExpenses": 9200000,
        "costAndExpenses": 10400000,
        "interestIncome": 0,
        "interestExpense": 0,
        "depreciationAndAmortization": 600000,
        "ebitda": 4500000,
        "ebitdaratio": 0.3146853147,
        "operatingIncome": 3900000,
        "operatingIncomeRatio": 0.2727272727,
        "totalOtherIncomeExpensesNet": 700000,
        "incomeBeforeTax": 4600000,
        "incomeBeforeTaxRatio": 0.3216783217,
        "incomeTaxExpense": 1200000,
        "netIncome": 3400000,
        "netIncomeRatio": 0.2377622378,
        "eps": 0.05,
        "epsdiluted": 0.05,
        "weightedAverageShsOut": 68000000,
        "weightedAverageShsOutDil": 68000000,
        "link": "https://www.sec.gov/Archives/edgar/data/1013462/000101346299000013/0001013462-99-000013-index.html",
        "finalLink": "https://www.sec.gov/Archives/edgar/data/1013462/000101346299000013/"
    },
    {
        "date": "1999-06-30",
        "symbol": "ANSS",
        "reportedCurrency": "USD",
        "cik": "0001013462",
        "fillingDate": "1999-08-09",
        "acceptedDate": "1999-08-09 00:00:00",
        "calendarYear": "1999",
        "period": "Q2",
        "revenue": 15400000,
        "costOfRevenue": 1100000,
        "grossProfit": 14300000,
        "grossProfitRatio": 0.9285714286,
        "researchAndDevelopmentExpenses": 3200000,
        "generalAndAdministrativeExpenses": 6500000,
        "sellingAndMarketingExpenses": 0,
        "sellingGeneralAndAdministrativeExpenses": 6500000,
        "otherExpenses": 700000,
        "operatingExpenses": 10400000,
        "costAndExpenses": 11500000,
        "interestIncome": 0,
        "interestExpense": 0,
        "depreciationAndAmortization": 700000,
        "ebitda": 4594000,
        "ebitdaratio": 0.2983116883,
        "operatingIncome": 3900000,
        "operatingIncomeRatio": 0.2532467532,
        "totalOtherIncomeExpensesNet": 500000,
        "incomeBeforeTax": 4400000,
        "incomeBeforeTaxRatio": 0.2857142857,
        "incomeTaxExpense": 900000,
        "netIncome": 3500000,
        "netIncomeRatio": 0.2272727273,
        "eps": 0.055,
        "epsdiluted": 0.0525,
        "weightedAverageShsOut": 63636364,
        "weightedAverageShsOutDil": 66666667,
        "link": "https://www.sec.gov/Archives/edgar/data/1013462/000101346299000009/0001013462-99-000009-index.html",
        "finalLink": "https://www.sec.gov/Archives/edgar/data/1013462/000101346299000009/"
    },
    {
        "date": "1999-03-31",
        "symbol": "ANSS",
        "reportedCurrency": "USD",
        "cik": "0001013462",
        "fillingDate": "1999-05-04",
        "acceptedDate": "1999-05-04 00:00:00",
        "calendarYear": "1999",
        "period": "Q1",
        "revenue": 15900000,
        "costOfRevenue": 1100000,
        "grossProfit": 14800000,
        "grossProfitRatio": 0.9308176101,
        "researchAndDevelopmentExpenses": 3400000,
        "generalAndAdministrativeExpenses": 6000000,
        "sellingAndMarketingExpenses": 0,
        "sellingGeneralAndAdministrativeExpenses": 6000000,
        "otherExpenses": 700000,
        "operatingExpenses": 10100000,
        "costAndExpenses": 11200000,
        "interestIncome": 0,
        "interestExpense": 0,
        "depreciationAndAmortization": 700000,
        "ebitda": 5368000,
        "ebitdaratio": 0.3376100629,
        "operatingIncome": 4700000,
        "operatingIncomeRatio": 0.2955974843,
        "totalOtherIncomeExpensesNet": 400000,
        "incomeBeforeTax": 5100000,
        "incomeBeforeTaxRatio": 0.320754717,
        "incomeTaxExpense": 1400000,
        "netIncome": 3700000,
        "netIncomeRatio": 0.2327044025,
        "eps": 0.0575,
        "epsdiluted": 0.055,
        "weightedAverageShsOut": 64347826,
        "weightedAverageShsOutDil": 67272727,
        "link": "https://www.sec.gov/Archives/edgar/data/1013462/000101346299000004/0001013462-99-000004-index.html",
        "finalLink": "https://www.sec.gov/Archives/edgar/data/1013462/"
    },
    {
        "date": "1998-12-31",
        "symbol": "ANSS",
        "reportedCurrency": "USD",
        "cik": "0001013462",
        "fillingDate": "1999-03-24",
        "acceptedDate": "1999-03-24 00:00:00",
        "calendarYear": "1998",
        "period": "Q4",
        "revenue": 15300000,
        "costOfRevenue": 1100000,
        "grossProfit": 14200000,
        "grossProfitRatio": 0.9281045752,
        "researchAndDevelopmentExpenses": 2900000,
        "generalAndAdministrativeExpenses": 6300000,
        "sellingAndMarketingExpenses": 0,
        "sellingGeneralAndAdministrativeExpenses": 6300000,
        "otherExpenses": 700000,
        "operatingExpenses": 9900000,
        "costAndExpenses": 11000000,
        "interestIncome": 0,
        "interestExpense": 0,
        "depreciationAndAmortization": 700000,
        "ebitda": 5000000,
        "ebitdaratio": 0.3267973856,
        "operatingIncome": 4300000,
        "operatingIncomeRatio": 0.2810457516,
        "totalOtherIncomeExpensesNet": 400000,
        "incomeBeforeTax": 4700000,
        "incomeBeforeTaxRatio": 0.3071895425,
        "incomeTaxExpense": 1600000,
        "netIncome": 3100000,
        "netIncomeRatio": 0.2026143791,
        "eps": 0.048,
        "epsdiluted": 0.046,
        "weightedAverageShsOut": 64347826,
        "weightedAverageShsOutDil": 67272727,
        "link": "https://www.sec.gov/Archives/edgar/data/1013462/000095013299000268/0000950132-99-000268-index.html",
        "finalLink": "https://www.sec.gov/Archives/edgar/data/1013462/"
    },
    {
        "date": "1998-09-30",
        "symbol": "ANSS",
        "reportedCurrency": "USD",
        "cik": "0001013462",
        "fillingDate": "1998-11-09",
        "acceptedDate": "1998-11-09 00:00:00",
        "calendarYear": "1998",
        "period": "Q3",
        "revenue": 13500000,
        "costOfRevenue": 1000000,
        "grossProfit": 12500000,
        "grossProfitRatio": 0.9259259259,
        "researchAndDevelopmentExpenses": 2700000,
        "generalAndAdministrativeExpenses": 5500000,
        "sellingAndMarketingExpenses": 0,
        "sellingGeneralAndAdministrativeExpenses": 5500000,
        "otherExpenses": 700000,
        "operatingExpenses": 8900000,
        "costAndExpenses": 9900000,
        "interestIncome": 0,
        "interestExpense": 0,
        "depreciationAndAmortization": 700000,
        "ebitda": 4300000,
        "ebitdaratio": 0.3185185185,
        "operatingIncome": 3600000,
        "operatingIncomeRatio": 0.2666666667,
        "totalOtherIncomeExpensesNet": 500000,
        "incomeBeforeTax": 4100000,
        "incomeBeforeTaxRatio": 0.3037037037,
        "incomeTaxExpense": 1400000,
        "netIncome": 2700000,
        "netIncomeRatio": 0.2,
        "eps": 0.0425,
        "epsdiluted": 0.04,
        "weightedAverageShsOut": 63529412,
        "weightedAverageShsOutDil": 67500000,
        "link": "https://www.sec.gov/Archives/edgar/data/1013462/000101346298000010/0001013462-98-000010-index.html",
        "finalLink": "https://www.sec.gov/Archives/edgar/data/1013462/"
    },
    {
        "date": "1998-06-30",
        "symbol": "ANSS",
        "reportedCurrency": "USD",
        "cik": "0001013462",
        "fillingDate": "1998-08-14",
        "acceptedDate": "1998-08-14 00:00:00",
        "calendarYear": "1998",
        "period": "Q2",
        "revenue": 13600000,
        "costOfRevenue": 1100000,
        "grossProfit": 12500000,
        "grossProfitRatio": 0.9191176471,
        "researchAndDevelopmentExpenses": 2900000,
        "generalAndAdministrativeExpenses": 5400000,
        "sellingAndMarketingExpenses": 0,
        "sellingGeneralAndAdministrativeExpenses": 5400000,
        "otherExpenses": 600000,
        "operatingExpenses": 8900000,
        "costAndExpenses": 10000000,
        "interestIncome": 0,
        "interestExpense": 0,
        "depreciationAndAmortization": 600000,
        "ebitda": 4200000,
        "ebitdaratio": 0.3088235294,
        "operatingIncome": 3600000,
        "operatingIncomeRatio": 0.2647058824,
        "totalOtherIncomeExpensesNet": 400000,
        "incomeBeforeTax": 4000000,
        "incomeBeforeTaxRatio": 0.2941176471,
        "incomeTaxExpense": 1300000,
        "netIncome": 2700000,
        "netIncomeRatio": 0.1985294118,
        "eps": 0.0425,
        "epsdiluted": 0.04,
        "weightedAverageShsOut": 63529412,
        "weightedAverageShsOutDil": 67500000,
        "link": "https://www.sec.gov/Archives/edgar/data/1013462/000095013298000632/0000950132-98-000632-index.html",
        "finalLink": "https://www.sec.gov/Archives/edgar/data/1013462/"
    },
    {
        "date": "1998-03-31",
        "symbol": "ANSS",
        "reportedCurrency": "USD",
        "cik": "0001013462",
        "fillingDate": "1998-04-27",
        "acceptedDate": "1998-04-27 00:00:00",
        "calendarYear": "1998",
        "period": "Q1",
        "revenue": 14200000,
        "costOfRevenue": 1100000,
        "grossProfit": 13100000,
        "grossProfitRatio": 0.9225352113,
        "researchAndDevelopmentExpenses": 3100000,
        "generalAndAdministrativeExpenses": 5500000,
        "sellingAndMarketingExpenses": 0,
        "sellingGeneralAndAdministrativeExpenses": 5500000,
        "otherExpenses": 700000,
        "operatingExpenses": 9300000,
        "costAndExpenses": 10400000,
        "interestIncome": 0,
        "interestExpense": 0,
        "depreciationAndAmortization": 700000,
        "ebitda": 4500000,
        "ebitdaratio": 0.3169014085,
        "operatingIncome": 3800000,
        "operatingIncomeRatio": 0.2676056338,
        "totalOtherIncomeExpensesNet": 400000,
        "incomeBeforeTax": 4200000,
        "incomeBeforeTaxRatio": 0.2957746479,
        "incomeTaxExpense": 1400000,
        "netIncome": 2800000,
        "netIncomeRatio": 0.1971830986,
        "eps": 0.0425,
        "epsdiluted": 0.0425,
        "weightedAverageShsOut": 65882353,
        "weightedAverageShsOutDil": 65882353,
        "link": "https://www.sec.gov/Archives/edgar/data/1013462/000101346298000003/0001013462-98-000003-index.html",
        "finalLink": "https://www.sec.gov/Archives/edgar/data/1013462/"
    },
    {
        "date": "1997-12-31",
        "symbol": "ANSS",
        "reportedCurrency": "USD",
        "cik": "0001013462",
        "fillingDate": "1998-03-23",
        "acceptedDate": "1998-03-23 00:00:00",
        "calendarYear": "1997",
        "period": "Q4",
        "revenue": 14400000,
        "costOfRevenue": 1000000,
        "grossProfit": 13400000,
        "grossProfitRatio": 0.9305555556,
        "researchAndDevelopmentExpenses": 2700000,
        "generalAndAdministrativeExpenses": 6200000,
        "sellingAndMarketingExpenses": 0,
        "sellingGeneralAndAdministrativeExpenses": 6200000,
        "otherExpenses": 600000,
        "operatingExpenses": 9500000,
        "costAndExpenses": 10500000,
        "interestIncome": 0,
        "interestExpense": 0,
        "depreciationAndAmortization": 600000,
        "ebitda": 4500000,
        "ebitdaratio": 0.3125,
        "operatingIncome": 3900000,
        "operatingIncomeRatio": 0.2708333333,
        "totalOtherIncomeExpensesNet": 300000,
        "incomeBeforeTax": 4200000,
        "incomeBeforeTaxRatio": 0.2916666667,
        "incomeTaxExpense": 1500000,
        "netIncome": 2700000,
        "netIncomeRatio": 0.1875,
        "eps": 0.041,
        "epsdiluted": 0.041,
        "weightedAverageShsOut": 63914894,
        "weightedAverageShsOutDil": 65882353,
        "link": "https://www.sec.gov/Archives/edgar/data/1013462/000095013298000250/0000950132-98-000250-index.html",
        "finalLink": "https://www.sec.gov/Archives/edgar/data/1013462/"
    },
    {
        "date": "1997-09-30",
        "symbol": "ANSS",
        "reportedCurrency": "USD",
        "cik": "0001013462",
        "fillingDate": "1997-11-12",
        "acceptedDate": "1997-11-12 00:00:00",
        "calendarYear": "1997",
        "period": "Q3",
        "revenue": 11500000,
        "costOfRevenue": 900000,
        "grossProfit": 10600000,
        "grossProfitRatio": 0.9217391304,
        "researchAndDevelopmentExpenses": 2500000,
        "generalAndAdministrativeExpenses": 5000000,
        "sellingAndMarketingExpenses": 0,
        "sellingGeneralAndAdministrativeExpenses": 5000000,
        "otherExpenses": 500000,
        "operatingExpenses": 8000000,
        "costAndExpenses": 8900000,
        "interestIncome": 0,
        "interestExpense": 0,
        "depreciationAndAmortization": 500000,
        "ebitda": 3100000,
        "ebitdaratio": 0.2695652174,
        "operatingIncome": 2600000,
        "operatingIncomeRatio": 0.2260869565,
        "totalOtherIncomeExpensesNet": 100000,
        "incomeBeforeTax": 2700000,
        "incomeBeforeTaxRatio": 0.2347826087,
        "incomeTaxExpense": 1000000,
        "netIncome": 1700000,
        "netIncomeRatio": 0.147826087,
        "eps": 0.0275,
        "epsdiluted": 0.025,
        "weightedAverageShsOut": 61818182,
        "weightedAverageShsOutDil": 68000000,
        "link": "https://www.sec.gov/Archives/edgar/data/1013462/000101346297000005/0001013462-97-000005-index.html",
        "finalLink": "https://www.sec.gov/Archives/edgar/data/1013462/"
    },
    {
        "date": "1997-06-30",
        "symbol": "ANSS",
        "reportedCurrency": "USD",
        "cik": "0001013462",
        "fillingDate": "1997-08-11",
        "acceptedDate": "1997-08-11 00:00:00",
        "calendarYear": "1997",
        "period": "Q2",
        "revenue": 12600000,
        "costOfRevenue": 1000000,
        "grossProfit": 11600000,
        "grossProfitRatio": 0.9206349206,
        "researchAndDevelopmentExpenses": 3000000,
        "generalAndAdministrativeExpenses": 4700000,
        "sellingAndMarketingExpenses": 0,
        "sellingGeneralAndAdministrativeExpenses": 4700000,
        "otherExpenses": 500000,
        "operatingExpenses": 8200000,
        "costAndExpenses": 9200000,
        "interestIncome": 0,
        "interestExpense": 0,
        "depreciationAndAmortization": 500000,
        "ebitda": 3900000,
        "ebitdaratio": 0.3095238095,
        "operatingIncome": 3400000,
        "operatingIncomeRatio": 0.2698412698,
        "totalOtherIncomeExpensesNet": 200000,
        "incomeBeforeTax": 3600000,
        "incomeBeforeTaxRatio": 0.2857142857,
        "incomeTaxExpense": 1300000,
        "netIncome": 2300000,
        "netIncomeRatio": 0.1825396825,
        "eps": 0.0375,
        "epsdiluted": 0.035,
        "weightedAverageShsOut": 61333333,
        "weightedAverageShsOutDil": 65714286,
        "link": "https://www.sec.gov/Archives/edgar/data/1013462/000095013297000605/0000950132-97-000605-index.html",
        "finalLink": "https://www.sec.gov/Archives/edgar/data/1013462/"
    },
    {
        "date": "1997-03-31",
        "symbol": "ANSS",
        "reportedCurrency": "USD",
        "cik": "0001013462",
        "fillingDate": "1997-04-23",
        "acceptedDate": "1997-04-23 00:00:00",
        "calendarYear": "1997",
        "period": "Q1",
        "revenue": 12000000,
        "costOfRevenue": 900000,
        "grossProfit": 11100000,
        "grossProfitRatio": 0.925,
        "researchAndDevelopmentExpenses": 2800000,
        "generalAndAdministrativeExpenses": 4900000,
        "sellingAndMarketingExpenses": 0,
        "sellingGeneralAndAdministrativeExpenses": 4900000,
        "otherExpenses": 2600000,
        "operatingExpenses": 10300000,
        "costAndExpenses": 11200000,
        "interestIncome": 0,
        "interestExpense": 0,
        "depreciationAndAmortization": 2600000,
        "ebitda": 3400000,
        "ebitdaratio": 0.2833333333,
        "operatingIncome": 800000,
        "operatingIncomeRatio": 0.0666666667,
        "totalOtherIncomeExpensesNet": 300000,
        "incomeBeforeTax": 1100000,
        "incomeBeforeTaxRatio": 0.0916666667,
        "incomeTaxExpense": 400000,
        "netIncome": 700000,
        "netIncomeRatio": 0.0583333333,
        "eps": 0.01,
        "epsdiluted": 0.01,
        "weightedAverageShsOut": 70000000,
        "weightedAverageShsOutDil": 70000000,
        "link": "https://www.sec.gov/Archives/edgar/data/1013462/000095013297000313/0000950132-97-000313-index.html",
        "finalLink": "https://www.sec.gov/Archives/edgar/data/1013462/"
    },
    {
        "date": "1996-12-31",
        "symbol": "ANSS",
        "reportedCurrency": "USD",
        "cik": "0001013462",
        "fillingDate": "1997-03-26",
        "acceptedDate": "1997-03-26 00:00:00",
        "calendarYear": "1996",
        "period": "Q4",
        "revenue": 12400000,
        "costOfRevenue": 1000000,
        "grossProfit": 11400000,
        "grossProfitRatio": 0.9193548387,
        "researchAndDevelopmentExpenses": 2600000,
        "generalAndAdministrativeExpenses": 4600000,
        "sellingAndMarketingExpenses": 0,
        "sellingGeneralAndAdministrativeExpenses": 4600000,
        "otherExpenses": 3000000,
        "operatingExpenses": 10200000,
        "costAndExpenses": 11200000,
        "interestIncome": 0,
        "interestExpense": 0,
        "depreciationAndAmortization": 3000000,
        "ebitda": 4200000,
        "ebitdaratio": 0.3387096774,
        "operatingIncome": 1200000,
        "operatingIncomeRatio": 0.0967741935,
        "totalOtherIncomeExpensesNet": 100000,
        "incomeBeforeTax": 1300000,
        "incomeBeforeTaxRatio": 0.1048387097,
        "incomeTaxExpense": 500000,
        "netIncome": 800000,
        "netIncomeRatio": 0.064516129,
        "eps": 0.011,
        "epsdiluted": 0.011,
        "weightedAverageShsOut": 70000000,
        "weightedAverageShsOutDil": 70000000,
        "link": "https://www.sec.gov/Archives/edgar/data/1013462/000095013297000207/0000950132-97-000207-index.html",
        "finalLink": "https://www.sec.gov/Archives/edgar/data/1013462/"
    },
    {
        "date": "1996-09-30",
        "symbol": "ANSS",
        "reportedCurrency": "USD",
        "cik": "0001013462",
        "fillingDate": "1996-11-14",
        "acceptedDate": "1996-11-14 00:00:00",
        "calendarYear": "1996",
        "period": "Q3",
        "revenue": 12700000,
        "costOfRevenue": 1400000,
        "grossProfit": 11300000,
        "grossProfitRatio": 0.8897637795,
        "researchAndDevelopmentExpenses": 2600000,
        "generalAndAdministrativeExpenses": 4700000,
        "sellingAndMarketingExpenses": 0,
        "sellingGeneralAndAdministrativeExpenses": 4700000,
        "otherExpenses": 2700000,
        "operatingExpenses": 10000000,
        "costAndExpenses": 11400000,
        "interestIncome": 0,
        "interestExpense": 0,
        "depreciationAndAmortization": 3000000,
        "ebitda": 4300000,
        "ebitdaratio": 0.3385826772,
        "operatingIncome": 1300000,
        "operatingIncomeRatio": 0.1023622047,
        "totalOtherIncomeExpensesNet": 400000,
        "incomeBeforeTax": 1700000,
        "incomeBeforeTaxRatio": 0.1338582677,
        "incomeTaxExpense": 600000,
        "netIncome": 1100000,
        "netIncomeRatio": 0.0866141732,
        "eps": 0.0175,
        "epsdiluted": 0.0175,
        "weightedAverageShsOut": 62857143,
        "weightedAverageShsOutDil": 62857143,
        "link": "https://www.sec.gov/Archives/edgar/data/1013462/000095013296000707/0000950132-96-000707-index.html",
        "finalLink": "https://www.sec.gov/Archives/edgar/data/1013462/"
    },
    {
        "date": "1996-06-30",
        "symbol": "ANSS",
        "reportedCurrency": "USD",
        "cik": "0001013462",
        "fillingDate": "1996-08-13",
        "acceptedDate": "1996-08-13 00:00:00",
        "calendarYear": "1996",
        "period": "Q2",
        "revenue": 11300000,
        "costOfRevenue": 700000,
        "grossProfit": 10600000,
        "grossProfitRatio": 0.9380530973,
        "researchAndDevelopmentExpenses": 2300000,
        "generalAndAdministrativeExpenses": 4100000,
        "sellingAndMarketingExpenses": 0,
        "sellingGeneralAndAdministrativeExpenses": 4100000,
        "otherExpenses": 3500000,
        "operatingExpenses": 9900000,
        "costAndExpenses": 10600000,
        "interestIncome": 0,
        "interestExpense": 0,
        "depreciationAndAmortization": 3500000,
        "ebitda": 4200000,
        "ebitdaratio": 0.3716814159,
        "operatingIncome": 700000,
        "operatingIncomeRatio": 0.0619469027,
        "totalOtherIncomeExpensesNet": 100000,
        "incomeBeforeTax": 800000,
        "incomeBeforeTaxRatio": 0.0707964602,
        "incomeTaxExpense": 1000000,
        "netIncome": -300000,
        "netIncomeRatio": -0.0265486726,
        "eps": -0.0055,
        "epsdiluted": -0.0055,
        "weightedAverageShsOut": 54856000,
        "weightedAverageShsOutDil": 54856000,
        "link": "https://www.sec.gov/Archives/edgar/data/1013462/000095013296000499/0000950132-96-000499-index.html",
        "finalLink": "https://www.sec.gov/Archives/edgar/data/1013462/"
    },
    {
        "date": "1996-03-31",
        "symbol": "ANSS",
        "reportedCurrency": "USD",
        "cik": "0001013462",
        "fillingDate": "1996-03-31",
        "acceptedDate": "1996-03-30 19:00:00",
        "calendarYear": "1996",
        "period": "Q1",
        "revenue": 10700000,
        "costOfRevenue": 0,
        "grossProfit": 10700000,
        "grossProfitRatio": 1,
        "researchAndDevelopmentExpenses": 0,
        "generalAndAdministrativeExpenses": 0,
        "sellingAndMarketingExpenses": 0,
        "sellingGeneralAndAdministrativeExpenses": 0,
        "otherExpenses": 0,
        "operatingExpenses": 0,
        "costAndExpenses": 0,
        "interestIncome": 0,
        "interestExpense": 0,
        "depreciationAndAmortization": 0,
        "ebitda": 10700000,
        "ebitdaratio": 1,
        "operatingIncome": 10700000,
        "operatingIncomeRatio": 1,
        "totalOtherIncomeExpensesNet": -10700000,
        "incomeBeforeTax": 0,
        "incomeBeforeTaxRatio": 0,
        "incomeTaxExpense": 200000,
        "netIncome": -200000,
        "netIncomeRatio": -0.0186915888,
        "eps": -0.0036,
        "epsdiluted": -0.0036,
        "weightedAverageShsOut": 54856000,
        "weightedAverageShsOutDil": 54856000,
        "link": "",
        "finalLink": ""
    }
]