[
    {
        "date": "2019-06-30",
        "symbol": "APC",
        "reportedCurrency": "USD",
        "cik": "0000773910",
        "fillingDate": "2019-07-30",
        "acceptedDate": "2019-07-30 16:42:34",
        "calendarYear": "2019",
        "period": "Q2",
        "revenue": 3442000000,
        "costOfRevenue": 274000000,
        "grossProfit": 3168000000,
        "grossProfitRatio": 0.9203951191,
        "researchAndDevelopmentExpenses": 90000000,
        "generalAndAdministrativeExpenses": -97000000,
        "sellingAndMarketingExpenses": 465000000,
        "sellingGeneralAndAdministrativeExpenses": 368000000,
        "otherExpenses": 257000000,
        "operatingExpenses": 715000000,
        "costAndExpenses": 3657000000,
        "interestIncome": 0,
        "interestExpense": 249000000,
        "depreciationAndAmortization": 1161000000,
        "ebitda": 674000000,
        "ebitdaratio": 0.1958163858,
        "operatingIncome": -215000000,
        "operatingIncomeRatio": -0.0624636839,
        "totalOtherIncomeExpensesNet": -521000000,
        "incomeBeforeTax": -736000000,
        "incomeBeforeTaxRatio": -0.2138291691,
        "incomeTaxExpense": 209000000,
        "netIncome": -945000000,
        "netIncomeRatio": -0.2745496804,
        "eps": -1.92,
        "epsdiluted": -1.92,
        "weightedAverageShsOut": 491000000,
        "weightedAverageShsOutDil": 491000000,
        "link": "https://www.sec.gov/Archives/edgar/data/773910/000077391019000054/0000773910-19-000054-index.htm",
        "finalLink": "https://www.sec.gov/Archives/edgar/data/773910/000077391019000054/apc20192q-10q.htm"
    },
    {
        "date": "2019-03-31",
        "symbol": "APC",
        "reportedCurrency": "USD",
        "cik": "0000773910",
        "fillingDate": "2019-05-08",
        "acceptedDate": "2019-05-08 14:01:49",
        "calendarYear": "2019",
        "period": "Q1",
        "revenue": 3218000000,
        "costOfRevenue": 256000000,
        "grossProfit": 2962000000,
        "grossProfitRatio": 0.9204474829,
        "researchAndDevelopmentExpenses": 49000000,
        "generalAndAdministrativeExpenses": -203000000,
        "sellingAndMarketingExpenses": 470000000,
        "sellingGeneralAndAdministrativeExpenses": 267000000,
        "otherExpenses": 274000000,
        "operatingExpenses": 590000000,
        "costAndExpenses": 2384000000,
        "interestIncome": 0,
        "interestExpense": 253000000,
        "depreciationAndAmortization": 1081000000,
        "ebitda": 1596000000,
        "ebitdaratio": 0.4959602237,
        "operatingIncome": 834000000,
        "operatingIncomeRatio": 0.2591671846,
        "totalOtherIncomeExpensesNet": -572000000,
        "incomeBeforeTax": 262000000,
        "incomeBeforeTaxRatio": 0.0814170292,
        "incomeTaxExpense": 166000000,
        "netIncome": 96000000,
        "netIncomeRatio": 0.0298321939,
        "eps": 0.2,
        "epsdiluted": 0.2,
        "weightedAverageShsOut": 490000000,
        "weightedAverageShsOutDil": 490000000,
        "link": "https://www.sec.gov/Archives/edgar/data/773910/000077391019000034/0000773910-19-000034-index.html",
        "finalLink": "https://www.sec.gov/Archives/edgar/data/773910/000077391019000034/apc20191q-10q.htm"
    },
    {
        "date": "2018-12-31",
        "symbol": "APC",
        "reportedCurrency": "USD",
        "cik": "0000773910",
        "fillingDate": "2019-02-14",
        "acceptedDate": "2019-02-14 17:23:13",
        "calendarYear": "2018",
        "period": "Q4",
        "revenue": 3349000000,
        "costOfRevenue": 302000000,
        "grossProfit": 3047000000,
        "grossProfitRatio": 0.909823828,
        "researchAndDevelopmentExpenses": 79000000,
        "generalAndAdministrativeExpenses": -155000000,
        "sellingAndMarketingExpenses": 425000000,
        "sellingGeneralAndAdministrativeExpenses": 270000000,
        "otherExpenses": 316000000,
        "operatingExpenses": 665000000,
        "costAndExpenses": 3079000000,
        "interestIncome": 0,
        "interestExpense": 242000000,
        "depreciationAndAmortization": 1131000000,
        "ebitda": 1701000000,
        "ebitdaratio": 0.5079128098,
        "operatingIncome": 270000000,
        "operatingIncomeRatio": 0.0806210809,
        "totalOtherIncomeExpensesNet": 90000000,
        "incomeBeforeTax": 360000000,
        "incomeBeforeTaxRatio": 0.1074947746,
        "incomeTaxExpense": 226000000,
        "netIncome": 102000000,
        "netIncomeRatio": 0.0304568528,
        "eps": 0.2,
        "epsdiluted": 0.2,
        "weightedAverageShsOut": 504000000,
        "weightedAverageShsOutDil": 504000000,
        "link": "https://www.sec.gov/Archives/edgar/data/773910/000077391019000009/0000773910-19-000009-index.html",
        "finalLink": "https://www.sec.gov/Archives/edgar/data/773910/000077391019000009/apc201810k-10k.htm"
    },
    {
        "date": "2018-09-30",
        "symbol": "APC",
        "reportedCurrency": "USD",
        "cik": "0000773910",
        "fillingDate": "2018-10-30",
        "acceptedDate": "2018-10-30 16:30:16",
        "calendarYear": "2018",
        "period": "Q3",
        "revenue": 3697000000,
        "costOfRevenue": 745000000,
        "grossProfit": 2952000000,
        "grossProfitRatio": 0.7984852583,
        "researchAndDevelopmentExpenses": 118000000,
        "generalAndAdministrativeExpenses": -173000000,
        "sellingAndMarketingExpenses": 421000000,
        "sellingGeneralAndAdministrativeExpenses": 248000000,
        "otherExpenses": -285000000,
        "operatingExpenses": 81000000,
        "costAndExpenses": 2718000000,
        "interestIncome": 0,
        "interestExpense": 240000000,
        "depreciationAndAmortization": 1130000000,
        "ebitda": 1989000000,
        "ebitdaratio": 0.5380037869,
        "operatingIncome": 979000000,
        "operatingIncomeRatio": 0.2648093048,
        "totalOtherIncomeExpensesNet": -296000000,
        "incomeBeforeTax": 683000000,
        "incomeBeforeTaxRatio": 0.1847443873,
        "incomeTaxExpense": 256000000,
        "netIncome": 363000000,
        "netIncomeRatio": 0.0981877198,
        "eps": 0.72,
        "epsdiluted": 0.71,
        "weightedAverageShsOut": 507000000,
        "weightedAverageShsOutDil": 508000000,
        "link": "https://www.sec.gov/Archives/edgar/data/773910/000077391018000055/0000773910-18-000055-index.html",
        "finalLink": "https://www.sec.gov/Archives/edgar/data/773910/000077391018000055/apc20183q-10q.htm"
    },
    {
        "date": "2018-06-30",
        "symbol": "APC",
        "reportedCurrency": "USD",
        "cik": "0000773910",
        "fillingDate": "2018-07-31",
        "acceptedDate": "2018-07-31 16:44:06",
        "calendarYear": "2018",
        "period": "Q2",
        "revenue": 3291000000,
        "costOfRevenue": 0,
        "grossProfit": 3291000000,
        "grossProfitRatio": 1,
        "researchAndDevelopmentExpenses": 94000000,
        "generalAndAdministrativeExpenses": -94000000,
        "sellingAndMarketingExpenses": 382000000,
        "sellingGeneralAndAdministrativeExpenses": 288000000,
        "otherExpenses": 534000000,
        "operatingExpenses": 916000000,
        "costAndExpenses": 2472000000,
        "interestIncome": 0,
        "interestExpense": 237000000,
        "depreciationAndAmortization": 1003000000,
        "ebitda": 1394000000,
        "ebitdaratio": 0.4235794591,
        "operatingIncome": 819000000,
        "operatingIncomeRatio": 0.2488605287,
        "totalOtherIncomeExpensesNet": -677000000,
        "incomeBeforeTax": 142000000,
        "incomeBeforeTaxRatio": 0.0431479793,
        "incomeTaxExpense": 125000000,
        "netIncome": 29000000,
        "netIncomeRatio": 0.0088119113,
        "eps": 0.0568,
        "epsdiluted": 0.0566,
        "weightedAverageShsOut": 511000000,
        "weightedAverageShsOutDil": 512000000,
        "link": "https://www.sec.gov/Archives/edgar/data/773910/000077391018000044/0000773910-18-000044-index.html",
        "finalLink": "https://www.sec.gov/Archives/edgar/data/773910/000077391018000044/apc20182q-10q.htm"
    },
    {
        "date": "2018-03-31",
        "symbol": "APC",
        "reportedCurrency": "USD",
        "cik": "0000773910",
        "fillingDate": "2018-05-01",
        "acceptedDate": "2018-05-01 16:28:30",
        "calendarYear": "2018",
        "period": "Q1",
        "revenue": 3045000000,
        "costOfRevenue": 0,
        "grossProfit": 3045000000,
        "grossProfitRatio": 1,
        "researchAndDevelopmentExpenses": 168000000,
        "generalAndAdministrativeExpenses": -82000000,
        "sellingAndMarketingExpenses": 360000000,
        "sellingGeneralAndAdministrativeExpenses": 278000000,
        "otherExpenses": 644000000,
        "operatingExpenses": 1090000000,
        "costAndExpenses": 2494000000,
        "interestIncome": 0,
        "interestExpense": 228000000,
        "depreciationAndAmortization": 990000000,
        "ebitda": 1465000000,
        "ebitdaratio": 0.4811165846,
        "operatingIncome": 551000000,
        "operatingIncomeRatio": 0.180952381,
        "totalOtherIncomeExpensesNet": -251000000,
        "incomeBeforeTax": 300000000,
        "incomeBeforeTaxRatio": 0.0985221675,
        "incomeTaxExpense": 126000000,
        "netIncome": 121000000,
        "netIncomeRatio": 0.0397372742,
        "eps": 0.23,
        "epsdiluted": 0.23,
        "weightedAverageShsOut": 518000000,
        "weightedAverageShsOutDil": 519000000,
        "link": "https://www.sec.gov/Archives/edgar/data/773910/000077391018000023/0000773910-18-000023-index.html",
        "finalLink": "https://www.sec.gov/Archives/edgar/data/773910/000077391018000023/apc20181q-10q.htm"
    },
    {
        "date": "2017-12-31",
        "symbol": "APC",
        "reportedCurrency": "USD",
        "cik": "0000773910",
        "fillingDate": "2018-02-15",
        "acceptedDate": "2018-02-15 16:26:56",
        "calendarYear": "2017",
        "period": "Q4",
        "revenue": 2929000000,
        "costOfRevenue": 0,
        "grossProfit": 2929000000,
        "grossProfitRatio": 1,
        "researchAndDevelopmentExpenses": 170000000,
        "generalAndAdministrativeExpenses": -1325000000,
        "sellingAndMarketingExpenses": 1560000000,
        "sellingGeneralAndAdministrativeExpenses": 235000000,
        "otherExpenses": 568000000,
        "operatingExpenses": 973000000,
        "costAndExpenses": 2591000000,
        "interestIncome": 0,
        "interestExpense": 252000000,
        "depreciationAndAmortization": 1044000000,
        "ebitda": 795000000,
        "ebitdaratio": 0.2714236941,
        "operatingIncome": 338000000,
        "operatingIncomeRatio": 0.1153977467,
        "totalOtherIncomeExpensesNet": -2026000000,
        "incomeBeforeTax": -1688000000,
        "incomeBeforeTaxRatio": -0.5763059065,
        "incomeTaxExpense": -1477000000,
        "netIncome": 976000000,
        "netIncomeRatio": 0.3332195288,
        "eps": 1.78,
        "epsdiluted": 1.78,
        "weightedAverageShsOut": 548000000,
        "weightedAverageShsOutDil": 548000000,
        "link": "https://www.sec.gov/Archives/edgar/data/773910/000077391018000012/0000773910-18-000012-index.html",
        "finalLink": "https://www.sec.gov/Archives/edgar/data/773910/000077391018000012/apc201710k-10k.htm"
    },
    {
        "date": "2017-09-30",
        "symbol": "APC",
        "reportedCurrency": "USD",
        "cik": "0000773910",
        "fillingDate": "2017-10-31",
        "acceptedDate": "2017-10-31 16:14:00",
        "calendarYear": "2017",
        "period": "Q3",
        "revenue": 2496000000,
        "costOfRevenue": 0,
        "grossProfit": 2496000000,
        "grossProfitRatio": 1,
        "researchAndDevelopmentExpenses": 751000000,
        "generalAndAdministrativeExpenses": -1137000000,
        "sellingAndMarketingExpenses": 1417000000,
        "sellingGeneralAndAdministrativeExpenses": 280000000,
        "otherExpenses": 610000000,
        "operatingExpenses": 1641000000,
        "costAndExpenses": 3271000000,
        "interestIncome": 0,
        "interestExpense": 230000000,
        "depreciationAndAmortization": 1083000000,
        "ebitda": -303000000,
        "ebitdaratio": -0.1213942308,
        "operatingIncome": -1010000000,
        "operatingIncomeRatio": -0.4046474359,
        "totalOtherIncomeExpensesNet": -606000000,
        "incomeBeforeTax": -1616000000,
        "incomeBeforeTaxRatio": -0.6474358974,
        "incomeTaxExpense": -366000000,
        "netIncome": -1250000000,
        "netIncomeRatio": -0.5008012821,
        "eps": -2.26,
        "epsdiluted": -2.26,
        "weightedAverageShsOut": 552000000,
        "weightedAverageShsOutDil": 552000000,
        "link": "https://www.sec.gov/Archives/edgar/data/773910/000077391017000059/0000773910-17-000059-index.html",
        "finalLink": "https://www.sec.gov/Archives/edgar/data/773910/000077391017000059/apc20173q-10q.htm"
    },
    {
        "date": "2017-06-30",
        "symbol": "APC",
        "reportedCurrency": "USD",
        "cik": "0000773910",
        "fillingDate": "2017-07-24",
        "acceptedDate": "2017-07-24 16:13:57",
        "calendarYear": "2017",
        "period": "Q2",
        "revenue": 2716000000,
        "costOfRevenue": 0,
        "grossProfit": 2716000000,
        "grossProfitRatio": 1,
        "researchAndDevelopmentExpenses": 535000000,
        "generalAndAdministrativeExpenses": -173000000,
        "sellingAndMarketingExpenses": 464000000,
        "sellingGeneralAndAdministrativeExpenses": 291000000,
        "otherExpenses": 472000000,
        "operatingExpenses": 1298000000,
        "costAndExpenses": 2841000000,
        "interestIncome": 0,
        "interestExpense": 227000000,
        "depreciationAndAmortization": 1037000000,
        "ebitda": 892000000,
        "ebitdaratio": 0.3284241532,
        "operatingIncome": -125000000,
        "operatingIncomeRatio": -0.0460235641,
        "totalOtherIncomeExpensesNet": -247000000,
        "incomeBeforeTax": -372000000,
        "incomeBeforeTaxRatio": -0.1369661267,
        "incomeTaxExpense": -38000000,
        "netIncome": -334000000,
        "netIncomeRatio": -0.1229749632,
        "eps": -0.61,
        "epsdiluted": -0.61,
        "weightedAverageShsOut": 552000000,
        "weightedAverageShsOutDil": 552000000,
        "link": "https://www.sec.gov/Archives/edgar/data/773910/000077391017000047/0000773910-17-000047-index.html",
        "finalLink": "https://www.sec.gov/Archives/edgar/data/773910/000077391017000047/apc20172q-10q.htm"
    },
    {
        "date": "2017-03-31",
        "symbol": "APC",
        "reportedCurrency": "USD",
        "cik": "0000773910",
        "fillingDate": "2017-05-02",
        "acceptedDate": "2017-05-02 16:26:44",
        "calendarYear": "2017",
        "period": "Q1",
        "revenue": 3767000000,
        "costOfRevenue": 0,
        "grossProfit": 3767000000,
        "grossProfitRatio": 1,
        "researchAndDevelopmentExpenses": 1085000000,
        "generalAndAdministrativeExpenses": -175000000,
        "sellingAndMarketingExpenses": 444000000,
        "sellingGeneralAndAdministrativeExpenses": 269000000,
        "otherExpenses": 503000000,
        "operatingExpenses": 1857000000,
        "costAndExpenses": 3877000000,
        "interestIncome": 0,
        "interestExpense": 223000000,
        "depreciationAndAmortization": 1115000000,
        "ebitda": 1160000000,
        "ebitdaratio": 0.3079373507,
        "operatingIncome": -110000000,
        "operatingIncomeRatio": -0.0292009557,
        "totalOtherIncomeExpensesNet": -68000000,
        "incomeBeforeTax": -178000000,
        "incomeBeforeTaxRatio": -0.0472524555,
        "incomeTaxExpense": 97000000,
        "netIncome": -275000000,
        "netIncomeRatio": -0.0730023892,
        "eps": -0.5,
        "epsdiluted": -0.5,
        "weightedAverageShsOut": 551000000,
        "weightedAverageShsOutDil": 551000000,
        "link": "https://www.sec.gov/Archives/edgar/data/773910/000077391017000033/0000773910-17-000033-index.html",
        "finalLink": "https://www.sec.gov/Archives/edgar/data/773910/000077391017000033/apc20171q-10q.htm"
    },
    {
        "date": "2016-12-31",
        "symbol": "APC",
        "reportedCurrency": "USD",
        "cik": "0000773910",
        "fillingDate": "2017-02-17",
        "acceptedDate": "2017-02-17 06:35:20",
        "calendarYear": "2016",
        "period": "Q4",
        "revenue": 2387000000,
        "costOfRevenue": 0,
        "grossProfit": 2387000000,
        "grossProfitRatio": 1,
        "researchAndDevelopmentExpenses": 440000000,
        "generalAndAdministrativeExpenses": -970000000,
        "sellingAndMarketingExpenses": 1294000000,
        "sellingGeneralAndAdministrativeExpenses": 324000000,
        "otherExpenses": 500000000,
        "operatingExpenses": 1264000000,
        "costAndExpenses": 2997000000,
        "interestIncome": 0,
        "interestExpense": 233000000,
        "depreciationAndAmortization": 1099000000,
        "ebitda": -2497000000,
        "ebitdaratio": -1.0460829493,
        "operatingIncome": -2599000000,
        "operatingIncomeRatio": -1.0888144114,
        "totalOtherIncomeExpensesNet": -1230000000,
        "incomeBeforeTax": -3829000000,
        "incomeBeforeTaxRatio": -1.6041055718,
        "incomeTaxExpense": -1021000000,
        "netIncome": -2808000000,
        "netIncomeRatio": -1.1763720151,
        "eps": -5.38,
        "epsdiluted": -5.38,
        "weightedAverageShsOut": 522000000,
        "weightedAverageShsOutDil": 522000000,
        "link": "https://www.sec.gov/Archives/edgar/data/773910/000077391017000020/0000773910-17-000020-index.html",
        "finalLink": "https://www.sec.gov/Archives/edgar/data/773910/000077391017000020/apc201610k-10k.htm"
    },
    {
        "date": "2016-09-30",
        "symbol": "APC",
        "reportedCurrency": "USD",
        "cik": "0000773910",
        "fillingDate": "2016-10-31",
        "acceptedDate": "2016-10-31 16:50:58",
        "calendarYear": "2016",
        "period": "Q3",
        "revenue": 1893000000,
        "costOfRevenue": 0,
        "grossProfit": 1893000000,
        "grossProfitRatio": 1,
        "researchAndDevelopmentExpenses": 304000000,
        "generalAndAdministrativeExpenses": -533000000,
        "sellingAndMarketingExpenses": 895000000,
        "sellingGeneralAndAdministrativeExpenses": 362000000,
        "otherExpenses": 449000000,
        "operatingExpenses": 1115000000,
        "costAndExpenses": 2686000000,
        "interestIncome": 0,
        "interestExpense": 220000000,
        "depreciationAndAmortization": 1069000000,
        "ebitda": -2024000000,
        "ebitdaratio": -1.0692023244,
        "operatingIncome": -1989000000,
        "operatingIncomeRatio": -1.0507131537,
        "totalOtherIncomeExpensesNet": -1324000000,
        "incomeBeforeTax": -3313000000,
        "incomeBeforeTaxRatio": -1.7501320655,
        "incomeTaxExpense": -957000000,
        "netIncome": -2356000000,
        "netIncomeRatio": -1.2445853143,
        "eps": -4.6,
        "epsdiluted": -4.6,
        "weightedAverageShsOut": 512000000,
        "weightedAverageShsOutDil": 512000000,
        "link": "https://www.sec.gov/Archives/edgar/data/773910/000077391016000136/0000773910-16-000136-index.html",
        "finalLink": "https://www.sec.gov/Archives/edgar/data/773910/000077391016000136/apc20163q-10q.htm"
    },
    {
        "date": "2016-06-30",
        "symbol": "APC",
        "reportedCurrency": "USD",
        "cik": "0000773910",
        "fillingDate": "2016-07-26",
        "acceptedDate": "2016-07-26 16:54:00",
        "calendarYear": "2016",
        "period": "Q2",
        "revenue": 1915000000,
        "costOfRevenue": 0,
        "grossProfit": 1915000000,
        "grossProfitRatio": 1,
        "researchAndDevelopmentExpenses": 76000000,
        "generalAndAdministrativeExpenses": -240000000,
        "sellingAndMarketingExpenses": 545000000,
        "sellingGeneralAndAdministrativeExpenses": 305000000,
        "otherExpenses": 426000000,
        "operatingExpenses": 807000000,
        "costAndExpenses": 2247000000,
        "interestIncome": 0,
        "interestExpense": 217000000,
        "depreciationAndAmortization": 984000000,
        "ebitda": -1105000000,
        "ebitdaratio": -0.5770234987,
        "operatingIncome": -1196000000,
        "operatingIncomeRatio": -0.6245430809,
        "totalOtherIncomeExpensesNet": -1110000000,
        "incomeBeforeTax": -2306000000,
        "incomeBeforeTaxRatio": -1.2041775457,
        "incomeTaxExpense": -697000000,
        "netIncome": -1609000000,
        "netIncomeRatio": -0.8402088773,
        "eps": -3.15,
        "epsdiluted": -3.15,
        "weightedAverageShsOut": 510000000,
        "weightedAverageShsOutDil": 510000000,
        "link": "https://www.sec.gov/Archives/edgar/data/773910/000077391016000116/0000773910-16-000116-index.htm",
        "finalLink": "https://www.sec.gov/Archives/edgar/data/773910/000077391016000116/apc20162q-10q.htm"
    },
    {
        "date": "2016-03-31",
        "symbol": "APC",
        "reportedCurrency": "USD",
        "cik": "0000773910",
        "fillingDate": "2016-05-02",
        "acceptedDate": "2016-05-02 16:26:44",
        "calendarYear": "2016",
        "period": "Q1",
        "revenue": 1674000000,
        "costOfRevenue": 0,
        "grossProfit": 1674000000,
        "grossProfitRatio": 1,
        "researchAndDevelopmentExpenses": 126000000,
        "generalAndAdministrativeExpenses": 209000000,
        "sellingAndMarketingExpenses": 240000000,
        "sellingGeneralAndAdministrativeExpenses": 449000000,
        "otherExpenses": 444000000,
        "operatingExpenses": 1019000000,
        "costAndExpenses": 2538000000,
        "interestIncome": 0,
        "interestExpense": 220000000,
        "depreciationAndAmortization": 1149000000,
        "ebitda": -12000000,
        "ebitdaratio": -0.0071684588,
        "operatingIncome": -864000000,
        "operatingIncomeRatio": -0.5161290323,
        "totalOtherIncomeExpensesNet": -517000000,
        "incomeBeforeTax": -1381000000,
        "incomeBeforeTaxRatio": -0.8249701314,
        "incomeTaxExpense": -383000000,
        "netIncome": -998000000,
        "netIncomeRatio": -0.596176822,
        "eps": -1.96,
        "epsdiluted": -1.96,
        "weightedAverageShsOut": 509000000,
        "weightedAverageShsOutDil": 509000000,
        "link": "https://www.sec.gov/Archives/edgar/data/773910/000077391016000088/0000773910-16-000088-index.html",
        "finalLink": "https://www.sec.gov/Archives/edgar/data/773910/000077391016000088/apc20161q-10q.htm"
    },
    {
        "date": "2015-12-31",
        "symbol": "APC",
        "reportedCurrency": "USD",
        "cik": "0000773910",
        "fillingDate": "2016-02-17",
        "acceptedDate": "2016-02-17 06:29:23",
        "calendarYear": "2015",
        "period": "Q4",
        "revenue": 2053000000,
        "costOfRevenue": 0,
        "grossProfit": 2053000000,
        "grossProfitRatio": 1,
        "researchAndDevelopmentExpenses": 384000000,
        "generalAndAdministrativeExpenses": -51000000,
        "sellingAndMarketingExpenses": 294000000,
        "sellingGeneralAndAdministrativeExpenses": 243000000,
        "otherExpenses": 710000000,
        "operatingExpenses": 1337000000,
        "costAndExpenses": 4195000000,
        "interestIncome": 0,
        "interestExpense": 209000000,
        "depreciationAndAmortization": 1022000000,
        "ebitda": -938000000,
        "ebitdaratio": -0.4568923527,
        "operatingIncome": -2142000000,
        "operatingIncomeRatio": -1.0433511934,
        "totalOtherIncomeExpensesNet": -27000000,
        "incomeBeforeTax": -2169000000,
        "incomeBeforeTaxRatio": -1.056502679,
        "incomeTaxExpense": -645000000,
        "netIncome": -1524000000,
        "netIncomeRatio": -0.7423283,
        "eps": -3,
        "epsdiluted": -3,
        "weightedAverageShsOut": 508000000,
        "weightedAverageShsOutDil": 508000000,
        "link": "https://www.sec.gov/Archives/edgar/data/773910/000077391016000073/0000773910-16-000073-index.html",
        "finalLink": "https://www.sec.gov/Archives/edgar/data/773910/000077391016000073/apc201510k-10k.htm"
    },
    {
        "date": "2015-09-30",
        "symbol": "APC",
        "reportedCurrency": "USD",
        "cik": "0000773910",
        "fillingDate": "2015-10-27",
        "acceptedDate": "2015-10-27 16:23:31",
        "calendarYear": "2015",
        "period": "Q3",
        "revenue": 1688000000,
        "costOfRevenue": 0,
        "grossProfit": 1688000000,
        "grossProfitRatio": 1,
        "researchAndDevelopmentExpenses": 1074000000,
        "generalAndAdministrativeExpenses": -587000000,
        "sellingAndMarketingExpenses": 932000000,
        "sellingGeneralAndAdministrativeExpenses": 345000000,
        "otherExpenses": 461000000,
        "operatingExpenses": 1880000000,
        "costAndExpenses": 4237000000,
        "interestIncome": 0,
        "interestExpense": 199000000,
        "depreciationAndAmortization": 1111000000,
        "ebitda": -6210000000,
        "ebitdaratio": -3.6789099526,
        "operatingIncome": -6667000000,
        "operatingIncomeRatio": -3.9496445498,
        "totalOtherIncomeExpensesNet": -853000000,
        "incomeBeforeTax": -7520000000,
        "incomeBeforeTaxRatio": -4.4549763033,
        "incomeTaxExpense": -2232000000,
        "netIncome": -5288000000,
        "netIncomeRatio": -3.1327014218,
        "eps": -10.41,
        "epsdiluted": -10.41,
        "weightedAverageShsOut": 508000000,
        "weightedAverageShsOutDil": 508000000,
        "link": "https://www.sec.gov/Archives/edgar/data/773910/000077391015000058/0000773910-15-000058-index.html",
        "finalLink": "https://www.sec.gov/Archives/edgar/data/773910/000077391015000058/apc20153q-10q.htm"
    },
    {
        "date": "2015-06-30",
        "symbol": "APC",
        "reportedCurrency": "USD",
        "cik": "0000773910",
        "fillingDate": "2015-07-28",
        "acceptedDate": "2015-07-28 16:21:17",
        "calendarYear": "2015",
        "period": "Q2",
        "revenue": 2636000000,
        "costOfRevenue": 0,
        "grossProfit": 2636000000,
        "grossProfitRatio": 1,
        "researchAndDevelopmentExpenses": 103000000,
        "generalAndAdministrativeExpenses": -320000000,
        "sellingAndMarketingExpenses": 598000000,
        "sellingGeneralAndAdministrativeExpenses": 278000000,
        "otherExpenses": 427000000,
        "operatingExpenses": 808000000,
        "costAndExpenses": 2546000000,
        "interestIncome": 0,
        "interestExpense": 201000000,
        "depreciationAndAmortization": 1214000000,
        "ebitda": 1553000000,
        "ebitdaratio": 0.5891502276,
        "operatingIncome": 90000000,
        "operatingIncomeRatio": 0.0341426404,
        "totalOtherIncomeExpensesNet": 95000000,
        "incomeBeforeTax": 185000000,
        "incomeBeforeTaxRatio": 0.0701820941,
        "incomeTaxExpense": 77000000,
        "netIncome": 61000000,
        "netIncomeRatio": 0.0231411229,
        "eps": 0.12,
        "epsdiluted": 0.12,
        "weightedAverageShsOut": 507000000,
        "weightedAverageShsOutDil": 507000000,
        "link": "https://www.sec.gov/Archives/edgar/data/773910/000077391015000047/0000773910-15-000047-index.html",
        "finalLink": "https://www.sec.gov/Archives/edgar/data/773910/000077391015000047/apc20152q-10q.htm"
    },
    {
        "date": "2015-03-31",
        "symbol": "APC",
        "reportedCurrency": "USD",
        "cik": "0000773910",
        "fillingDate": "2015-05-04",
        "acceptedDate": "2015-05-04 16:22:11",
        "calendarYear": "2015",
        "period": "Q1",
        "revenue": 2321000000,
        "costOfRevenue": 0,
        "grossProfit": 2321000000,
        "grossProfitRatio": 1,
        "researchAndDevelopmentExpenses": 1083000000,
        "generalAndAdministrativeExpenses": 17000000,
        "sellingAndMarketingExpenses": 293000000,
        "sellingGeneralAndAdministrativeExpenses": 310000000,
        "otherExpenses": 512000000,
        "operatingExpenses": 1905000000,
        "costAndExpenses": 6529000000,
        "interestIncome": 0,
        "interestExpense": 216000000,
        "depreciationAndAmortization": 1256000000,
        "ebitda": -3156000000,
        "ebitdaratio": -1.3597587247,
        "operatingIncome": -4208000000,
        "operatingIncomeRatio": -1.8130116329,
        "totalOtherIncomeExpensesNet": -420000000,
        "incomeBeforeTax": -4628000000,
        "incomeBeforeTaxRatio": -1.9939681172,
        "incomeTaxExpense": -1392000000,
        "netIncome": -3236000000,
        "netIncomeRatio": -1.3942266265,
        "eps": -6.38,
        "epsdiluted": -6.38,
        "weightedAverageShsOut": 507000000,
        "weightedAverageShsOutDil": 507000000,
        "link": "https://www.sec.gov/Archives/edgar/data/773910/000077391015000023/0000773910-15-000023-index.html",
        "finalLink": "https://www.sec.gov/Archives/edgar/data/773910/000077391015000023/apc20151q-10q.htm"
    },
    {
        "date": "2014-12-31",
        "symbol": "APC",
        "reportedCurrency": "USD",
        "cik": "0000773910",
        "fillingDate": "2015-02-20",
        "acceptedDate": "2015-02-20 16:35:14",
        "calendarYear": "2014",
        "period": "Q4",
        "revenue": 3177000000,
        "costOfRevenue": 0,
        "grossProfit": 3177000000,
        "grossProfitRatio": 1,
        "researchAndDevelopmentExpenses": 639000000,
        "generalAndAdministrativeExpenses": -874000000,
        "sellingAndMarketingExpenses": 1206000000,
        "sellingGeneralAndAdministrativeExpenses": 332000000,
        "otherExpenses": 509000000,
        "operatingExpenses": 1480000000,
        "costAndExpenses": 3656000000,
        "interestIncome": 0,
        "interestExpense": 199000000,
        "depreciationAndAmortization": 1215000000,
        "ebitda": 1468000000,
        "ebitdaratio": 0.4620711363,
        "operatingIncome": 5403000000,
        "operatingIncomeRatio": 1.7006610009,
        "totalOtherIncomeExpensesNet": -5349000000,
        "incomeBeforeTax": 54000000,
        "incomeBeforeTaxRatio": 0.0169971671,
        "incomeTaxExpense": 1617000000,
        "netIncome": -1563000000,
        "netIncomeRatio": -0.49197356,
        "eps": -3.09,
        "epsdiluted": -3.09,
        "weightedAverageShsOut": 506000000,
        "weightedAverageShsOutDil": 506000000,
        "link": "https://www.sec.gov/Archives/edgar/data/773910/000077391015000012/0000773910-15-000012-index.htm",
        "finalLink": "https://www.sec.gov/Archives/edgar/data/773910/000077391015000012/apc201410k-10k.htm"
    },
    {
        "date": "2014-09-30",
        "symbol": "APC",
        "reportedCurrency": "USD",
        "cik": "0000773910",
        "fillingDate": "2014-10-28",
        "acceptedDate": "2014-10-28 17:15:58",
        "calendarYear": "2014",
        "period": "Q3",
        "revenue": 5010000000,
        "costOfRevenue": 0,
        "grossProfit": 5010000000,
        "grossProfitRatio": 1,
        "researchAndDevelopmentExpenses": 199000000,
        "generalAndAdministrativeExpenses": 42000000,
        "sellingAndMarketingExpenses": 339000000,
        "sellingGeneralAndAdministrativeExpenses": 381000000,
        "otherExpenses": 479000000,
        "operatingExpenses": 1059000000,
        "costAndExpenses": 3312000000,
        "interestIncome": 0,
        "interestExpense": 204000000,
        "depreciationAndAmortization": 1163000000,
        "ebitda": 3081000000,
        "ebitdaratio": 0.6149700599,
        "operatingIncome": 1698000000,
        "operatingIncomeRatio": 0.3389221557,
        "totalOtherIncomeExpensesNet": 76000000,
        "incomeBeforeTax": 1774000000,
        "incomeBeforeTaxRatio": 0.3540918164,
        "incomeTaxExpense": 627000000,
        "netIncome": 1087000000,
        "netIncomeRatio": 0.2169660679,
        "eps": 2.15,
        "epsdiluted": 2.15,
        "weightedAverageShsOut": 505000000,
        "weightedAverageShsOutDil": 505000000,
        "link": "https://www.sec.gov/Archives/edgar/data/773910/000077391014000047/0000773910-14-000047-index.html",
        "finalLink": "https://www.sec.gov/Archives/edgar/data/773910/000077391014000047/apc20143q-10q.htm"
    },
    {
        "date": "2014-06-30",
        "symbol": "APC",
        "reportedCurrency": "USD",
        "cik": "0000773910",
        "fillingDate": "2014-07-29",
        "acceptedDate": "2014-07-29 16:17:37",
        "calendarYear": "2014",
        "period": "Q2",
        "revenue": 4439000000,
        "costOfRevenue": 0,
        "grossProfit": 4439000000,
        "grossProfitRatio": 1,
        "researchAndDevelopmentExpenses": 502000000,
        "generalAndAdministrativeExpenses": 27000000,
        "sellingAndMarketingExpenses": 278000000,
        "sellingGeneralAndAdministrativeExpenses": 305000000,
        "otherExpenses": 459000000,
        "operatingExpenses": 1266000000,
        "costAndExpenses": 3230000000,
        "interestIncome": 0,
        "interestExpense": 186000000,
        "depreciationAndAmortization": 1048000000,
        "ebitda": 1889000000,
        "ebitdaratio": 0.4255462942,
        "operatingIncome": 1209000000,
        "operatingIncomeRatio": 0.2723586393,
        "totalOtherIncomeExpensesNet": -515000000,
        "incomeBeforeTax": 694000000,
        "incomeBeforeTaxRatio": 0.1563415184,
        "incomeTaxExpense": 428000000,
        "netIncome": 227000000,
        "netIncomeRatio": 0.0511376436,
        "eps": 0.45,
        "epsdiluted": 0.45,
        "weightedAverageShsOut": 505000000,
        "weightedAverageShsOutDil": 505000000,
        "link": "https://www.sec.gov/Archives/edgar/data/773910/000077391014000040/0000773910-14-000040-index.html",
        "finalLink": "https://www.sec.gov/Archives/edgar/data/773910/000077391014000040/apc20142q-10q.htm"
    },
    {
        "date": "2014-03-31",
        "symbol": "APC",
        "reportedCurrency": "USD",
        "cik": "0000773910",
        "fillingDate": "2014-05-05",
        "acceptedDate": "2014-05-05 16:35:33",
        "calendarYear": "2014",
        "period": "Q1",
        "revenue": 5844000000,
        "costOfRevenue": 0,
        "grossProfit": 5844000000,
        "grossProfitRatio": 1,
        "researchAndDevelopmentExpenses": 299000000,
        "generalAndAdministrativeExpenses": -13000000,
        "sellingAndMarketingExpenses": 311000000,
        "sellingGeneralAndAdministrativeExpenses": 298000000,
        "otherExpenses": 496000000,
        "operatingExpenses": 1093000000,
        "costAndExpenses": 2869000000,
        "interestIncome": 0,
        "interestExpense": 183000000,
        "depreciationAndAmortization": 1124000000,
        "ebitda": -655000000,
        "ebitdaratio": -0.1120807666,
        "operatingIncome": 2975000000,
        "operatingIncomeRatio": 0.5090691307,
        "totalOtherIncomeExpensesNet": -4937000000,
        "incomeBeforeTax": -1962000000,
        "incomeBeforeTaxRatio": -0.3357289528,
        "incomeTaxExpense": 664000000,
        "netIncome": -2626000000,
        "netIncomeRatio": -0.4493497604,
        "eps": -5.21,
        "epsdiluted": -5.21,
        "weightedAverageShsOut": 504000000,
        "weightedAverageShsOutDil": 504000000,
        "link": "https://www.sec.gov/Archives/edgar/data/773910/000077391014000025/0000773910-14-000025-index.html",
        "finalLink": "https://www.sec.gov/Archives/edgar/data/773910/000077391014000025/apc03311410q.htm"
    },
    {
        "date": "2013-12-31",
        "symbol": "APC",
        "reportedCurrency": "USD",
        "cik": "0000773910",
        "fillingDate": "2014-02-28",
        "acceptedDate": "2014-02-28 16:08:53",
        "calendarYear": "2013",
        "period": "Q4",
        "revenue": 3338000000,
        "costOfRevenue": 0,
        "grossProfit": 3338000000,
        "grossProfitRatio": 1,
        "researchAndDevelopmentExpenses": 615000000,
        "generalAndAdministrativeExpenses": -736000000,
        "sellingAndMarketingExpenses": 1039000000,
        "sellingGeneralAndAdministrativeExpenses": 303000000,
        "otherExpenses": 496000000,
        "operatingExpenses": 1414000000,
        "costAndExpenses": 3123000000,
        "interestIncome": 0,
        "interestExpense": 173000000,
        "depreciationAndAmortization": 969000000,
        "ebitda": 3248000000,
        "ebitdaratio": 0.9730377472,
        "operatingIncome": 215000000,
        "operatingIncomeRatio": 0.0644098262,
        "totalOtherIncomeExpensesNet": 1891000000,
        "incomeBeforeTax": 2106000000,
        "incomeBeforeTaxRatio": 0.6309167166,
        "incomeTaxExpense": 1165000000,
        "netIncome": 941000000,
        "netIncomeRatio": 0.2819053325,
        "eps": 1.87,
        "epsdiluted": 1.86,
        "weightedAverageShsOut": 502000000,
        "weightedAverageShsOutDil": 505000000,
        "link": "https://www.sec.gov/Archives/edgar/data/773910/000077391014000014/0000773910-14-000014-index.htm",
        "finalLink": "https://www.sec.gov/Archives/edgar/data/773910/000077391014000014/apc12311310k.htm"
    },
    {
        "date": "2013-09-30",
        "symbol": "APC",
        "reportedCurrency": "USD",
        "cik": "0000773910",
        "fillingDate": "2013-11-04",
        "acceptedDate": "2013-11-04 16:09:48",
        "calendarYear": "2013",
        "period": "Q3",
        "revenue": 3853000000,
        "costOfRevenue": 0,
        "grossProfit": 3853000000,
        "grossProfitRatio": 1,
        "researchAndDevelopmentExpenses": 272000000,
        "generalAndAdministrativeExpenses": -15000000,
        "sellingAndMarketingExpenses": 270000000,
        "sellingGeneralAndAdministrativeExpenses": 255000000,
        "otherExpenses": 454000000,
        "operatingExpenses": 981000000,
        "costAndExpenses": 3164000000,
        "interestIncome": 0,
        "interestExpense": 177000000,
        "depreciationAndAmortization": 996000000,
        "ebitda": 1595000000,
        "ebitdaratio": 0.4139631456,
        "operatingIncome": 689000000,
        "operatingIncomeRatio": 0.1788216974,
        "totalOtherIncomeExpensesNet": -226000000,
        "incomeBeforeTax": 463000000,
        "incomeBeforeTaxRatio": 0.1201661043,
        "incomeTaxExpense": 240000000,
        "netIncome": 182000000,
        "netIncomeRatio": 0.0472359201,
        "eps": 0.36,
        "epsdiluted": 0.36,
        "weightedAverageShsOut": 502000000,
        "weightedAverageShsOutDil": 504000000,
        "link": "https://www.sec.gov/Archives/edgar/data/773910/000077391013000019/0000773910-13-000019-index.html",
        "finalLink": "https://www.sec.gov/Archives/edgar/data/773910/000077391013000019/apc09301310q.htm"
    },
    {
        "date": "2013-06-30",
        "symbol": "APC",
        "reportedCurrency": "USD",
        "cik": "0000773910",
        "fillingDate": "2013-07-29",
        "acceptedDate": "2013-07-29 16:11:14",
        "calendarYear": "2013",
        "period": "Q2",
        "revenue": 3497000000,
        "costOfRevenue": 0,
        "grossProfit": 3497000000,
        "grossProfitRatio": 1,
        "researchAndDevelopmentExpenses": 178000000,
        "generalAndAdministrativeExpenses": 11000000,
        "sellingAndMarketingExpenses": 249000000,
        "sellingGeneralAndAdministrativeExpenses": 260000000,
        "otherExpenses": 417000000,
        "operatingExpenses": 855000000,
        "costAndExpenses": 2357000000,
        "interestIncome": 0,
        "interestExpense": 172000000,
        "depreciationAndAmortization": 940000000,
        "ebitda": 2608000000,
        "ebitdaratio": 0.7457820989,
        "operatingIncome": 1140000000,
        "operatingIncomeRatio": 0.3259937089,
        "totalOtherIncomeExpensesNet": 386000000,
        "incomeBeforeTax": 1526000000,
        "incomeBeforeTaxRatio": 0.4363740349,
        "incomeTaxExpense": 567000000,
        "netIncome": 929000000,
        "netIncomeRatio": 0.2656562768,
        "eps": 1.85,
        "epsdiluted": 1.84,
        "weightedAverageShsOut": 501000000,
        "weightedAverageShsOutDil": 504000000,
        "link": "https://www.sec.gov/Archives/edgar/data/773910/000077391013000006/0000773910-13-000006-index.html",
        "finalLink": "https://www.sec.gov/Archives/edgar/data/773910/000077391013000006/apc06301310q.htm"
    },
    {
        "date": "2013-03-31",
        "symbol": "APC",
        "reportedCurrency": "USD",
        "cik": "0000773910",
        "fillingDate": "2013-05-06",
        "acceptedDate": "2013-05-06 16:19:25",
        "calendarYear": "2013",
        "period": "Q1",
        "revenue": 3893000000,
        "costOfRevenue": 0,
        "grossProfit": 3893000000,
        "grossProfitRatio": 1,
        "researchAndDevelopmentExpenses": 264000000,
        "generalAndAdministrativeExpenses": 41000000,
        "sellingAndMarketingExpenses": 231000000,
        "sellingGeneralAndAdministrativeExpenses": 272000000,
        "otherExpenses": 411000000,
        "operatingExpenses": 947000000,
        "costAndExpenses": 2604000000,
        "interestIncome": 0,
        "interestExpense": 164000000,
        "depreciationAndAmortization": 1022000000,
        "ebitda": 2102000000,
        "ebitdaratio": 0.5399434883,
        "operatingIncome": 1289000000,
        "operatingIncomeRatio": 0.3311071153,
        "totalOtherIncomeExpensesNet": -349000000,
        "incomeBeforeTax": 940000000,
        "incomeBeforeTaxRatio": 0.241459029,
        "incomeTaxExpense": 456000000,
        "netIncome": 460000000,
        "netIncomeRatio": 0.1181608014,
        "eps": 0.92,
        "epsdiluted": 0.91,
        "weightedAverageShsOut": 501000000,
        "weightedAverageShsOutDil": 503000000,
        "link": "https://www.sec.gov/Archives/edgar/data/773910/000119312513201639/0001193125-13-201639-index.html",
        "finalLink": "https://www.sec.gov/Archives/edgar/data/773910/000119312513201639/d506181d10q.htm"
    },
    {
        "date": "2012-12-31",
        "symbol": "APC",
        "reportedCurrency": "USD",
        "cik": "0000773910",
        "fillingDate": "2013-02-19",
        "acceptedDate": "2013-02-19 17:11:05",
        "calendarYear": "2012",
        "period": "Q4",
        "revenue": 3410000000,
        "costOfRevenue": 0,
        "grossProfit": 3410000000,
        "grossProfitRatio": 1,
        "researchAndDevelopmentExpenses": 284000000,
        "generalAndAdministrativeExpenses": -481000000,
        "sellingAndMarketingExpenses": 911000000,
        "sellingGeneralAndAdministrativeExpenses": 430000000,
        "otherExpenses": 425000000,
        "operatingExpenses": 1139000000,
        "costAndExpenses": 2922000000,
        "interestIncome": 0,
        "interestExpense": 181000000,
        "depreciationAndAmortization": 1028000000,
        "ebitda": 1768000000,
        "ebitdaratio": 0.5184750733,
        "operatingIncome": 488000000,
        "operatingIncomeRatio": 0.1431085044,
        "totalOtherIncomeExpensesNet": 58000000,
        "incomeBeforeTax": 546000000,
        "incomeBeforeTaxRatio": 0.1601173021,
        "incomeTaxExpense": 356000000,
        "netIncome": 203000000,
        "netIncomeRatio": 0.0595307918,
        "eps": 0.41,
        "epsdiluted": 0.4,
        "weightedAverageShsOut": 500000000,
        "weightedAverageShsOutDil": 502000000,
        "link": "https://www.sec.gov/Archives/edgar/data/773910/000119312513065430/0001193125-13-065430-index.html",
        "finalLink": "https://www.sec.gov/Archives/edgar/data/773910/000119312513065430/d464688d10k.htm"
    },
    {
        "date": "2012-09-30",
        "symbol": "APC",
        "reportedCurrency": "USD",
        "cik": "0000773910",
        "fillingDate": "2012-10-29",
        "acceptedDate": "2012-10-29 15:31:20",
        "calendarYear": "2012",
        "period": "Q3",
        "revenue": 3332000000,
        "costOfRevenue": 0,
        "grossProfit": 3332000000,
        "grossProfitRatio": 1,
        "researchAndDevelopmentExpenses": 297000000,
        "generalAndAdministrativeExpenses": 67000000,
        "sellingAndMarketingExpenses": 218000000,
        "sellingGeneralAndAdministrativeExpenses": 285000000,
        "otherExpenses": 917000000,
        "operatingExpenses": 1499000000,
        "costAndExpenses": 2516000000,
        "interestIncome": 0,
        "interestExpense": 185000000,
        "depreciationAndAmortization": 979000000,
        "ebitda": 1533000000,
        "ebitdaratio": 0.4600840336,
        "operatingIncome": 816000000,
        "operatingIncomeRatio": 0.2448979592,
        "totalOtherIncomeExpensesNet": -426000000,
        "incomeBeforeTax": 390000000,
        "incomeBeforeTaxRatio": 0.1170468187,
        "incomeTaxExpense": 248000000,
        "netIncome": 121000000,
        "netIncomeRatio": 0.0363145258,
        "eps": 0.24,
        "epsdiluted": 0.24,
        "weightedAverageShsOut": 499000000,
        "weightedAverageShsOutDil": 501000000,
        "link": "https://www.sec.gov/Archives/edgar/data/773910/000119312512439609/0001193125-12-439609-index.html",
        "finalLink": "https://www.sec.gov/Archives/edgar/data/773910/000119312512439609/d427338d10q.htm"
    },
    {
        "date": "2012-06-30",
        "symbol": "APC",
        "reportedCurrency": "USD",
        "cik": "0000773910",
        "fillingDate": "2012-08-08",
        "acceptedDate": "2012-08-08 16:12:20",
        "calendarYear": "2012",
        "period": "Q2",
        "revenue": 3222000000,
        "costOfRevenue": 0,
        "grossProfit": 3222000000,
        "grossProfitRatio": 1,
        "researchAndDevelopmentExpenses": 1121000000,
        "generalAndAdministrativeExpenses": 62000000,
        "sellingAndMarketingExpenses": 200000000,
        "sellingGeneralAndAdministrativeExpenses": 262000000,
        "otherExpenses": 190000000,
        "operatingExpenses": 1573000000,
        "costAndExpenses": 3501000000,
        "interestIncome": 0,
        "interestExpense": 190000000,
        "depreciationAndAmortization": 1027000000,
        "ebitda": 1311000000,
        "ebitdaratio": 0.4068901304,
        "operatingIncome": -279000000,
        "operatingIncomeRatio": -0.0865921788,
        "totalOtherIncomeExpensesNet": 373000000,
        "incomeBeforeTax": 94000000,
        "incomeBeforeTaxRatio": 0.0291744258,
        "incomeTaxExpense": 164000000,
        "netIncome": -70000000,
        "netIncomeRatio": -0.0217256363,
        "eps": -0.14,
        "epsdiluted": -0.14,
        "weightedAverageShsOut": 499000000,
        "weightedAverageShsOutDil": 501000000,
        "link": "https://www.sec.gov/Archives/edgar/data/773910/000119312512344024/0001193125-12-344024-index.html",
        "finalLink": "https://www.sec.gov/Archives/edgar/data/773910/000119312512344024/d377463d10q.htm"
    },
    {
        "date": "2012-03-31",
        "symbol": "APC",
        "reportedCurrency": "USD",
        "cik": "0000773910",
        "fillingDate": "2012-04-30",
        "acceptedDate": "2012-04-30 16:47:39",
        "calendarYear": "2012",
        "period": "Q1",
        "revenue": 3447000000,
        "costOfRevenue": 0,
        "grossProfit": 3447000000,
        "grossProfitRatio": 1,
        "researchAndDevelopmentExpenses": 244000000,
        "generalAndAdministrativeExpenses": 16000000,
        "sellingAndMarketingExpenses": 253000000,
        "sellingGeneralAndAdministrativeExpenses": 269000000,
        "otherExpenses": 186000000,
        "operatingExpenses": 699000000,
        "costAndExpenses": 745000000,
        "interestIncome": 0,
        "interestExpense": 186000000,
        "depreciationAndAmortization": 930000000,
        "ebitda": 3624000000,
        "ebitdaratio": 1.0513489991,
        "operatingIncome": 2702000000,
        "operatingIncomeRatio": 0.7838700319,
        "totalOtherIncomeExpensesNet": -167000000,
        "incomeBeforeTax": 2535000000,
        "incomeBeforeTaxRatio": 0.7354221062,
        "incomeTaxExpense": 352000000,
        "netIncome": 2156000000,
        "netIncomeRatio": 0.6254714244,
        "eps": 4.32,
        "epsdiluted": 4.3,
        "weightedAverageShsOut": 499000000,
        "weightedAverageShsOutDil": 501000000,
        "link": "https://www.sec.gov/Archives/edgar/data/773910/000119312512196332/0001193125-12-196332-index.htm",
        "finalLink": "https://www.sec.gov/Archives/edgar/data/773910/000119312512196332/d340212d10q.htm"
    },
    {
        "date": "2011-12-31",
        "symbol": "APC",
        "reportedCurrency": "USD",
        "cik": "0000773910",
        "fillingDate": "2012-02-21",
        "acceptedDate": "2012-02-21 16:18:27",
        "calendarYear": "2011",
        "period": "Q4",
        "revenue": 3839000000,
        "costOfRevenue": 0,
        "grossProfit": 3839000000,
        "grossProfitRatio": 1,
        "researchAndDevelopmentExpenses": 354000000,
        "generalAndAdministrativeExpenses": -44000000,
        "sellingAndMarketingExpenses": 298000000,
        "sellingGeneralAndAdministrativeExpenses": 254000000,
        "otherExpenses": 197000000,
        "operatingExpenses": 805000000,
        "costAndExpenses": 3980000000,
        "interestIncome": 0,
        "interestExpense": 197000000,
        "depreciationAndAmortization": 928000000,
        "ebitda": 692000000,
        "ebitdaratio": 0.1802552748,
        "operatingIncome": -141000000,
        "operatingIncomeRatio": -0.0367283147,
        "totalOtherIncomeExpensesNet": -292000000,
        "incomeBeforeTax": -433000000,
        "incomeBeforeTaxRatio": -0.112789789,
        "incomeTaxExpense": -94000000,
        "netIncome": -339000000,
        "netIncomeRatio": -0.0883042459,
        "eps": -0.68,
        "epsdiluted": -0.68,
        "weightedAverageShsOut": 498000000,
        "weightedAverageShsOutDil": 498000000,
        "link": "https://www.sec.gov/Archives/edgar/data/773910/000119312512070408/0001193125-12-070408-index.html",
        "finalLink": "https://www.sec.gov/Archives/edgar/data/773910/000119312512070408/d282676d10k.htm"
    },
    {
        "date": "2011-09-30",
        "symbol": "APC",
        "reportedCurrency": "USD",
        "cik": "0000773910",
        "fillingDate": "2011-10-31",
        "acceptedDate": "2011-10-31 17:12:41",
        "calendarYear": "2011",
        "period": "Q3",
        "revenue": 3199000000,
        "costOfRevenue": 0,
        "grossProfit": 3199000000,
        "grossProfitRatio": 1,
        "researchAndDevelopmentExpenses": 307000000,
        "generalAndAdministrativeExpenses": -470000000,
        "sellingAndMarketingExpenses": 750000000,
        "sellingGeneralAndAdministrativeExpenses": 280000000,
        "otherExpenses": 642000000,
        "operatingExpenses": 1229000000,
        "costAndExpenses": 6825000000,
        "interestIncome": 0,
        "interestExpense": 206000000,
        "depreciationAndAmortization": 932000000,
        "ebitda": -1853000000,
        "ebitdaratio": -0.5792435136,
        "operatingIncome": -1729000000,
        "operatingIncomeRatio": -0.5404814004,
        "totalOtherIncomeExpensesNet": -1262000000,
        "incomeBeforeTax": -2991000000,
        "incomeBeforeTaxRatio": -0.9349796812,
        "incomeTaxExpense": -762000000,
        "netIncome": -2229000000,
        "netIncomeRatio": -0.6967802438,
        "eps": -4.48,
        "epsdiluted": -4.48,
        "weightedAverageShsOut": 498000000,
        "weightedAverageShsOutDil": 498000000,
        "link": "https://www.sec.gov/Archives/edgar/data/773910/000119312511288902/0001193125-11-288902-index.html",
        "finalLink": "https://www.sec.gov/Archives/edgar/data/773910/000119312511288902/d231723d10q.htm"
    },
    {
        "date": "2011-06-30",
        "symbol": "APC",
        "reportedCurrency": "USD",
        "cik": "0000773910",
        "fillingDate": "2011-07-27",
        "acceptedDate": "2011-07-27 10:21:29",
        "calendarYear": "2011",
        "period": "Q2",
        "revenue": 3676000000,
        "costOfRevenue": 0,
        "grossProfit": 3676000000,
        "grossProfitRatio": 1,
        "researchAndDevelopmentExpenses": 236000000,
        "generalAndAdministrativeExpenses": -197000000,
        "sellingAndMarketingExpenses": 488000000,
        "sellingGeneralAndAdministrativeExpenses": 291000000,
        "otherExpenses": 0,
        "operatingExpenses": 527000000,
        "costAndExpenses": 2675000000,
        "interestIncome": 0,
        "interestExpense": 216000000,
        "depreciationAndAmortization": 985000000,
        "ebitda": 2185000000,
        "ebitdaratio": 0.5943960827,
        "operatingIncome": 1001000000,
        "operatingIncomeRatio": 0.2723068553,
        "totalOtherIncomeExpensesNet": 1000000,
        "incomeBeforeTax": 1002000000,
        "incomeBeforeTaxRatio": 0.2725788901,
        "incomeTaxExpense": 440000000,
        "netIncome": 544000000,
        "netIncomeRatio": 0.1479869423,
        "eps": 1.09,
        "epsdiluted": 1.09,
        "weightedAverageShsOut": 497000000,
        "weightedAverageShsOutDil": 499000000,
        "link": "https://www.sec.gov/Archives/edgar/data/773910/000119312511198376/0001193125-11-198376-index.html",
        "finalLink": "https://www.sec.gov/Archives/edgar/data/773910/000119312511198376/d10q.htm"
    },
    {
        "date": "2011-03-31",
        "symbol": "APC",
        "reportedCurrency": "USD",
        "cik": "0000773910",
        "fillingDate": "2011-05-02",
        "acceptedDate": "2011-05-02 16:21:20",
        "calendarYear": "2011",
        "period": "Q1",
        "revenue": 3253000000,
        "costOfRevenue": 0,
        "grossProfit": 3253000000,
        "grossProfitRatio": 1,
        "researchAndDevelopmentExpenses": 179000000,
        "generalAndAdministrativeExpenses": 5000000,
        "sellingAndMarketingExpenses": 230000000,
        "sellingGeneralAndAdministrativeExpenses": 235000000,
        "otherExpenses": 0,
        "operatingExpenses": 414000000,
        "costAndExpenses": 2357000000,
        "interestIncome": 0,
        "interestExpense": 220000000,
        "depreciationAndAmortization": 985000000,
        "ebitda": 1687000000,
        "ebitdaratio": 0.518598217,
        "operatingIncome": 896000000,
        "operatingIncomeRatio": 0.2754380572,
        "totalOtherIncomeExpensesNet": -393000000,
        "incomeBeforeTax": 503000000,
        "incomeBeforeTaxRatio": 0.1546264986,
        "incomeTaxExpense": 266000000,
        "netIncome": 216000000,
        "netIncomeRatio": 0.0664002459,
        "eps": 0.43,
        "epsdiluted": 0.43,
        "weightedAverageShsOut": 497000000,
        "weightedAverageShsOutDil": 499000000,
        "link": "https://www.sec.gov/Archives/edgar/data/773910/000119312511121736/0001193125-11-121736-index.html",
        "finalLink": "https://www.sec.gov/Archives/edgar/data/773910/000119312511121736/d10q.htm"
    },
    {
        "date": "2010-12-31",
        "symbol": "APC",
        "reportedCurrency": "USD",
        "cik": "0000773910",
        "fillingDate": "2011-02-23",
        "acceptedDate": "2011-02-23 09:14:47",
        "calendarYear": "2010",
        "period": "Q4",
        "revenue": 2691000000,
        "costOfRevenue": 0,
        "grossProfit": 2691000000,
        "grossProfitRatio": 1,
        "researchAndDevelopmentExpenses": 325000000,
        "generalAndAdministrativeExpenses": -539000000,
        "sellingAndMarketingExpenses": 833000000,
        "sellingGeneralAndAdministrativeExpenses": 294000000,
        "otherExpenses": 0,
        "operatingExpenses": 619000000,
        "costAndExpenses": 2414000000,
        "interestIncome": 0,
        "interestExpense": 213000000,
        "depreciationAndAmortization": 869000000,
        "ebitda": 1353000000,
        "ebitdaratio": 0.502787068,
        "operatingIncome": 277000000,
        "operatingIncomeRatio": 0.1029357116,
        "totalOtherIncomeExpensesNet": 12000000,
        "incomeBeforeTax": 289000000,
        "incomeBeforeTaxRatio": 0.1073950204,
        "incomeTaxExpense": 160000000,
        "netIncome": 111000000,
        "netIncomeRatio": 0.0412486065,
        "eps": 0.22,
        "epsdiluted": 0.22,
        "weightedAverageShsOut": 495000000,
        "weightedAverageShsOutDil": 497000000,
        "link": "https://www.sec.gov/Archives/edgar/data/773910/000119312511043021/0001193125-11-043021-index.htm",
        "finalLink": "https://www.sec.gov/Archives/edgar/data/773910/000119312511043021/d10k.htm"
    },
    {
        "date": "2010-09-30",
        "symbol": "APC",
        "reportedCurrency": "USD",
        "cik": "0000773910",
        "fillingDate": "2010-11-01",
        "acceptedDate": "2010-11-01 16:32:08",
        "calendarYear": "2010",
        "period": "Q3",
        "revenue": 2550000000,
        "costOfRevenue": 0,
        "grossProfit": 2550000000,
        "grossProfitRatio": 1,
        "researchAndDevelopmentExpenses": 296000000,
        "generalAndAdministrativeExpenses": -368000000,
        "sellingAndMarketingExpenses": 643000000,
        "sellingGeneralAndAdministrativeExpenses": 275000000,
        "otherExpenses": 0,
        "operatingExpenses": 571000000,
        "costAndExpenses": 2354000000,
        "interestIncome": 0,
        "interestExpense": 218000000,
        "depreciationAndAmortization": 962000000,
        "ebitda": 1966000000,
        "ebitdaratio": 0.7709803922,
        "operatingIncome": 196000000,
        "operatingIncomeRatio": 0.0768627451,
        "totalOtherIncomeExpensesNet": -110000000,
        "incomeBeforeTax": 86000000,
        "incomeBeforeTaxRatio": 0.0337254902,
        "incomeTaxExpense": 94000000,
        "netIncome": 692000000,
        "netIncomeRatio": 0.271372549,
        "eps": 1.4,
        "epsdiluted": 1.4,
        "weightedAverageShsOut": 495000000,
        "weightedAverageShsOutDil": 496000000,
        "link": "https://www.sec.gov/Archives/edgar/data/773910/000119312510242664/0001193125-10-242664-index.html",
        "finalLink": "https://www.sec.gov/Archives/edgar/data/773910/000119312510242664/d10q.htm"
    },
    {
        "date": "2010-06-30",
        "symbol": "APC",
        "reportedCurrency": "USD",
        "cik": "0000773910",
        "fillingDate": "2010-08-03",
        "acceptedDate": "2010-08-03 16:20:48",
        "calendarYear": "2010",
        "period": "Q2",
        "revenue": 2604000000,
        "costOfRevenue": 0,
        "grossProfit": 2604000000,
        "grossProfitRatio": 1,
        "researchAndDevelopmentExpenses": 198000000,
        "generalAndAdministrativeExpenses": 15000000,
        "sellingAndMarketingExpenses": 188000000,
        "sellingGeneralAndAdministrativeExpenses": 203000000,
        "otherExpenses": 0,
        "operatingExpenses": 401000000,
        "costAndExpenses": 2227000000,
        "interestIncome": 0,
        "interestExpense": 200000000,
        "depreciationAndAmortization": 902000000,
        "ebitda": 1123000000,
        "ebitdaratio": 0.4312596006,
        "operatingIncome": 377000000,
        "operatingIncomeRatio": 0.1447772657,
        "totalOtherIncomeExpensesNet": -356000000,
        "incomeBeforeTax": 21000000,
        "incomeBeforeTaxRatio": 0.0080645161,
        "incomeTaxExpense": 49000000,
        "netIncome": -28000000,
        "netIncomeRatio": -0.0107526882,
        "eps": -0.0567,
        "epsdiluted": -0.0565,
        "weightedAverageShsOut": 494000000,
        "weightedAverageShsOutDil": 496000000,
        "link": "https://www.sec.gov/Archives/edgar/data/773910/000119312510175295/0001193125-10-175295-index.html",
        "finalLink": "https://www.sec.gov/Archives/edgar/data/773910/000119312510175295/d10q.htm"
    },
    {
        "date": "2010-03-31",
        "symbol": "APC",
        "reportedCurrency": "USD",
        "cik": "0000773910",
        "fillingDate": "2010-05-04",
        "acceptedDate": "2010-05-04 11:54:10",
        "calendarYear": "2010",
        "period": "Q1",
        "revenue": 3139000000,
        "costOfRevenue": 0,
        "grossProfit": 3139000000,
        "grossProfitRatio": 1,
        "researchAndDevelopmentExpenses": 155000000,
        "generalAndAdministrativeExpenses": -63000000,
        "sellingAndMarketingExpenses": 273000000,
        "sellingGeneralAndAdministrativeExpenses": 210000000,
        "otherExpenses": 0,
        "operatingExpenses": 365000000,
        "costAndExpenses": 2220000000,
        "interestIncome": 0,
        "interestExpense": 224000000,
        "depreciationAndAmortization": 981000000,
        "ebitda": 2438000000,
        "ebitdaratio": 0.7766804715,
        "operatingIncome": 919000000,
        "operatingIncomeRatio": 0.2927683976,
        "totalOtherIncomeExpensesNet": 326000000,
        "incomeBeforeTax": 1245000000,
        "incomeBeforeTaxRatio": 0.3966231284,
        "incomeTaxExpense": 517000000,
        "netIncome": 716000000,
        "netIncomeRatio": 0.2280981204,
        "eps": 1.45,
        "epsdiluted": 1.44,
        "weightedAverageShsOut": 493000000,
        "weightedAverageShsOutDil": 496000000,
        "link": "https://www.sec.gov/Archives/edgar/data/773910/000119312510105970/0001193125-10-105970-index.html",
        "finalLink": "https://www.sec.gov/Archives/edgar/data/773910/000119312510105970/d10q.htm"
    },
    {
        "date": "2009-12-31",
        "symbol": "APC",
        "reportedCurrency": "USD",
        "cik": "0000773910",
        "fillingDate": "2010-02-23",
        "acceptedDate": "2010-02-23 11:22:06",
        "calendarYear": "2009",
        "period": "Q4",
        "revenue": 657000000,
        "costOfRevenue": 0,
        "grossProfit": 657000000,
        "grossProfitRatio": 1,
        "researchAndDevelopmentExpenses": 0,
        "generalAndAdministrativeExpenses": 255000000,
        "sellingAndMarketingExpenses": 728000000,
        "sellingGeneralAndAdministrativeExpenses": 983000000,
        "otherExpenses": 728000000,
        "operatingExpenses": 1711000000,
        "costAndExpenses": 1711000000,
        "interestIncome": 0,
        "interestExpense": -702000000,
        "depreciationAndAmortization": 884000000,
        "ebitda": 74000000,
        "ebitdaratio": 0.1126331811,
        "operatingIncome": 377000000,
        "operatingIncomeRatio": 0.5738203957,
        "totalOtherIncomeExpensesNet": -485000000,
        "incomeBeforeTax": -108000000,
        "incomeBeforeTaxRatio": -0.1643835616,
        "incomeTaxExpense": -5000000,
        "netIncome": -103000000,
        "netIncomeRatio": -0.1567732116,
        "eps": -0.21,
        "epsdiluted": -0.21,
        "weightedAverageShsOut": 480000000,
        "weightedAverageShsOutDil": 480000000,
        "link": "https://www.sec.gov/Archives/edgar/data/773910/000119312510037173/0001193125-10-037173-index.html",
        "finalLink": "https://www.sec.gov/Archives/edgar/data/773910/000119312510037173/d10k.htm"
    },
    {
        "date": "2009-09-30",
        "symbol": "APC",
        "reportedCurrency": "USD",
        "cik": "0000773910",
        "fillingDate": "2009-11-03",
        "acceptedDate": "2009-11-03 11:25:15",
        "calendarYear": "2009",
        "period": "Q3",
        "revenue": 593000000,
        "costOfRevenue": 0,
        "grossProfit": 593000000,
        "grossProfitRatio": 1,
        "researchAndDevelopmentExpenses": 0,
        "generalAndAdministrativeExpenses": 54000000,
        "sellingAndMarketingExpenses": 169000000,
        "sellingGeneralAndAdministrativeExpenses": 223000000,
        "otherExpenses": 169000000,
        "operatingExpenses": 392000000,
        "costAndExpenses": 392000000,
        "interestIncome": 0,
        "interestExpense": -121000000,
        "depreciationAndAmortization": 909000000,
        "ebitda": 1201000000,
        "ebitdaratio": 2.0252951096,
        "operatingIncome": 645000000,
        "operatingIncomeRatio": 1.0876897133,
        "totalOtherIncomeExpensesNet": -234000000,
        "incomeBeforeTax": 411000000,
        "incomeBeforeTaxRatio": 0.6930860034,
        "incomeTaxExpense": 207000000,
        "netIncome": 206000000,
        "netIncomeRatio": 0.347386172,
        "eps": 0.43,
        "epsdiluted": 0.43,
        "weightedAverageShsOut": 480000000,
        "weightedAverageShsOutDil": 480000000,
        "link": "https://www.sec.gov/Archives/edgar/data/773910/000119312509221564/0001193125-09-221564-index.html",
        "finalLink": "https://www.sec.gov/Archives/edgar/data/773910/000119312509221564/d10q.htm"
    },
    {
        "date": "2009-06-30",
        "symbol": "APC",
        "reportedCurrency": "USD",
        "cik": "0000773910",
        "fillingDate": "2009-08-04",
        "acceptedDate": "2009-08-04 11:05:09",
        "calendarYear": "2009",
        "period": "Q2",
        "revenue": 19000000,
        "costOfRevenue": 0,
        "grossProfit": 19000000,
        "grossProfitRatio": 1,
        "researchAndDevelopmentExpenses": 0,
        "generalAndAdministrativeExpenses": 25000000,
        "sellingAndMarketingExpenses": 201000000,
        "sellingGeneralAndAdministrativeExpenses": 226000000,
        "otherExpenses": 201000000,
        "operatingExpenses": 427000000,
        "costAndExpenses": 427000000,
        "interestIncome": 0,
        "interestExpense": -203000000,
        "depreciationAndAmortization": 933000000,
        "ebitda": 379000000,
        "ebitdaratio": 19.9473684211,
        "operatingIncome": -490000000,
        "operatingIncomeRatio": -25.7894736842,
        "totalOtherIncomeExpensesNet": 141000000,
        "incomeBeforeTax": -349000000,
        "incomeBeforeTaxRatio": -18.3684210526,
        "incomeTaxExpense": -135000000,
        "netIncome": -216000000,
        "netIncomeRatio": -11.3684210526,
        "eps": -0.45,
        "epsdiluted": -0.45,
        "weightedAverageShsOut": 480000000,
        "weightedAverageShsOutDil": 480000000,
        "link": "https://www.sec.gov/Archives/edgar/data/773910/000119312509163299/0001193125-09-163299-index.html",
        "finalLink": "https://www.sec.gov/Archives/edgar/data/773910/000119312509163299/d10q.htm"
    },
    {
        "date": "2009-03-31",
        "symbol": "APC",
        "reportedCurrency": "USD",
        "cik": "0000773910",
        "fillingDate": "2009-05-07",
        "acceptedDate": "2009-05-07 12:48:41",
        "calendarYear": "2009",
        "period": "Q1",
        "revenue": 45000000,
        "costOfRevenue": 0,
        "grossProfit": 45000000,
        "grossProfitRatio": 1,
        "researchAndDevelopmentExpenses": 0,
        "generalAndAdministrativeExpenses": 48000000,
        "sellingAndMarketingExpenses": 161000000,
        "sellingGeneralAndAdministrativeExpenses": 209000000,
        "otherExpenses": 161000000,
        "operatingExpenses": 370000000,
        "costAndExpenses": 370000000,
        "interestIncome": 0,
        "interestExpense": -181000000,
        "depreciationAndAmortization": 806000000,
        "ebitda": 80000000,
        "ebitdaratio": 1.7777777778,
        "operatingIncome": -472000000,
        "operatingIncomeRatio": -10.4888888889,
        "totalOtherIncomeExpensesNet": -73000000,
        "incomeBeforeTax": -545000000,
        "incomeBeforeTaxRatio": -12.1111111111,
        "incomeTaxExpense": -214000000,
        "netIncome": -331000000,
        "netIncomeRatio": -7.3555555556,
        "eps": -0.73,
        "epsdiluted": -0.73,
        "weightedAverageShsOut": 453424657,
        "weightedAverageShsOutDil": 453424657,
        "link": "https://www.sec.gov/Archives/edgar/data/773910/000119312509102986/0001193125-09-102986-index.html",
        "finalLink": "https://www.sec.gov/Archives/edgar/data/773910/000119312509102986/d10q.htm"
    },
    {
        "date": "2008-12-31",
        "symbol": "APC",
        "reportedCurrency": "USD",
        "cik": "0000773910",
        "fillingDate": "2009-02-25",
        "acceptedDate": "2009-02-25 10:50:41",
        "calendarYear": "2008",
        "period": "Q4",
        "revenue": 813000000,
        "costOfRevenue": 0,
        "grossProfit": 813000000,
        "grossProfitRatio": 1,
        "researchAndDevelopmentExpenses": 0,
        "generalAndAdministrativeExpenses": 105000000,
        "sellingAndMarketingExpenses": 142000000,
        "sellingGeneralAndAdministrativeExpenses": 247000000,
        "otherExpenses": 142000000,
        "operatingExpenses": 389000000,
        "costAndExpenses": 389000000,
        "interestIncome": 0,
        "interestExpense": -184000000,
        "depreciationAndAmortization": 756000000,
        "ebitda": 1745000000,
        "ebitdaratio": 2.1463714637,
        "operatingIncome": 1416000000,
        "operatingIncomeRatio": 1.741697417,
        "totalOtherIncomeExpensesNet": -248000000,
        "incomeBeforeTax": 1168000000,
        "incomeBeforeTaxRatio": 1.4366543665,
        "incomeTaxExpense": 387000000,
        "netIncome": 786000000,
        "netIncomeRatio": 0.9667896679,
        "eps": 1.66,
        "epsdiluted": 1.65,
        "weightedAverageShsOut": 474672489,
        "weightedAverageShsOutDil": 476754385,
        "link": "https://www.sec.gov/Archives/edgar/data/773910/000119312509036986/0001193125-09-036986-index.html",
        "finalLink": "https://www.sec.gov/Archives/edgar/data/773910/000119312509036986/d10k.htm"
    },
    {
        "date": "2008-09-30",
        "symbol": "APC",
        "reportedCurrency": "USD",
        "cik": "0000773910",
        "fillingDate": "2008-11-04",
        "acceptedDate": "2008-11-04 17:22:00",
        "calendarYear": "2008",
        "period": "Q3",
        "revenue": 270000000,
        "costOfRevenue": 0,
        "grossProfit": 270000000,
        "grossProfitRatio": 1,
        "researchAndDevelopmentExpenses": 0,
        "generalAndAdministrativeExpenses": -321000000,
        "sellingAndMarketingExpenses": 940000000,
        "sellingGeneralAndAdministrativeExpenses": 619000000,
        "otherExpenses": 940000000,
        "operatingExpenses": 1559000000,
        "costAndExpenses": 1559000000,
        "interestIncome": 0,
        "interestExpense": -558000000,
        "depreciationAndAmortization": 844000000,
        "ebitda": 4522000000,
        "ebitdaratio": 16.7481481481,
        "operatingIncome": 4746000000,
        "operatingIncomeRatio": 17.5777777778,
        "totalOtherIncomeExpensesNet": -568000000,
        "incomeBeforeTax": 4178000000,
        "incomeBeforeTaxRatio": 15.4740740741,
        "incomeTaxExpense": 1761000000,
        "netIncome": 2475000000,
        "netIncomeRatio": 9.1666666667,
        "eps": 5.17,
        "epsdiluted": 5.14,
        "weightedAverageShsOut": 478723404,
        "weightedAverageShsOutDil": 481517509,
        "link": "https://www.sec.gov/Archives/edgar/data/773910/000077391008000007/0000773910-08-000007-index.html",
        "finalLink": "https://www.sec.gov/Archives/edgar/data/773910/000077391008000007/anadarko_form10q-093008.htm"
    },
    {
        "date": "2008-06-30",
        "symbol": "APC",
        "reportedCurrency": "USD",
        "cik": "0000773910",
        "fillingDate": "2008-08-07",
        "acceptedDate": "2008-08-06 17:34:48",
        "calendarYear": "2008",
        "period": "Q2",
        "revenue": 370000000,
        "costOfRevenue": 0,
        "grossProfit": 370000000,
        "grossProfitRatio": 1,
        "researchAndDevelopmentExpenses": 0,
        "generalAndAdministrativeExpenses": -120000000,
        "sellingAndMarketingExpenses": 319000000,
        "sellingGeneralAndAdministrativeExpenses": 199000000,
        "otherExpenses": 319000000,
        "operatingExpenses": 518000000,
        "costAndExpenses": 518000000,
        "interestIncome": 0,
        "interestExpense": -151000000,
        "depreciationAndAmortization": 784000000,
        "ebitda": 892000000,
        "ebitdaratio": 2.4108108108,
        "operatingIncome": 394000000,
        "operatingIncomeRatio": 1.0648648649,
        "totalOtherIncomeExpensesNet": -142000000,
        "incomeBeforeTax": 252000000,
        "incomeBeforeTaxRatio": 0.6810810811,
        "incomeTaxExpense": 236000000,
        "netIncome": 23000000,
        "netIncomeRatio": 0.0621621622,
        "eps": 0.0401,
        "epsdiluted": 0.0393,
        "weightedAverageShsOut": 574074074,
        "weightedAverageShsOutDil": 584905660,
        "link": "https://www.sec.gov/Archives/edgar/data/773910/000077391008000006/0000773910-08-000006-index.html",
        "finalLink": "https://www.sec.gov/Archives/edgar/data/773910/000077391008000006/anadarko_form10q-063008.htm"
    },
    {
        "date": "2008-03-31",
        "symbol": "APC",
        "reportedCurrency": "USD",
        "cik": "0000773910",
        "fillingDate": "2008-05-07",
        "acceptedDate": "2008-05-06 19:49:36",
        "calendarYear": "2008",
        "period": "Q1",
        "revenue": -40000000,
        "costOfRevenue": -80000000,
        "grossProfit": 40000000,
        "grossProfitRatio": -1,
        "researchAndDevelopmentExpenses": 0,
        "generalAndAdministrativeExpenses": -64000000,
        "sellingAndMarketingExpenses": 268000000,
        "sellingGeneralAndAdministrativeExpenses": 204000000,
        "otherExpenses": 268000000,
        "operatingExpenses": 472000000,
        "costAndExpenses": 472000000,
        "interestIncome": 0,
        "interestExpense": -227000000,
        "depreciationAndAmortization": 810000000,
        "ebitda": 1214000000,
        "ebitdaratio": -30.35,
        "operatingIncome": 795000000,
        "operatingIncomeRatio": -19.875,
        "totalOtherIncomeExpensesNet": -214000000,
        "incomeBeforeTax": 581000000,
        "incomeBeforeTaxRatio": -14.525,
        "incomeTaxExpense": 344000000,
        "netIncome": 287000000,
        "netIncomeRatio": -7.175,
        "eps": 0.5,
        "epsdiluted": 0.5,
        "weightedAverageShsOut": 574000000,
        "weightedAverageShsOutDil": 574000000,
        "link": "https://www.sec.gov/Archives/edgar/data/773910/000077391008000001/0000773910-08-000001-index.html",
        "finalLink": "https://www.sec.gov/Archives/edgar/data/773910/000077391008000001/anadarko_form10q-1stqtr08.htm"
    },
    {
        "date": "2007-12-31",
        "symbol": "APC",
        "reportedCurrency": "USD",
        "cik": "0000773910",
        "fillingDate": "2008-02-29",
        "acceptedDate": "2008-02-28 19:10:47",
        "calendarYear": "2007",
        "period": "Q4",
        "revenue": 42000000,
        "costOfRevenue": 0,
        "grossProfit": 42000000,
        "grossProfitRatio": 1,
        "researchAndDevelopmentExpenses": 0,
        "generalAndAdministrativeExpenses": -37000000,
        "sellingAndMarketingExpenses": 292000000,
        "sellingGeneralAndAdministrativeExpenses": 255000000,
        "otherExpenses": 292000000,
        "operatingExpenses": 547000000,
        "costAndExpenses": 547000000,
        "interestIncome": 0,
        "interestExpense": -231000000,
        "depreciationAndAmortization": 750000000,
        "ebitda": 979000000,
        "ebitdaratio": 23.3095238095,
        "operatingIncome": 688000000,
        "operatingIncomeRatio": 16.380952381,
        "totalOtherIncomeExpensesNet": -217000000,
        "incomeBeforeTax": 471000000,
        "incomeBeforeTaxRatio": 11.2142857143,
        "incomeTaxExpense": 307000000,
        "netIncome": 153000000,
        "netIncomeRatio": 3.6428571429,
        "eps": 0.33,
        "epsdiluted": 0.33,
        "weightedAverageShsOut": 467367119,
        "weightedAverageShsOutDil": 469689440,
        "link": "https://www.sec.gov/Archives/edgar/data/773910/000119312508042186/0001193125-08-042186-index.htm",
        "finalLink": "https://www.sec.gov/Archives/edgar/data/773910/000119312508042186/d10k.htm"
    },
    {
        "date": "2007-09-30",
        "symbol": "APC",
        "reportedCurrency": "USD",
        "cik": "0000773910",
        "fillingDate": "2007-11-09",
        "acceptedDate": "2007-11-08 20:56:07",
        "calendarYear": "2007",
        "period": "Q3",
        "revenue": 58000000,
        "costOfRevenue": 0,
        "grossProfit": 58000000,
        "grossProfitRatio": 1,
        "researchAndDevelopmentExpenses": 0,
        "generalAndAdministrativeExpenses": -514000000,
        "sellingAndMarketingExpenses": 1195000000,
        "sellingGeneralAndAdministrativeExpenses": 681000000,
        "otherExpenses": 1195000000,
        "operatingExpenses": 1876000000,
        "costAndExpenses": 1876000000,
        "interestIncome": 0,
        "interestExpense": -861000000,
        "depreciationAndAmortization": 539000000,
        "ebitda": 5558000000,
        "ebitdaratio": 95.8275862069,
        "operatingIncome": 6659000000,
        "operatingIncomeRatio": 114.8103448276,
        "totalOtherIncomeExpensesNet": -801000000,
        "incomeBeforeTax": 5858000000,
        "incomeBeforeTaxRatio": 101,
        "incomeTaxExpense": 2252000000,
        "netIncome": 3628000000,
        "netIncomeRatio": 62.5517241379,
        "eps": 7.75,
        "epsdiluted": 7.72,
        "weightedAverageShsOut": 468129032,
        "weightedAverageShsOutDil": 469948186,
        "link": "https://www.sec.gov/Archives/edgar/data/773910/000077391007000014/0000773910-07-000014-index.html",
        "finalLink": "https://www.sec.gov/Archives/edgar/data/773910/000077391007000014/anadarko_form10q-093007.htm"
    },
    {
        "date": "2007-06-30",
        "symbol": "APC",
        "reportedCurrency": "USD",
        "cik": "0000773910",
        "fillingDate": "2007-08-03",
        "acceptedDate": "2007-08-02 18:36:46",
        "calendarYear": "2007",
        "period": "Q2",
        "revenue": 237000000,
        "costOfRevenue": 0,
        "grossProfit": 237000000,
        "grossProfitRatio": 1,
        "researchAndDevelopmentExpenses": 0,
        "generalAndAdministrativeExpenses": -269000000,
        "sellingAndMarketingExpenses": 486000000,
        "sellingGeneralAndAdministrativeExpenses": 217000000,
        "otherExpenses": 486000000,
        "operatingExpenses": 703000000,
        "costAndExpenses": 703000000,
        "interestIncome": 0,
        "interestExpense": -314000000,
        "depreciationAndAmortization": 706000000,
        "ebitda": 1496000000,
        "ebitdaratio": 6.3122362869,
        "operatingIncome": 1388000000,
        "operatingIncomeRatio": 5.8565400844,
        "totalOtherIncomeExpensesNet": -291000000,
        "incomeBeforeTax": 1097000000,
        "incomeBeforeTaxRatio": 4.6286919831,
        "incomeTaxExpense": 452000000,
        "netIncome": 652000000,
        "netIncomeRatio": 2.7510548523,
        "eps": 1.34,
        "epsdiluted": 1.34,
        "weightedAverageShsOut": 485256410,
        "weightedAverageShsOutDil": 488387096,
        "link": "https://www.sec.gov/Archives/edgar/data/773910/000077391007000013/0000773910-07-000013-index.html",
        "finalLink": "https://www.sec.gov/Archives/edgar/data/773910/000077391007000013/anadarko_form10q-63007.htm"
    },
    {
        "date": "2007-03-31",
        "symbol": "APC",
        "reportedCurrency": "USD",
        "cik": "0000773910",
        "fillingDate": "2007-05-08",
        "acceptedDate": "2007-05-08 17:25:26",
        "calendarYear": "2007",
        "period": "Q1",
        "revenue": 12000000,
        "costOfRevenue": 0,
        "grossProfit": 12000000,
        "grossProfitRatio": 1,
        "researchAndDevelopmentExpenses": 0,
        "generalAndAdministrativeExpenses": -130000000,
        "sellingAndMarketingExpenses": 361000000,
        "sellingGeneralAndAdministrativeExpenses": 231000000,
        "otherExpenses": 361000000,
        "operatingExpenses": 592000000,
        "costAndExpenses": 592000000,
        "interestIncome": 0,
        "interestExpense": -310000000,
        "depreciationAndAmortization": 845000000,
        "ebitda": 797000000,
        "ebitdaratio": 66.4166666667,
        "operatingIncome": 516000000,
        "operatingIncomeRatio": 43,
        "totalOtherIncomeExpensesNet": -281000000,
        "incomeBeforeTax": 235000000,
        "incomeBeforeTaxRatio": 19.5833333333,
        "incomeTaxExpense": 157000000,
        "netIncome": 105000000,
        "netIncomeRatio": 8.75,
        "eps": 0.17,
        "epsdiluted": 0.17,
        "weightedAverageShsOut": 617647058,
        "weightedAverageShsOutDil": 617647058,
        "link": "https://www.sec.gov/Archives/edgar/data/773910/000077391007000007/0000773910-07-000007-index.html",
        "finalLink": "https://www.sec.gov/Archives/edgar/data/773910/000077391007000007/anadarko_form10q-1stqtr07.htm"
    },
    {
        "date": "2006-12-31",
        "symbol": "APC",
        "reportedCurrency": "USD",
        "cik": "0000773910",
        "fillingDate": "2007-02-28",
        "acceptedDate": "2007-02-28 13:20:45",
        "calendarYear": "2006",
        "period": "Q4",
        "revenue": 88000000,
        "costOfRevenue": 0,
        "grossProfit": 88000000,
        "grossProfitRatio": 1,
        "researchAndDevelopmentExpenses": 0,
        "generalAndAdministrativeExpenses": -50000000,
        "sellingAndMarketingExpenses": 718000000,
        "sellingGeneralAndAdministrativeExpenses": 668000000,
        "otherExpenses": 718000000,
        "operatingExpenses": 1386000000,
        "costAndExpenses": 1386000000,
        "interestIncome": 0,
        "interestExpense": -655000000,
        "depreciationAndAmortization": 775000000,
        "ebitda": 6416000000,
        "ebitdaratio": 72.9090909091,
        "operatingIncome": 4887000000,
        "operatingIncomeRatio": 55.5340909091,
        "totalOtherIncomeExpensesNet": -649000000,
        "incomeBeforeTax": 4238000000,
        "incomeBeforeTaxRatio": 48.1590909091,
        "incomeTaxExpense": 1442000000,
        "netIncome": 4854000000,
        "netIncomeRatio": 55.1590909091,
        "eps": 6.06,
        "epsdiluted": 6.02,
        "weightedAverageShsOut": 800990099,
        "weightedAverageShsOutDil": 806312292,
        "link": "https://www.sec.gov/Archives/edgar/data/773910/000119312507042294/0001193125-07-042294-index.htm",
        "finalLink": "https://www.sec.gov/Archives/edgar/data/773910/000119312507042294/d10k.htm"
    },
    {
        "date": "2006-09-30",
        "symbol": "APC",
        "reportedCurrency": "USD",
        "cik": "0000773910",
        "fillingDate": "2006-11-09",
        "acceptedDate": "2006-11-08 17:50:47",
        "calendarYear": "2006",
        "period": "Q3",
        "revenue": 272000000,
        "costOfRevenue": 245000000,
        "grossProfit": 27000000,
        "grossProfitRatio": 0.0992647059,
        "researchAndDevelopmentExpenses": 0,
        "generalAndAdministrativeExpenses": 159000000,
        "sellingAndMarketingExpenses": 0,
        "sellingGeneralAndAdministrativeExpenses": 159000000,
        "otherExpenses": 0,
        "operatingExpenses": 159000000,
        "costAndExpenses": 404000000,
        "interestIncome": 0,
        "interestExpense": -209000000,
        "depreciationAndAmortization": 546000000,
        "ebitda": 2377000000,
        "ebitdaratio": 8.7389705882,
        "operatingIncome": 2156000000,
        "operatingIncomeRatio": 7.9264705882,
        "totalOtherIncomeExpensesNet": -195000000,
        "incomeBeforeTax": 1961000000,
        "incomeBeforeTaxRatio": 7.2095588235,
        "incomeTaxExpense": 579000000,
        "netIncome": 1461000000,
        "netIncomeRatio": 5.3713235294,
        "eps": 2.82,
        "epsdiluted": 2.8,
        "weightedAverageShsOut": 517989417,
        "weightedAverageShsOutDil": 521669626,
        "link": "https://www.sec.gov/Archives/edgar/data/773910/000077391006000016/0000773910-06-000016-index.htm",
        "finalLink": "https://www.sec.gov/Archives/edgar/data/773910/000077391006000016/anadarko_form10q-09302006.htm"
    },
    {
        "date": "2006-06-30",
        "symbol": "APC",
        "reportedCurrency": "USD",
        "cik": "0000773910",
        "fillingDate": "2006-08-01",
        "acceptedDate": "2006-08-01 12:16:31",
        "calendarYear": "2006",
        "period": "Q2",
        "revenue": 13000000,
        "costOfRevenue": 94000000,
        "grossProfit": -81000000,
        "grossProfitRatio": -6.2307692308,
        "researchAndDevelopmentExpenses": 0,
        "generalAndAdministrativeExpenses": 111000000,
        "sellingAndMarketingExpenses": 0,
        "sellingGeneralAndAdministrativeExpenses": 111000000,
        "otherExpenses": 0,
        "operatingExpenses": 111000000,
        "costAndExpenses": 205000000,
        "interestIncome": 0,
        "interestExpense": -53000000,
        "depreciationAndAmortization": 295000000,
        "ebitda": 1280000000,
        "ebitdaratio": 98.4615384615,
        "operatingIncome": 838000000,
        "operatingIncomeRatio": 64.4615384615,
        "totalOtherIncomeExpensesNet": -48000000,
        "incomeBeforeTax": 790000000,
        "incomeBeforeTaxRatio": 60.7692307692,
        "incomeTaxExpense": 223000000,
        "netIncome": 815000000,
        "netIncomeRatio": 62.6923076923,
        "eps": 1.47,
        "epsdiluted": 1.46,
        "weightedAverageShsOut": 552808988,
        "weightedAverageShsOutDil": 556981132,
        "link": "https://www.sec.gov/Archives/edgar/data/773910/000077391006000014/0000773910-06-000014-index.htm",
        "finalLink": "https://www.sec.gov/Archives/edgar/data/773910/000077391006000014/anadarko_form10q-063006.htm"
    },
    {
        "date": "2006-03-31",
        "symbol": "APC",
        "reportedCurrency": "USD",
        "cik": "0000773910",
        "fillingDate": "2006-05-09",
        "acceptedDate": "2006-05-09 08:38:48",
        "calendarYear": "2006",
        "period": "Q1",
        "revenue": 73000000,
        "costOfRevenue": 89000000,
        "grossProfit": -16000000,
        "grossProfitRatio": -0.2191780822,
        "researchAndDevelopmentExpenses": 0,
        "generalAndAdministrativeExpenses": 117000000,
        "sellingAndMarketingExpenses": 0,
        "sellingGeneralAndAdministrativeExpenses": 117000000,
        "otherExpenses": 0,
        "operatingExpenses": 117000000,
        "costAndExpenses": 206000000,
        "interestIncome": 0,
        "interestExpense": -51000000,
        "depreciationAndAmortization": 360000000,
        "ebitda": 1356000000,
        "ebitdaratio": 18.5753424658,
        "operatingIncome": 1096000000,
        "operatingIncomeRatio": 15.0136986301,
        "totalOtherIncomeExpensesNet": -49000000,
        "incomeBeforeTax": 1047000000,
        "incomeBeforeTaxRatio": 14.3424657534,
        "incomeTaxExpense": 386000000,
        "netIncome": 661000000,
        "netIncomeRatio": 9.0547945205,
        "eps": 2.87,
        "epsdiluted": 2.84,
        "weightedAverageShsOut": 230313588,
        "weightedAverageShsOutDil": 232746478,
        "link": "https://www.sec.gov/Archives/edgar/data/773910/000077391006000008/0000773910-06-000008-index.htm",
        "finalLink": "https://www.sec.gov/Archives/edgar/data/773910/000077391006000008/anadarko_form10q-033106.htm"
    },
    {
        "date": "2005-12-31",
        "symbol": "APC",
        "reportedCurrency": "USD",
        "cik": "0000773910",
        "fillingDate": "2006-03-03",
        "acceptedDate": "2006-03-03 16:36:42",
        "calendarYear": "2005",
        "period": "Q4",
        "revenue": 71000000,
        "costOfRevenue": 85000000,
        "grossProfit": -14000000,
        "grossProfitRatio": -0.1971830986,
        "researchAndDevelopmentExpenses": 0,
        "generalAndAdministrativeExpenses": 131000000,
        "sellingAndMarketingExpenses": 0,
        "sellingGeneralAndAdministrativeExpenses": 131000000,
        "otherExpenses": 0,
        "operatingExpenses": 131000000,
        "costAndExpenses": 216000000,
        "interestIncome": 0,
        "interestExpense": -49000000,
        "depreciationAndAmortization": 352000000,
        "ebitda": 1671000000,
        "ebitdaratio": 23.5352112676,
        "operatingIncome": 1350000000,
        "operatingIncomeRatio": 19.014084507,
        "totalOtherIncomeExpensesNet": 18000000,
        "incomeBeforeTax": 1368000000,
        "incomeBeforeTaxRatio": 19.2676056338,
        "incomeTaxExpense": 493000000,
        "netIncome": 875000000,
        "netIncomeRatio": 12.323943662,
        "eps": 3.71,
        "epsdiluted": 3.68,
        "weightedAverageShsOut": 235557673,
        "weightedAverageShsOutDil": 237824831,
        "link": "https://www.sec.gov/Archives/edgar/data/773910/000095012906002239/0000950129-06-002239-index.htm",
        "finalLink": "https://www.sec.gov/Archives/edgar/data/773910/000095012906002239/h30779e10vk.htm"
    },
    {
        "date": "2005-09-30",
        "symbol": "APC",
        "reportedCurrency": "USD",
        "cik": "0000773910",
        "fillingDate": "2005-11-08",
        "acceptedDate": "2005-11-08 16:03:11",
        "calendarYear": "2005",
        "period": "Q3",
        "revenue": 25000000,
        "costOfRevenue": 217000000,
        "grossProfit": -192000000,
        "grossProfitRatio": -7.68,
        "researchAndDevelopmentExpenses": 0,
        "generalAndAdministrativeExpenses": 311000000,
        "sellingAndMarketingExpenses": 0,
        "sellingGeneralAndAdministrativeExpenses": 311000000,
        "otherExpenses": 0,
        "operatingExpenses": 311000000,
        "costAndExpenses": 528000000,
        "interestIncome": 0,
        "interestExpense": -152000000,
        "depreciationAndAmortization": 334000000,
        "ebitda": 2709000000,
        "ebitdaratio": 108.36,
        "operatingIncome": 2665000000,
        "operatingIncomeRatio": 106.6,
        "totalOtherIncomeExpensesNet": -138000000,
        "incomeBeforeTax": 2527000000,
        "incomeBeforeTaxRatio": 101.08,
        "incomeTaxExpense": 931000000,
        "netIncome": 1596000000,
        "netIncomeRatio": 63.84,
        "eps": 6.74,
        "epsdiluted": 6.68,
        "weightedAverageShsOut": 236795252,
        "weightedAverageShsOutDil": 238922155,
        "link": "https://www.sec.gov/Archives/edgar/data/773910/000077391005000013/0000773910-05-000013-index.htm",
        "finalLink": "https://www.sec.gov/Archives/edgar/data/773910/000077391005000013/anadarko_form10q-093005.htm"
    },
    {
        "date": "2005-06-30",
        "symbol": "APC",
        "reportedCurrency": "USD",
        "cik": "0000773910",
        "fillingDate": "2005-08-04",
        "acceptedDate": "2005-08-04 17:21:22",
        "calendarYear": "2005",
        "period": "Q2",
        "revenue": 37000000,
        "costOfRevenue": 72000000,
        "grossProfit": -35000000,
        "grossProfitRatio": -0.9459459459,
        "researchAndDevelopmentExpenses": 0,
        "generalAndAdministrativeExpenses": 110000000,
        "sellingAndMarketingExpenses": 0,
        "sellingGeneralAndAdministrativeExpenses": 110000000,
        "otherExpenses": 0,
        "operatingExpenses": 110000000,
        "costAndExpenses": 182000000,
        "interestIncome": 0,
        "interestExpense": -50000000,
        "depreciationAndAmortization": 333000000,
        "ebitda": 1072000000,
        "ebitdaratio": 28.972972973,
        "operatingIncome": 843000000,
        "operatingIncomeRatio": 22.7837837838,
        "totalOtherIncomeExpensesNet": -54000000,
        "incomeBeforeTax": 789000000,
        "incomeBeforeTaxRatio": 21.3243243243,
        "incomeTaxExpense": 282000000,
        "netIncome": 507000000,
        "netIncomeRatio": 13.7027027027,
        "eps": 2.14,
        "epsdiluted": 2.12,
        "weightedAverageShsOut": 237054631,
        "weightedAverageShsOutDil": 239328537,
        "link": "https://www.sec.gov/Archives/edgar/data/773910/000077391005000011/0000773910-05-000011-index.htm",
        "finalLink": "https://www.sec.gov/Archives/edgar/data/773910/000077391005000011/anadarko_10q-063005.htm"
    },
    {
        "date": "2005-03-31",
        "symbol": "APC",
        "reportedCurrency": "USD",
        "cik": "0000773910",
        "fillingDate": "2005-05-06",
        "acceptedDate": "2005-05-06 13:35:14",
        "calendarYear": "2005",
        "period": "Q1",
        "revenue": 12000000,
        "costOfRevenue": 70000000,
        "grossProfit": -58000000,
        "grossProfitRatio": -4.8333333333,
        "researchAndDevelopmentExpenses": 0,
        "generalAndAdministrativeExpenses": 102000000,
        "sellingAndMarketingExpenses": 0,
        "sellingGeneralAndAdministrativeExpenses": 102000000,
        "otherExpenses": 0,
        "operatingExpenses": 102000000,
        "costAndExpenses": 172000000,
        "interestIncome": 0,
        "interestExpense": -52000000,
        "depreciationAndAmortization": 324000000,
        "ebitda": 1039000000,
        "ebitdaratio": 86.5833333333,
        "operatingIncome": 819000000,
        "operatingIncomeRatio": 68.25,
        "totalOtherIncomeExpensesNet": -52000000,
        "incomeBeforeTax": 767000000,
        "incomeBeforeTaxRatio": 63.9166666667,
        "incomeTaxExpense": 276000000,
        "netIncome": 491000000,
        "netIncomeRatio": 40.9166666667,
        "eps": 2.07,
        "epsdiluted": 2.05,
        "weightedAverageShsOut": 237198067,
        "weightedAverageShsOutDil": 239512195,
        "link": "https://www.sec.gov/Archives/edgar/data/773910/000077391005000005/0000773910-05-000005-index.htm",
        "finalLink": "https://www.sec.gov/Archives/edgar/data/773910/000077391005000005/anadarko_form10q-033105.htm"
    },
    {
        "date": "2004-12-31",
        "symbol": "APC",
        "reportedCurrency": "USD",
        "cik": "0000773910",
        "fillingDate": "2005-03-15",
        "acceptedDate": "2005-03-14 20:23:11",
        "calendarYear": "2004",
        "period": "Q4",
        "revenue": 44000000,
        "costOfRevenue": 67000000,
        "grossProfit": -23000000,
        "grossProfitRatio": -0.5227272727,
        "researchAndDevelopmentExpenses": 0,
        "generalAndAdministrativeExpenses": 154000000,
        "sellingAndMarketingExpenses": 0,
        "sellingGeneralAndAdministrativeExpenses": 154000000,
        "otherExpenses": 0,
        "operatingExpenses": 154000000,
        "costAndExpenses": 221000000,
        "interestIncome": 0,
        "interestExpense": -92000000,
        "depreciationAndAmortization": 355000000,
        "ebitda": 910000000,
        "ebitdaratio": 20.6818181818,
        "operatingIncome": 719000000,
        "operatingIncomeRatio": 16.3409090909,
        "totalOtherIncomeExpensesNet": -72000000,
        "incomeBeforeTax": 647000000,
        "incomeBeforeTaxRatio": 14.7045454545,
        "incomeTaxExpense": 241000000,
        "netIncome": 406000000,
        "netIncomeRatio": 9.2272727273,
        "eps": 1.62,
        "epsdiluted": 1.61,
        "weightedAverageShsOut": 250546021,
        "weightedAverageShsOutDil": 252515723,
        "link": "https://www.sec.gov/Archives/edgar/data/773910/000095012905002398/0000950129-05-002398-index.htm",
        "finalLink": "https://www.sec.gov/Archives/edgar/data/773910/000095012905002398/h21250e10vk.htm"
    },
    {
        "date": "2004-09-30",
        "symbol": "APC",
        "reportedCurrency": "USD",
        "cik": "0000773910",
        "fillingDate": "2004-11-05",
        "acceptedDate": "2004-11-05 11:29:34",
        "calendarYear": "2004",
        "period": "Q3",
        "revenue": 27000000,
        "costOfRevenue": 67000000,
        "grossProfit": -40000000,
        "grossProfitRatio": -1.4814814815,
        "researchAndDevelopmentExpenses": 0,
        "generalAndAdministrativeExpenses": 98000000,
        "sellingAndMarketingExpenses": 0,
        "sellingGeneralAndAdministrativeExpenses": 98000000,
        "otherExpenses": 0,
        "operatingExpenses": 98000000,
        "costAndExpenses": 165000000,
        "interestIncome": 0,
        "interestExpense": -131000000,
        "depreciationAndAmortization": 387000000,
        "ebitda": 856000000,
        "ebitdaratio": 31.7037037037,
        "operatingIncome": 747000000,
        "operatingIncomeRatio": 27.6666666667,
        "totalOtherIncomeExpensesNet": -147000000,
        "incomeBeforeTax": 600000000,
        "incomeBeforeTaxRatio": 22.2222222222,
        "incomeTaxExpense": 199000000,
        "netIncome": 401000000,
        "netIncomeRatio": 14.8518518519,
        "eps": 1.59,
        "epsdiluted": 1.58,
        "weightedAverageShsOut": 252100840,
        "weightedAverageShsOutDil": 254237288,
        "link": "https://www.sec.gov/Archives/edgar/data/773910/000077391004000021/0000773910-04-000021-index.htm",
        "finalLink": "https://www.sec.gov/Archives/edgar/data/773910/000077391004000021/anadarko_form10q-093004.htm"
    },
    {
        "date": "2004-06-30",
        "symbol": "APC",
        "reportedCurrency": "USD",
        "cik": "0000773910",
        "fillingDate": "2004-08-05",
        "acceptedDate": "2004-08-04 18:18:07",
        "calendarYear": "2004",
        "period": "Q2",
        "revenue": 4000000,
        "costOfRevenue": 59000000,
        "grossProfit": -55000000,
        "grossProfitRatio": -13.75,
        "researchAndDevelopmentExpenses": 0,
        "generalAndAdministrativeExpenses": 92000000,
        "sellingAndMarketingExpenses": 0,
        "sellingGeneralAndAdministrativeExpenses": 92000000,
        "otherExpenses": 0,
        "operatingExpenses": 92000000,
        "costAndExpenses": 151000000,
        "interestIncome": 0,
        "interestExpense": -66000000,
        "depreciationAndAmortization": 357000000,
        "ebitda": 916000000,
        "ebitdaratio": 229,
        "operatingIncome": 687000000,
        "operatingIncomeRatio": 171.75,
        "totalOtherIncomeExpensesNet": -62000000,
        "incomeBeforeTax": 625000000,
        "incomeBeforeTaxRatio": 156.25,
        "incomeTaxExpense": 219000000,
        "netIncome": 406000000,
        "netIncomeRatio": 101.5,
        "eps": 1.61,
        "epsdiluted": 1.6,
        "weightedAverageShsOut": 252848101,
        "weightedAverageShsOutDil": 254458598,
        "link": "https://www.sec.gov/Archives/edgar/data/773910/000077391004000010/0000773910-04-000010-index.htm",
        "finalLink": "https://www.sec.gov/Archives/edgar/data/773910/000077391004000010/anadarko_form10q-063004.htm"
    },
    {
        "date": "2004-03-31",
        "symbol": "APC",
        "reportedCurrency": "USD",
        "cik": "0000773910",
        "fillingDate": "2004-05-10",
        "acceptedDate": "2004-05-10 11:36:47",
        "calendarYear": "2004",
        "period": "Q1",
        "revenue": 34000000,
        "costOfRevenue": 57000000,
        "grossProfit": -23000000,
        "grossProfitRatio": -0.6764705882,
        "researchAndDevelopmentExpenses": 0,
        "generalAndAdministrativeExpenses": 79000000,
        "sellingAndMarketingExpenses": 0,
        "sellingGeneralAndAdministrativeExpenses": 79000000,
        "otherExpenses": 0,
        "operatingExpenses": 79000000,
        "costAndExpenses": 136000000,
        "interestIncome": 0,
        "interestExpense": -63000000,
        "depreciationAndAmortization": 348000000,
        "ebitda": 890000000,
        "ebitdaratio": 26.1764705882,
        "operatingIncome": 728000000,
        "operatingIncomeRatio": 21.4117647059,
        "totalOtherIncomeExpensesNet": -123000000,
        "incomeBeforeTax": 605000000,
        "incomeBeforeTaxRatio": 17.7941176471,
        "incomeTaxExpense": 212000000,
        "netIncome": 393000000,
        "netIncomeRatio": 11.5588235294,
        "eps": 1.56,
        "epsdiluted": 1.55,
        "weightedAverageShsOut": 251923076,
        "weightedAverageShsOutDil": 253548387,
        "link": "https://www.sec.gov/Archives/edgar/data/773910/000077391004000006/0000773910-04-000006-index.htm",
        "finalLink": "https://www.sec.gov/Archives/edgar/data/773910/000077391004000006/anadarko_10q-1stqtr2004.htm"
    }
]