[
    {
        "date": "2016-11-30",
        "symbol": "APOL",
        "reportedCurrency": "USD",
        "cik": "0000929887",
        "fillingDate": "2017-01-09",
        "acceptedDate": "2017-01-09 16:20:51",
        "calendarYear": "2017",
        "period": "Q1",
        "revenue": 484499000,
        "costOfRevenue": 0,
        "grossProfit": 484499000,
        "grossProfitRatio": 1,
        "researchAndDevelopmentExpenses": 0,
        "generalAndAdministrativeExpenses": -39642000,
        "sellingAndMarketingExpenses": 90967000,
        "sellingGeneralAndAdministrativeExpenses": 51325000,
        "otherExpenses": 424770000,
        "operatingExpenses": 476095000,
        "costAndExpenses": 476095000,
        "interestIncome": 0,
        "interestExpense": 1425000,
        "depreciationAndAmortization": 28582000,
        "ebitda": 38300000,
        "ebitdaratio": 0.0790507308,
        "operatingIncome": 8404000,
        "operatingIncomeRatio": 0.017345753,
        "totalOtherIncomeExpensesNet": -982000,
        "incomeBeforeTax": 7422000,
        "incomeBeforeTaxRatio": 0.0153189171,
        "incomeTaxExpense": 4223000,
        "netIncome": 4070000,
        "netIncomeRatio": 0.0084004301,
        "eps": 0.0371,
        "epsdiluted": 0.0369,
        "weightedAverageShsOut": 109724000,
        "weightedAverageShsOutDil": 110186000,
        "link": "https://www.sec.gov/Archives/edgar/data/929887/000092988717000007/0000929887-17-000007-index.htm",
        "finalLink": "https://www.sec.gov/Archives/edgar/data/929887/000092988717000007/apol-nov30201610q.htm"
    },
    {
        "date": "2016-08-31",
        "symbol": "APOL",
        "reportedCurrency": "USD",
        "cik": "0000929887",
        "fillingDate": "2016-10-20",
        "acceptedDate": "2016-10-20 16:46:24",
        "calendarYear": "2016",
        "period": "Q4",
        "revenue": 492479000,
        "costOfRevenue": 0,
        "grossProfit": 492479000,
        "grossProfitRatio": 1,
        "researchAndDevelopmentExpenses": 0,
        "generalAndAdministrativeExpenses": -21772000,
        "sellingAndMarketingExpenses": 75629000,
        "sellingGeneralAndAdministrativeExpenses": 53857000,
        "otherExpenses": 410149000,
        "operatingExpenses": 464006000,
        "costAndExpenses": 464006000,
        "interestIncome": 0,
        "interestExpense": 1725000,
        "depreciationAndAmortization": 30990000,
        "ebitda": 54611000,
        "ebitdaratio": 0.1108900075,
        "operatingIncome": 28473000,
        "operatingIncomeRatio": 0.0578156632,
        "totalOtherIncomeExpensesNet": -1574000,
        "incomeBeforeTax": 26899000,
        "incomeBeforeTaxRatio": 0.0546195878,
        "incomeTaxExpense": 6033000,
        "netIncome": 15863000,
        "netIncomeRatio": 0.0322105105,
        "eps": 0.15,
        "epsdiluted": 0.15,
        "weightedAverageShsOut": 108660000,
        "weightedAverageShsOutDil": 108660000,
        "link": "https://www.sec.gov/Archives/edgar/data/929887/000092988716000225/0000929887-16-000225-index.htm",
        "finalLink": "https://www.sec.gov/Archives/edgar/data/929887/000092988716000225/apol-aug31201610k.htm"
    },
    {
        "date": "2016-05-31",
        "symbol": "APOL",
        "reportedCurrency": "USD",
        "cik": "0000929887",
        "fillingDate": "2016-07-08",
        "acceptedDate": "2016-07-07 18:21:52",
        "calendarYear": "2016",
        "period": "Q3",
        "revenue": 558002000,
        "costOfRevenue": 0,
        "grossProfit": 558002000,
        "grossProfitRatio": 1,
        "researchAndDevelopmentExpenses": 0,
        "generalAndAdministrativeExpenses": -28464000,
        "sellingAndMarketingExpenses": 87530000,
        "sellingGeneralAndAdministrativeExpenses": 59066000,
        "otherExpenses": 466937000,
        "operatingExpenses": 526003000,
        "costAndExpenses": 526003000,
        "interestIncome": 0,
        "interestExpense": 1569000,
        "depreciationAndAmortization": 31129000,
        "ebitda": 64841000,
        "ebitdaratio": 0.1162020925,
        "operatingIncome": 31999000,
        "operatingIncomeRatio": 0.0573456726,
        "totalOtherIncomeExpensesNet": -801000,
        "incomeBeforeTax": 31198000,
        "incomeBeforeTaxRatio": 0.0559101939,
        "incomeTaxExpense": 11399000,
        "netIncome": 20744000,
        "netIncomeRatio": 0.037175494,
        "eps": 0.19,
        "epsdiluted": 0.19,
        "weightedAverageShsOut": 108567000,
        "weightedAverageShsOutDil": 108567000,
        "link": "https://www.sec.gov/Archives/edgar/data/929887/000092988716000189/0000929887-16-000189-index.htm",
        "finalLink": "https://www.sec.gov/Archives/edgar/data/929887/000092988716000189/apol-may31201610q.htm"
    },
    {
        "date": "2016-02-29",
        "symbol": "APOL",
        "reportedCurrency": "USD",
        "cik": "0000929887",
        "fillingDate": "2016-04-07",
        "acceptedDate": "2016-04-06 17:56:27",
        "calendarYear": "2016",
        "period": "Q2",
        "revenue": 465348000,
        "costOfRevenue": 0,
        "grossProfit": 465348000,
        "grossProfitRatio": 1,
        "researchAndDevelopmentExpenses": 0,
        "generalAndAdministrativeExpenses": -34888000,
        "sellingAndMarketingExpenses": 97796000,
        "sellingGeneralAndAdministrativeExpenses": 62908000,
        "otherExpenses": 483256000,
        "operatingExpenses": 546164000,
        "costAndExpenses": 546164000,
        "interestIncome": 0,
        "interestExpense": 1972000,
        "depreciationAndAmortization": 33264000,
        "ebitda": -35795000,
        "ebitdaratio": -0.076920928,
        "operatingIncome": -80816000,
        "operatingIncomeRatio": -0.1736678787,
        "totalOtherIncomeExpensesNet": -2162000,
        "incomeBeforeTax": -82978000,
        "incomeBeforeTaxRatio": -0.178313864,
        "incomeTaxExpense": 19842000,
        "netIncome": -90873000,
        "netIncomeRatio": -0.1952796617,
        "eps": -0.84,
        "epsdiluted": -0.84,
        "weightedAverageShsOut": 108521000,
        "weightedAverageShsOutDil": 108521000,
        "link": "https://www.sec.gov/Archives/edgar/data/929887/000092988716000174/0000929887-16-000174-index.htm",
        "finalLink": "https://www.sec.gov/Archives/edgar/data/929887/000092988716000174/apol-feb29201610q.htm"
    },
    {
        "date": "2015-11-30",
        "symbol": "APOL",
        "reportedCurrency": "USD",
        "cik": "0000929887",
        "fillingDate": "2016-01-11",
        "acceptedDate": "2016-01-11 07:39:44",
        "calendarYear": "2016",
        "period": "Q1",
        "revenue": 586021000,
        "costOfRevenue": 0,
        "grossProfit": 586021000,
        "grossProfitRatio": 1,
        "researchAndDevelopmentExpenses": 0,
        "generalAndAdministrativeExpenses": -23476000,
        "sellingAndMarketingExpenses": 93802000,
        "sellingGeneralAndAdministrativeExpenses": 70326000,
        "otherExpenses": 560944000,
        "operatingExpenses": 631270000,
        "costAndExpenses": 631270000,
        "interestIncome": 0,
        "interestExpense": 1456000,
        "depreciationAndAmortization": 30347000,
        "ebitda": 9652000,
        "ebitdaratio": 0.0164703995,
        "operatingIncome": -45249000,
        "operatingIncomeRatio": -0.0772139565,
        "totalOtherIncomeExpensesNet": -1380000,
        "incomeBeforeTax": -46629000,
        "incomeBeforeTaxRatio": -0.0795688209,
        "incomeTaxExpense": 12239000,
        "netIncome": -34390000,
        "netIncomeRatio": -0.0586839038,
        "eps": -0.32,
        "epsdiluted": -0.32,
        "weightedAverageShsOut": 108446000,
        "weightedAverageShsOutDil": 108446000,
        "link": "https://www.sec.gov/Archives/edgar/data/929887/000092988716000162/0000929887-16-000162-index.htm",
        "finalLink": "https://www.sec.gov/Archives/edgar/data/929887/000092988716000162/apol-nov30201510q.htm"
    },
    {
        "date": "2015-08-31",
        "symbol": "APOL",
        "reportedCurrency": "USD",
        "cik": "0000929887",
        "fillingDate": "2015-10-22",
        "acceptedDate": "2015-10-22 07:42:45",
        "calendarYear": "2015",
        "period": "Q4",
        "revenue": 587172000,
        "costOfRevenue": 0,
        "grossProfit": 587172000,
        "grossProfitRatio": 1,
        "researchAndDevelopmentExpenses": 0,
        "generalAndAdministrativeExpenses": -46617000,
        "sellingAndMarketingExpenses": 112040000,
        "sellingGeneralAndAdministrativeExpenses": 65423000,
        "otherExpenses": 503425000,
        "operatingExpenses": 568848000,
        "costAndExpenses": 568848000,
        "interestIncome": 0,
        "interestExpense": 1479000,
        "depreciationAndAmortization": 45723000,
        "ebitda": 40535000,
        "ebitdaratio": 0.0690342864,
        "operatingIncome": 18324000,
        "operatingIncomeRatio": 0.0312072102,
        "totalOtherIncomeExpensesNet": -1806000,
        "incomeBeforeTax": 16518000,
        "incomeBeforeTaxRatio": 0.0281314504,
        "incomeTaxExpense": 12809000,
        "netIncome": -19476000,
        "netIncomeRatio": -0.0331691566,
        "eps": -0.18,
        "epsdiluted": -0.18,
        "weightedAverageShsOut": 108092000,
        "weightedAverageShsOutDil": 109038000,
        "link": "https://www.sec.gov/Archives/edgar/data/929887/000092988715000131/0000929887-15-000131-index.htm",
        "finalLink": "https://www.sec.gov/Archives/edgar/data/929887/000092988715000131/apol-aug31201510k.htm"
    },
    {
        "date": "2015-05-31",
        "symbol": "APOL",
        "reportedCurrency": "USD",
        "cik": "0000929887",
        "fillingDate": "2015-06-29",
        "acceptedDate": "2015-06-29 16:10:26",
        "calendarYear": "2015",
        "period": "Q3",
        "revenue": 681481000,
        "costOfRevenue": 0,
        "grossProfit": 681481000,
        "grossProfitRatio": 1,
        "researchAndDevelopmentExpenses": 0,
        "generalAndAdministrativeExpenses": -54231000,
        "sellingAndMarketingExpenses": 119505000,
        "sellingGeneralAndAdministrativeExpenses": 65274000,
        "otherExpenses": 525555000,
        "operatingExpenses": 590829000,
        "costAndExpenses": 590829000,
        "interestIncome": 0,
        "interestExpense": 1715000,
        "depreciationAndAmortization": 33491000,
        "ebitda": 123490000,
        "ebitdaratio": 0.1812082802,
        "operatingIncome": 90652000,
        "operatingIncomeRatio": 0.1330220505,
        "totalOtherIncomeExpensesNet": -2992000,
        "incomeBeforeTax": 87660000,
        "incomeBeforeTaxRatio": 0.1286316126,
        "incomeTaxExpense": 40220000,
        "netIncome": 48064000,
        "netIncomeRatio": 0.0705287455,
        "eps": 0.44,
        "epsdiluted": 0.44,
        "weightedAverageShsOut": 108140000,
        "weightedAverageShsOutDil": 109124000,
        "link": "https://www.sec.gov/Archives/edgar/data/929887/000092988715000050/0000929887-15-000050-index.htm",
        "finalLink": "https://www.sec.gov/Archives/edgar/data/929887/000092988715000050/apol-may31201510q.htm"
    },
    {
        "date": "2015-02-28",
        "symbol": "APOL",
        "reportedCurrency": "USD",
        "cik": "0000929887",
        "fillingDate": "2015-03-25",
        "acceptedDate": "2015-03-25 07:50:29",
        "calendarYear": "2015",
        "period": "Q2",
        "revenue": 578572000,
        "costOfRevenue": 0,
        "grossProfit": 578572000,
        "grossProfitRatio": 1,
        "researchAndDevelopmentExpenses": 0,
        "generalAndAdministrativeExpenses": -56823000,
        "sellingAndMarketingExpenses": 127421000,
        "sellingGeneralAndAdministrativeExpenses": 70598000,
        "otherExpenses": 562500000,
        "operatingExpenses": 633098000,
        "costAndExpenses": 633098000,
        "interestIncome": 0,
        "interestExpense": 1739000,
        "depreciationAndAmortization": 36005000,
        "ebitda": 32407000,
        "ebitdaratio": 0.0560120434,
        "operatingIncome": -54526000,
        "operatingIncomeRatio": -0.0942423761,
        "totalOtherIncomeExpensesNet": -2145000,
        "incomeBeforeTax": -56671000,
        "incomeBeforeTaxRatio": -0.0979497798,
        "incomeTaxExpense": 20533000,
        "netIncome": -25870000,
        "netIncomeRatio": -0.0447135361,
        "eps": -0.24,
        "epsdiluted": -0.24,
        "weightedAverageShsOut": 108375000,
        "weightedAverageShsOutDil": 109337000,
        "link": "https://www.sec.gov/Archives/edgar/data/929887/000092988715000029/0000929887-15-000029-index.htm",
        "finalLink": "https://www.sec.gov/Archives/edgar/data/929887/000092988715000029/apol-feb28201510q.htm"
    },
    {
        "date": "2014-11-30",
        "symbol": "APOL",
        "reportedCurrency": "USD",
        "cik": "0000929887",
        "fillingDate": "2015-01-08",
        "acceptedDate": "2015-01-08 07:40:18",
        "calendarYear": "2015",
        "period": "Q1",
        "revenue": 719052000,
        "costOfRevenue": 0,
        "grossProfit": 719052000,
        "grossProfitRatio": 1,
        "researchAndDevelopmentExpenses": 0,
        "generalAndAdministrativeExpenses": -56426000,
        "sellingAndMarketingExpenses": 128793000,
        "sellingGeneralAndAdministrativeExpenses": 72367000,
        "otherExpenses": 586191000,
        "operatingExpenses": 658558000,
        "costAndExpenses": 658558000,
        "interestIncome": 0,
        "interestExpense": 1662000,
        "depreciationAndAmortization": 39490000,
        "ebitda": 100604000,
        "ebitdaratio": 0.1399119952,
        "operatingIncome": 60494000,
        "operatingIncomeRatio": 0.0841302159,
        "totalOtherIncomeExpensesNet": -2358000,
        "incomeBeforeTax": 58136000,
        "incomeBeforeTaxRatio": 0.0808508981,
        "incomeTaxExpense": 25667000,
        "netIncome": 33785000,
        "netIncomeRatio": 0.0469854753,
        "eps": 0.31,
        "epsdiluted": 0.31,
        "weightedAverageShsOut": 108581000,
        "weightedAverageShsOutDil": 109378000,
        "link": "https://www.sec.gov/Archives/edgar/data/929887/000092988715000011/0000929887-15-000011-index.htm",
        "finalLink": "https://www.sec.gov/Archives/edgar/data/929887/000092988715000011/apol-nov30201410q.htm"
    },
    {
        "date": "2014-08-31",
        "symbol": "APOL",
        "reportedCurrency": "USD",
        "cik": "0000929887",
        "fillingDate": "2014-10-21",
        "acceptedDate": "2014-10-21 07:41:14",
        "calendarYear": "2014",
        "period": "Q4",
        "revenue": 688866000,
        "costOfRevenue": 0,
        "grossProfit": 688866000,
        "grossProfitRatio": 1,
        "researchAndDevelopmentExpenses": 0,
        "generalAndAdministrativeExpenses": -67185000,
        "sellingAndMarketingExpenses": 136545000,
        "sellingGeneralAndAdministrativeExpenses": 69360000,
        "otherExpenses": 570523000,
        "operatingExpenses": 639883000,
        "costAndExpenses": 639883000,
        "interestIncome": 0,
        "interestExpense": 1930000,
        "depreciationAndAmortization": 40472000,
        "ebitda": 83483000,
        "ebitdaratio": 0.1211890266,
        "operatingIncome": 48983000,
        "operatingIncomeRatio": 0.0711067174,
        "totalOtherIncomeExpensesNet": -2497000,
        "incomeBeforeTax": 46486000,
        "incomeBeforeTaxRatio": 0.0674819196,
        "incomeTaxExpense": 11298000,
        "netIncome": 29783000,
        "netIncomeRatio": 0.0432348236,
        "eps": 0.27,
        "epsdiluted": 0.26,
        "weightedAverageShsOut": 111354000,
        "weightedAverageShsOutDil": 112610000,
        "link": "https://www.sec.gov/Archives/edgar/data/929887/000092988714000160/0000929887-14-000160-index.htm",
        "finalLink": "https://www.sec.gov/Archives/edgar/data/929887/000092988714000160/apol-aug31201410k.htm"
    },
    {
        "date": "2014-05-31",
        "symbol": "APOL",
        "reportedCurrency": "USD",
        "cik": "0000929887",
        "fillingDate": "2014-06-25",
        "acceptedDate": "2014-06-25 07:41:45",
        "calendarYear": "2014",
        "period": "Q3",
        "revenue": 799919000,
        "costOfRevenue": 0,
        "grossProfit": 799919000,
        "grossProfitRatio": 1,
        "researchAndDevelopmentExpenses": 0,
        "generalAndAdministrativeExpenses": -64250000,
        "sellingAndMarketingExpenses": 139868000,
        "sellingGeneralAndAdministrativeExpenses": 75618000,
        "otherExpenses": 611237000,
        "operatingExpenses": 686855000,
        "costAndExpenses": 686855000,
        "interestIncome": 0,
        "interestExpense": 1915000,
        "depreciationAndAmortization": 39564000,
        "ebitda": 153812000,
        "ebitdaratio": 0.1922844688,
        "operatingIncome": 113064000,
        "operatingIncomeRatio": 0.1413443111,
        "totalOtherIncomeExpensesNet": -1746000,
        "incomeBeforeTax": 111318000,
        "incomeBeforeTaxRatio": 0.1391615901,
        "incomeTaxExpense": 46308000,
        "netIncome": 66025000,
        "netIncomeRatio": 0.0825396071,
        "eps": 0.59,
        "epsdiluted": 0.58,
        "weightedAverageShsOut": 112024000,
        "weightedAverageShsOutDil": 113129000,
        "link": "https://www.sec.gov/Archives/edgar/data/929887/000092988714000064/0000929887-14-000064-index.htm",
        "finalLink": "https://www.sec.gov/Archives/edgar/data/929887/000092988714000064/apol-may312014x10q.htm"
    },
    {
        "date": "2014-02-28",
        "symbol": "APOL",
        "reportedCurrency": "USD",
        "cik": "0000929887",
        "fillingDate": "2014-04-01",
        "acceptedDate": "2014-04-01 16:04:36",
        "calendarYear": "2014",
        "period": "Q2",
        "revenue": 679058000,
        "costOfRevenue": 0,
        "grossProfit": 679058000,
        "grossProfitRatio": 1,
        "researchAndDevelopmentExpenses": 0,
        "generalAndAdministrativeExpenses": -75716000,
        "sellingAndMarketingExpenses": 143392000,
        "sellingGeneralAndAdministrativeExpenses": 67676000,
        "otherExpenses": 604252000,
        "operatingExpenses": 671928000,
        "costAndExpenses": 671928000,
        "interestIncome": 0,
        "interestExpense": 1983000,
        "depreciationAndAmortization": 38975000,
        "ebitda": 61887000,
        "ebitdaratio": 0.091136545,
        "operatingIncome": 7130000,
        "operatingIncomeRatio": 0.0104998395,
        "totalOtherIncomeExpensesNet": -1277000,
        "incomeBeforeTax": 5853000,
        "incomeBeforeTaxRatio": 0.0086192932,
        "incomeTaxExpense": 6324000,
        "netIncome": 14605000,
        "netIncomeRatio": 0.0215077357,
        "eps": 0.13,
        "epsdiluted": 0.13,
        "weightedAverageShsOut": 112742000,
        "weightedAverageShsOutDil": 113676000,
        "link": "https://www.sec.gov/Archives/edgar/data/929887/000092988714000036/0000929887-14-000036-index.htm",
        "finalLink": "https://www.sec.gov/Archives/edgar/data/929887/000092988714000036/apol-feb282014x10q.htm"
    },
    {
        "date": "2013-11-30",
        "symbol": "APOL",
        "reportedCurrency": "USD",
        "cik": "0000929887",
        "fillingDate": "2014-01-07",
        "acceptedDate": "2014-01-07 16:19:42",
        "calendarYear": "2014",
        "period": "Q1",
        "revenue": 856335000,
        "costOfRevenue": 0,
        "grossProfit": 856335000,
        "grossProfitRatio": 1,
        "researchAndDevelopmentExpenses": 0,
        "generalAndAdministrativeExpenses": -62614000,
        "sellingAndMarketingExpenses": 137844000,
        "sellingGeneralAndAdministrativeExpenses": 75230000,
        "otherExpenses": 611311000,
        "operatingExpenses": 686541000,
        "costAndExpenses": 686541000,
        "interestIncome": 0,
        "interestExpense": 2086000,
        "depreciationAndAmortization": 39144000,
        "ebitda": 210163000,
        "ebitdaratio": 0.2454214764,
        "operatingIncome": 169794000,
        "operatingIncomeRatio": 0.1982798788,
        "totalOtherIncomeExpensesNet": -711000,
        "incomeBeforeTax": 169083000,
        "incomeBeforeTaxRatio": 0.1974495962,
        "incomeTaxExpense": 70042000,
        "netIncome": 98891000,
        "netIncomeRatio": 0.1154816748,
        "eps": 0.87,
        "epsdiluted": 0.87,
        "weightedAverageShsOut": 113326000,
        "weightedAverageShsOutDil": 113960000,
        "link": "https://www.sec.gov/Archives/edgar/data/929887/000092988714000006/0000929887-14-000006-index.htm",
        "finalLink": "https://www.sec.gov/Archives/edgar/data/929887/000092988714000006/apol-nov302013x10q.htm"
    },
    {
        "date": "2013-08-31",
        "symbol": "APOL",
        "reportedCurrency": "USD",
        "cik": "0000929887",
        "fillingDate": "2013-10-22",
        "acceptedDate": "2013-10-22 16:14:24",
        "calendarYear": "2013",
        "period": "Q4",
        "revenue": 844981000,
        "costOfRevenue": 0,
        "grossProfit": 844981000,
        "grossProfitRatio": 1,
        "researchAndDevelopmentExpenses": 0,
        "generalAndAdministrativeExpenses": -76814000,
        "sellingAndMarketingExpenses": 168589000,
        "sellingGeneralAndAdministrativeExpenses": 91775000,
        "otherExpenses": 718471000,
        "operatingExpenses": 810246000,
        "costAndExpenses": 810246000,
        "interestIncome": 0,
        "interestExpense": 2671000,
        "depreciationAndAmortization": 48788000,
        "ebitda": 85744000,
        "ebitdaratio": 0.101474471,
        "operatingIncome": 34735000,
        "operatingIncomeRatio": 0.0411074332,
        "totalOtherIncomeExpensesNet": -605000,
        "incomeBeforeTax": 34130000,
        "incomeBeforeTaxRatio": 0.0403914408,
        "incomeTaxExpense": 12734000,
        "netIncome": 21551000,
        "netIncomeRatio": 0.0255047155,
        "eps": 0.19,
        "epsdiluted": 0.19,
        "weightedAverageShsOut": 112712000,
        "weightedAverageShsOutDil": 113285000,
        "link": "https://www.sec.gov/Archives/edgar/data/929887/000092988713000150/0000929887-13-000150-index.htm",
        "finalLink": "https://www.sec.gov/Archives/edgar/data/929887/000092988713000150/apol-aug312013x10k.htm"
    },
    {
        "date": "2013-05-31",
        "symbol": "APOL",
        "reportedCurrency": "USD",
        "cik": "0000929887",
        "fillingDate": "2013-06-25",
        "acceptedDate": "2013-06-25 16:36:22",
        "calendarYear": "2013",
        "period": "Q3",
        "revenue": 946774000,
        "costOfRevenue": 0,
        "grossProfit": 946774000,
        "grossProfitRatio": 1,
        "researchAndDevelopmentExpenses": 0,
        "generalAndAdministrativeExpenses": -74201000,
        "sellingAndMarketingExpenses": 156918000,
        "sellingGeneralAndAdministrativeExpenses": 82717000,
        "otherExpenses": 732104000,
        "operatingExpenses": 814821000,
        "costAndExpenses": 814821000,
        "interestIncome": 0,
        "interestExpense": 1940000,
        "depreciationAndAmortization": 52263000,
        "ebitda": 183643000,
        "ebitdaratio": 0.1939670925,
        "operatingIncome": 131953000,
        "operatingIncomeRatio": 0.1393711699,
        "totalOtherIncomeExpensesNet": -2296000,
        "incomeBeforeTax": 129657000,
        "incomeBeforeTaxRatio": 0.1369460927,
        "incomeTaxExpense": 49487000,
        "netIncome": 79953000,
        "netIncomeRatio": 0.0844478196,
        "eps": 0.71,
        "epsdiluted": 0.71,
        "weightedAverageShsOut": 112579000,
        "weightedAverageShsOutDil": 113121000,
        "link": "https://www.sec.gov/Archives/edgar/data/929887/000092988713000038/0000929887-13-000038-index.htm",
        "finalLink": "https://www.sec.gov/Archives/edgar/data/929887/000092988713000038/apol-may312013x10q.htm"
    },
    {
        "date": "2013-02-28",
        "symbol": "APOL",
        "reportedCurrency": "USD",
        "cik": "0000929887",
        "fillingDate": "2013-03-25",
        "acceptedDate": "2013-03-25 07:11:19",
        "calendarYear": "2013",
        "period": "Q2",
        "revenue": 834372000,
        "costOfRevenue": 0,
        "grossProfit": 834372000,
        "grossProfitRatio": 1,
        "researchAndDevelopmentExpenses": 0,
        "generalAndAdministrativeExpenses": -92095000,
        "sellingAndMarketingExpenses": 173313000,
        "sellingGeneralAndAdministrativeExpenses": 81218000,
        "otherExpenses": 723374000,
        "operatingExpenses": 804592000,
        "costAndExpenses": 804592000,
        "interestIncome": 0,
        "interestExpense": 2092000,
        "depreciationAndAmortization": 66188000,
        "ebitda": 96098000,
        "ebitdaratio": 0.1151740471,
        "operatingIncome": 29780000,
        "operatingIncomeRatio": 0.0356915141,
        "totalOtherIncomeExpensesNet": -1830000,
        "incomeBeforeTax": 27950000,
        "incomeBeforeTaxRatio": 0.0334982478,
        "incomeTaxExpense": 14291000,
        "netIncome": 13527000,
        "netIncomeRatio": 0.0162121931,
        "eps": 0.12,
        "epsdiluted": 0.12,
        "weightedAverageShsOut": 112496000,
        "weightedAverageShsOutDil": 112984000,
        "link": "https://www.sec.gov/Archives/edgar/data/929887/000092988713000015/0000929887-13-000015-index.htm",
        "finalLink": "https://www.sec.gov/Archives/edgar/data/929887/000092988713000015/apol-feb282013x10q.htm"
    },
    {
        "date": "2012-11-30",
        "symbol": "APOL",
        "reportedCurrency": "USD",
        "cik": "0000929887",
        "fillingDate": "2013-01-08",
        "acceptedDate": "2013-01-08 16:07:03",
        "calendarYear": "2013",
        "period": "Q1",
        "revenue": 1055183000,
        "costOfRevenue": 0,
        "grossProfit": 1055183000,
        "grossProfitRatio": 1,
        "researchAndDevelopmentExpenses": 0,
        "generalAndAdministrativeExpenses": -89334000,
        "sellingAndMarketingExpenses": 162873000,
        "sellingGeneralAndAdministrativeExpenses": 73539000,
        "otherExpenses": 750698000,
        "operatingExpenses": 824237000,
        "costAndExpenses": 824237000,
        "interestIncome": 0,
        "interestExpense": 2042000,
        "depreciationAndAmortization": 56761000,
        "ebitda": 289810000,
        "ebitdaratio": 0.2746537804,
        "operatingIncome": 230946000,
        "operatingIncomeRatio": 0.2188681963,
        "totalOtherIncomeExpensesNet": 306000,
        "incomeBeforeTax": 231252000,
        "incomeBeforeTaxRatio": 0.2191581934,
        "incomeTaxExpense": 97512000,
        "netIncome": 133495000,
        "netIncomeRatio": 0.1265136,
        "eps": 1.19,
        "epsdiluted": 1.18,
        "weightedAverageShsOut": 112420000,
        "weightedAverageShsOutDil": 112849000,
        "link": "https://www.sec.gov/Archives/edgar/data/929887/000092988713000005/0000929887-13-000005-index.htm",
        "finalLink": "https://www.sec.gov/Archives/edgar/data/929887/000092988713000005/apol-nov302012x10q.htm"
    },
    {
        "date": "2012-08-31",
        "symbol": "APOL",
        "reportedCurrency": "USD",
        "cik": "0000929887",
        "fillingDate": "2012-10-22",
        "acceptedDate": "2012-10-22 16:11:11",
        "calendarYear": "2012",
        "period": "Q4",
        "revenue": 974287000,
        "costOfRevenue": 0,
        "grossProfit": 974287000,
        "grossProfitRatio": 1,
        "researchAndDevelopmentExpenses": 0,
        "generalAndAdministrativeExpenses": -87190000,
        "sellingAndMarketingExpenses": 179462000,
        "sellingGeneralAndAdministrativeExpenses": 92272000,
        "otherExpenses": 801981000,
        "operatingExpenses": 894253000,
        "costAndExpenses": 894253000,
        "interestIncome": 0,
        "interestExpense": 5127000,
        "depreciationAndAmortization": 48702000,
        "ebitda": 164460000,
        "ebitdaratio": 0.1688003638,
        "operatingIncome": 80034000,
        "operatingIncomeRatio": 0.0821462259,
        "totalOtherIncomeExpensesNet": -4505000,
        "incomeBeforeTax": 75529000,
        "incomeBeforeTaxRatio": 0.0775223317,
        "incomeTaxExpense": 35183000,
        "netIncome": 75448000,
        "netIncomeRatio": 0.077439194,
        "eps": 0.62,
        "epsdiluted": 0.62,
        "weightedAverageShsOut": 121607000,
        "weightedAverageShsOutDil": 122357000,
        "link": "https://www.sec.gov/Archives/edgar/data/929887/000092988712000107/0000929887-12-000107-index.htm",
        "finalLink": "https://www.sec.gov/Archives/edgar/data/929887/000092988712000107/apol-aug312012x10xk.htm"
    },
    {
        "date": "2012-05-31",
        "symbol": "APOL",
        "reportedCurrency": "USD",
        "cik": "0000929887",
        "fillingDate": "2012-06-25",
        "acceptedDate": "2012-06-25 16:09:53",
        "calendarYear": "2012",
        "period": "Q3",
        "revenue": 1130808000,
        "costOfRevenue": 0,
        "grossProfit": 1130808000,
        "grossProfitRatio": 1,
        "researchAndDevelopmentExpenses": 0,
        "generalAndAdministrativeExpenses": -70797000,
        "sellingAndMarketingExpenses": 158881000,
        "sellingGeneralAndAdministrativeExpenses": 88084000,
        "otherExpenses": 817170000,
        "operatingExpenses": 905254000,
        "costAndExpenses": 905254000,
        "interestIncome": 0,
        "interestExpense": 2830000,
        "depreciationAndAmortization": 49091000,
        "ebitda": 274114000,
        "ebitdaratio": 0.2424054305,
        "operatingIncome": 225554000,
        "operatingIncomeRatio": 0.1994626851,
        "totalOtherIncomeExpensesNet": -3013000,
        "incomeBeforeTax": 222541000,
        "incomeBeforeTaxRatio": 0.1967982186,
        "incomeTaxExpense": 88159000,
        "netIncome": 134034000,
        "netIncomeRatio": 0.1185294055,
        "eps": 1.08,
        "epsdiluted": 1.07,
        "weightedAverageShsOut": 124560000,
        "weightedAverageShsOutDil": 125335000,
        "link": "https://www.sec.gov/Archives/edgar/data/929887/000092988712000015/0000929887-12-000015-index.htm",
        "finalLink": "https://www.sec.gov/Archives/edgar/data/929887/000092988712000015/apol-may312012x10xq.htm"
    },
    {
        "date": "2012-02-29",
        "symbol": "APOL",
        "reportedCurrency": "USD",
        "cik": "0000929887",
        "fillingDate": "2012-03-26",
        "acceptedDate": "2012-03-26 16:45:47",
        "calendarYear": "2012",
        "period": "Q2",
        "revenue": 969552000,
        "costOfRevenue": 0,
        "grossProfit": 969552000,
        "grossProfitRatio": 1,
        "researchAndDevelopmentExpenses": 0,
        "generalAndAdministrativeExpenses": -75254000,
        "sellingAndMarketingExpenses": 159254000,
        "sellingGeneralAndAdministrativeExpenses": 84000000,
        "otherExpenses": 779288000,
        "operatingExpenses": 863288000,
        "costAndExpenses": 863288000,
        "interestIncome": 0,
        "interestExpense": 1789000,
        "depreciationAndAmortization": 45864000,
        "ebitda": 155333000,
        "ebitdaratio": 0.1602111078,
        "operatingIncome": 106264000,
        "operatingIncomeRatio": 0.1096011354,
        "totalOtherIncomeExpensesNet": -1295000,
        "incomeBeforeTax": 104969000,
        "incomeBeforeTaxRatio": 0.1082654669,
        "incomeTaxExpense": 43798000,
        "netIncome": 63882000,
        "netIncomeRatio": 0.0658881628,
        "eps": 0.5,
        "epsdiluted": 0.5,
        "weightedAverageShsOut": 127808000,
        "weightedAverageShsOutDil": 128729000,
        "link": "https://www.sec.gov/Archives/edgar/data/929887/000092988712000010/0000929887-12-000010-index.htm",
        "finalLink": "https://www.sec.gov/Archives/edgar/data/929887/000092988712000010/apol-feb292012x10xq.htm"
    },
    {
        "date": "2011-11-30",
        "symbol": "APOL",
        "reportedCurrency": "USD",
        "cik": "0000929887",
        "fillingDate": "2012-01-05",
        "acceptedDate": "2012-01-05 16:24:31",
        "calendarYear": "2012",
        "period": "Q1",
        "revenue": 1178690000,
        "costOfRevenue": 0,
        "grossProfit": 1178690000,
        "grossProfitRatio": 1,
        "researchAndDevelopmentExpenses": 0,
        "generalAndAdministrativeExpenses": -85901000,
        "sellingAndMarketingExpenses": 165845000,
        "sellingGeneralAndAdministrativeExpenses": 79944000,
        "otherExpenses": 834261000,
        "operatingExpenses": 914205000,
        "costAndExpenses": 914205000,
        "interestIncome": 0,
        "interestExpense": 1999000,
        "depreciationAndAmortization": 50087000,
        "ebitda": 317332000,
        "ebitdaratio": 0.2692243083,
        "operatingIncome": 264485000,
        "operatingIncomeRatio": 0.2243889403,
        "totalOtherIncomeExpensesNet": -1269000,
        "incomeBeforeTax": 263216000,
        "incomeBeforeTaxRatio": 0.2233123213,
        "incomeTaxExpense": 115932000,
        "netIncome": 149314000,
        "netIncomeRatio": 0.1266779221,
        "eps": 1.15,
        "epsdiluted": 1.14,
        "weightedAverageShsOut": 130318000,
        "weightedAverageShsOutDil": 130874000,
        "link": "https://www.sec.gov/Archives/edgar/data/929887/000092988712000003/0000929887-12-000003-index.htm",
        "finalLink": "https://www.sec.gov/Archives/edgar/data/929887/000092988712000003/apol-nov302011x10xq.htm"
    },
    {
        "date": "2011-08-31",
        "symbol": "APOL",
        "reportedCurrency": "USD",
        "cik": "0000929887",
        "fillingDate": "2011-10-20",
        "acceptedDate": "2011-10-20 15:07:16",
        "calendarYear": "2011",
        "period": "Q4",
        "revenue": 1122121000,
        "costOfRevenue": 0,
        "grossProfit": 1122121000,
        "grossProfitRatio": 1,
        "researchAndDevelopmentExpenses": 0,
        "generalAndAdministrativeExpenses": -72294000,
        "sellingAndMarketingExpenses": 170970000,
        "sellingGeneralAndAdministrativeExpenses": 98676000,
        "otherExpenses": 792765000,
        "operatingExpenses": 891441000,
        "costAndExpenses": 891441000,
        "interestIncome": 0,
        "interestExpense": 2724000,
        "depreciationAndAmortization": 49936000,
        "ebitda": 285894000,
        "ebitdaratio": 0.2547800104,
        "operatingIncome": 230680000,
        "operatingIncomeRatio": 0.2055749781,
        "totalOtherIncomeExpensesNet": -2122000,
        "incomeBeforeTax": 228558000,
        "incomeBeforeTaxRatio": 0.2036839164,
        "incomeTaxExpense": 44622000,
        "netIncome": 188612000,
        "netIncomeRatio": 0.16808526,
        "eps": 1.34,
        "epsdiluted": 1.33,
        "weightedAverageShsOut": 141269000,
        "weightedAverageShsOutDil": 141750000,
        "link": "https://www.sec.gov/Archives/edgar/data/929887/000144530511003026/0001445305-11-003026-index.htm",
        "finalLink": "https://www.sec.gov/Archives/edgar/data/929887/000144530511003026/apol-aug312011x10xk.htm"
    },
    {
        "date": "2011-05-31",
        "symbol": "APOL",
        "reportedCurrency": "USD",
        "cik": "0000929887",
        "fillingDate": "2011-06-30",
        "acceptedDate": "2011-06-30 16:05:51",
        "calendarYear": "2011",
        "period": "Q3",
        "revenue": 1235837000,
        "costOfRevenue": 0,
        "grossProfit": 1235837000,
        "grossProfitRatio": 1,
        "researchAndDevelopmentExpenses": 0,
        "generalAndAdministrativeExpenses": -73177000,
        "sellingAndMarketingExpenses": 161034000,
        "sellingGeneralAndAdministrativeExpenses": 87857000,
        "otherExpenses": 801492000,
        "operatingExpenses": 889349000,
        "costAndExpenses": 889349000,
        "interestIncome": 0,
        "interestExpense": 2383000,
        "depreciationAndAmortization": 44625000,
        "ebitda": 389833000,
        "ebitdaratio": 0.3154404667,
        "operatingIncome": 346488000,
        "operatingIncomeRatio": 0.2803670711,
        "totalOtherIncomeExpensesNet": -3378000,
        "incomeBeforeTax": 343110000,
        "incomeBeforeTaxRatio": 0.2776337009,
        "incomeTaxExpense": 130385000,
        "netIncome": 212440000,
        "netIncomeRatio": 0.1718996923,
        "eps": 1.49,
        "epsdiluted": 1.48,
        "weightedAverageShsOut": 142845000,
        "weightedAverageShsOutDil": 143222000,
        "link": "https://www.sec.gov/Archives/edgar/data/929887/000095012311063265/0000950123-11-063265-index.htm",
        "finalLink": "https://www.sec.gov/Archives/edgar/data/929887/000095012311063265/p18932e10vq.htm"
    },
    {
        "date": "2011-02-28",
        "symbol": "APOL",
        "reportedCurrency": "USD",
        "cik": "0000929887",
        "fillingDate": "2011-03-29",
        "acceptedDate": "2011-03-29 07:02:26",
        "calendarYear": "2011",
        "period": "Q2",
        "revenue": 1048629000,
        "costOfRevenue": 0,
        "grossProfit": 1048629000,
        "grossProfitRatio": 1,
        "researchAndDevelopmentExpenses": 0,
        "generalAndAdministrativeExpenses": -72871000,
        "sellingAndMarketingExpenses": 157215000,
        "sellingGeneralAndAdministrativeExpenses": 84344000,
        "otherExpenses": 987325000,
        "operatingExpenses": 1071669000,
        "costAndExpenses": 1071669000,
        "interestIncome": 0,
        "interestExpense": 1654000,
        "depreciationAndAmortization": 42634000,
        "ebitda": 512582000,
        "ebitdaratio": 0.4888115816,
        "operatingIncome": -23040000,
        "operatingIncomeRatio": -0.0219715457,
        "totalOtherIncomeExpensesNet": -556000,
        "incomeBeforeTax": -23596000,
        "incomeBeforeTaxRatio": -0.0225017618,
        "incomeTaxExpense": 76052000,
        "netIncome": 392242000,
        "netIncomeRatio": 0.3740522148,
        "eps": 2.72,
        "epsdiluted": 2.71,
        "weightedAverageShsOut": 144364000,
        "weightedAverageShsOutDil": 144658000,
        "link": "https://www.sec.gov/Archives/edgar/data/929887/000095012311029970/0000950123-11-029970-index.htm",
        "finalLink": "https://www.sec.gov/Archives/edgar/data/929887/000095012311029970/p18762e10vq.htm"
    },
    {
        "date": "2010-11-30",
        "symbol": "APOL",
        "reportedCurrency": "USD",
        "cik": "0000929887",
        "fillingDate": "2011-01-10",
        "acceptedDate": "2011-01-10 16:09:34",
        "calendarYear": "2011",
        "period": "Q1",
        "revenue": 1326435000,
        "costOfRevenue": 0,
        "grossProfit": 1326435000,
        "grossProfitRatio": 1,
        "researchAndDevelopmentExpenses": 0,
        "generalAndAdministrativeExpenses": -81269000,
        "sellingAndMarketingExpenses": 166143000,
        "sellingGeneralAndAdministrativeExpenses": 84874000,
        "otherExpenses": 834445000,
        "operatingExpenses": 919319000,
        "costAndExpenses": 919319000,
        "interestIncome": 0,
        "interestExpense": 2170000,
        "depreciationAndAmortization": 40633000,
        "ebitda": 447795000,
        "ebitdaratio": 0.3375928711,
        "operatingIncome": 407116000,
        "operatingIncomeRatio": 0.306924953,
        "totalOtherIncomeExpensesNet": -1241000,
        "incomeBeforeTax": 405875000,
        "incomeBeforeTaxRatio": 0.3059893625,
        "incomeTaxExpense": 169579000,
        "netIncome": 235413000,
        "netIncomeRatio": 0.1774779767,
        "eps": 1.61,
        "epsdiluted": 1.61,
        "weightedAverageShsOut": 146352000,
        "weightedAverageShsOutDil": 146663000,
        "link": "https://www.sec.gov/Archives/edgar/data/929887/000095012311001789/0000950123-11-001789-index.htm",
        "finalLink": "https://www.sec.gov/Archives/edgar/data/929887/000095012311001789/p18467e10vq.htm"
    },
    {
        "date": "2010-08-31",
        "symbol": "APOL",
        "reportedCurrency": "USD",
        "cik": "0000929887",
        "fillingDate": "2010-10-21",
        "acceptedDate": "2010-10-20 18:22:04",
        "calendarYear": "2010",
        "period": "Q4",
        "revenue": 1259420000,
        "costOfRevenue": 547700000,
        "grossProfit": 711720000,
        "grossProfitRatio": 0.5651172762,
        "researchAndDevelopmentExpenses": 0,
        "generalAndAdministrativeExpenses": -210513000,
        "sellingAndMarketingExpenses": 301562000,
        "sellingGeneralAndAdministrativeExpenses": 91049000,
        "otherExpenses": 1026002000,
        "operatingExpenses": 1117051000,
        "costAndExpenses": 1664751000,
        "interestIncome": 0,
        "interestExpense": 3784000,
        "depreciationAndAmortization": 62302000,
        "ebitda": 229685000,
        "ebitdaratio": 0.1823736323,
        "operatingIncome": 142369000,
        "operatingIncomeRatio": 0.1130433056,
        "totalOtherIncomeExpensesNet": -1772000,
        "incomeBeforeTax": 140597000,
        "incomeBeforeTaxRatio": 0.1116363088,
        "incomeTaxExpense": 122628000,
        "netIncome": 40971000,
        "netIncomeRatio": 0.0325316415,
        "eps": 0.27,
        "epsdiluted": 0.27,
        "weightedAverageShsOut": 151955000,
        "weightedAverageShsOutDil": 152906000,
        "link": "https://www.sec.gov/Archives/edgar/data/929887/000095012310094652/0000950123-10-094652-index.htm",
        "finalLink": "https://www.sec.gov/Archives/edgar/data/929887/000095012310094652/p18193e10vk.htm"
    },
    {
        "date": "2010-05-31",
        "symbol": "APOL",
        "reportedCurrency": "USD",
        "cik": "0000929887",
        "fillingDate": "2010-06-30",
        "acceptedDate": "2010-06-30 16:23:46",
        "calendarYear": "2010",
        "period": "Q3",
        "revenue": 1337404000,
        "costOfRevenue": 540594000,
        "grossProfit": 796810000,
        "grossProfitRatio": 0.5957885575,
        "researchAndDevelopmentExpenses": 0,
        "generalAndAdministrativeExpenses": -193768000,
        "sellingAndMarketingExpenses": 273480000,
        "sellingGeneralAndAdministrativeExpenses": 79712000,
        "otherExpenses": 955386000,
        "operatingExpenses": 1035098000,
        "costAndExpenses": 1575692000,
        "interestIncome": 0,
        "interestExpense": 1979000,
        "depreciationAndAmortization": 33430000,
        "ebitda": 337082000,
        "ebitdaratio": 0.2520420157,
        "operatingIncome": 302306000,
        "operatingIncomeRatio": 0.2260394017,
        "totalOtherIncomeExpensesNet": -2464000,
        "incomeBeforeTax": 299842000,
        "incomeBeforeTaxRatio": 0.2241970265,
        "incomeTaxExpense": 122390000,
        "netIncome": 179283000,
        "netIncomeRatio": 0.1340529862,
        "eps": 1.17,
        "epsdiluted": 1.16,
        "weightedAverageShsOut": 153345000,
        "weightedAverageShsOutDil": 154506000,
        "link": "https://www.sec.gov/Archives/edgar/data/929887/000095012310062788/0000950123-10-062788-index.htm",
        "finalLink": "https://www.sec.gov/Archives/edgar/data/929887/000095012310062788/p17471e10vq.htm"
    },
    {
        "date": "2010-02-28",
        "symbol": "APOL",
        "reportedCurrency": "USD",
        "cik": "0000929887",
        "fillingDate": "2010-03-29",
        "acceptedDate": "2010-03-29 07:01:44",
        "calendarYear": "2010",
        "period": "Q2",
        "revenue": 1616571000,
        "costOfRevenue": 491538000,
        "grossProfit": 1125033000,
        "grossProfitRatio": 0.6959378833,
        "researchAndDevelopmentExpenses": 0,
        "generalAndAdministrativeExpenses": -510148000,
        "sellingAndMarketingExpenses": 537624000,
        "sellingGeneralAndAdministrativeExpenses": 27476000,
        "otherExpenses": 1618912000,
        "operatingExpenses": 1646388000,
        "costAndExpenses": 2137926000,
        "interestIncome": 0,
        "interestExpense": 1315000,
        "depreciationAndAmortization": 39188000,
        "ebitda": 546493000,
        "ebitdaratio": 0.3380569118,
        "operatingIncome": 515433000,
        "operatingIncomeRatio": 0.3188434037,
        "totalOtherIncomeExpensesNet": -607000,
        "incomeBeforeTax": 514826000,
        "incomeBeforeTaxRatio": 0.3184679176,
        "incomeTaxExpense": 207964000,
        "netIncome": 298026000,
        "netIncomeRatio": 0.1843568887,
        "eps": 1.93,
        "epsdiluted": 1.92,
        "weightedAverageShsOut": 154473000,
        "weightedAverageShsOutDil": 155621000,
        "link": "https://www.sec.gov/Archives/edgar/data/929887/000095012310029090/0000950123-10-029090-index.htm",
        "finalLink": "https://www.sec.gov/Archives/edgar/data/929887/000095012310029090/p17150e10vq.htm"
    },
    {
        "date": "2009-11-30",
        "symbol": "APOL",
        "reportedCurrency": "USD",
        "cik": "0000929887",
        "fillingDate": "2010-01-07",
        "acceptedDate": "2010-01-07 16:08:53",
        "calendarYear": "2010",
        "period": "Q1",
        "revenue": 1270301000,
        "costOfRevenue": 0,
        "grossProfit": 1270301000,
        "grossProfitRatio": 1,
        "researchAndDevelopmentExpenses": 0,
        "generalAndAdministrativeExpenses": -203056000,
        "sellingAndMarketingExpenses": 275483000,
        "sellingGeneralAndAdministrativeExpenses": 72427000,
        "otherExpenses": 275483000,
        "operatingExpenses": 347910000,
        "costAndExpenses": 877406000,
        "interestIncome": 0,
        "interestExpense": 2911000,
        "depreciationAndAmortization": 32303000,
        "ebitda": 125428000,
        "ebitdaratio": 0.0987388029,
        "operatingIncome": 392895000,
        "operatingIncomeRatio": 0.3092928369,
        "totalOtherIncomeExpensesNet": -2845000,
        "incomeBeforeTax": 390050000,
        "incomeBeforeTaxRatio": 0.3070532102,
        "incomeTaxExpense": -149918000,
        "netIncome": 240132000,
        "netIncomeRatio": 0.1890355121,
        "eps": 1.55,
        "epsdiluted": 1.54,
        "weightedAverageShsOut": 154473000,
        "weightedAverageShsOutDil": 155621000,
        "link": "https://www.sec.gov/Archives/edgar/data/929887/000095012310000976/0000950123-10-000976-index.htm",
        "finalLink": "https://www.sec.gov/Archives/edgar/data/929887/000095012310000976/p16479e10vq.htm"
    },
    {
        "date": "2009-08-31",
        "symbol": "APOL",
        "reportedCurrency": "USD",
        "cik": "0000929887",
        "fillingDate": "2009-10-27",
        "acceptedDate": "2009-10-27 16:17:23",
        "calendarYear": "2009",
        "period": "Q4",
        "revenue": 1075763000,
        "costOfRevenue": 0,
        "grossProfit": 1075763000,
        "grossProfitRatio": 1,
        "researchAndDevelopmentExpenses": 0,
        "generalAndAdministrativeExpenses": 27596000,
        "sellingAndMarketingExpenses": 262508000,
        "sellingGeneralAndAdministrativeExpenses": 290104000,
        "otherExpenses": 262508000,
        "operatingExpenses": 552612000,
        "costAndExpenses": 885186000,
        "interestIncome": 0,
        "interestExpense": 4460000,
        "depreciationAndAmortization": 27686000,
        "ebitda": 27715000,
        "ebitdaratio": 0.0257631095,
        "operatingIncome": 190577000,
        "operatingIncomeRatio": 0.1771551912,
        "totalOtherIncomeExpensesNet": -6803000,
        "incomeBeforeTax": 183774000,
        "incomeBeforeTaxRatio": 0.1708313076,
        "incomeTaxExpense": -95940000,
        "netIncome": 91509000,
        "netIncomeRatio": 0.0850642753,
        "eps": 0.58,
        "epsdiluted": 0.58,
        "weightedAverageShsOut": 157760000,
        "weightedAverageShsOutDil": 157760000,
        "link": "https://www.sec.gov/Archives/edgar/data/929887/000095012309053647/0000950123-09-053647-index.htm",
        "finalLink": "https://www.sec.gov/Archives/edgar/data/929887/000095012309053647/p16132e10vk.htm"
    },
    {
        "date": "2009-05-31",
        "symbol": "APOL",
        "reportedCurrency": "USD",
        "cik": "0000929887",
        "fillingDate": "2009-06-29",
        "acceptedDate": "2009-06-29 16:05:11",
        "calendarYear": "2009",
        "period": "Q3",
        "revenue": 1051343000,
        "costOfRevenue": 0,
        "grossProfit": 1051343000,
        "grossProfitRatio": 1,
        "researchAndDevelopmentExpenses": 0,
        "generalAndAdministrativeExpenses": -372954000,
        "sellingAndMarketingExpenses": 243633000,
        "sellingGeneralAndAdministrativeExpenses": -129321000,
        "otherExpenses": 243633000,
        "operatingExpenses": 114312000,
        "costAndExpenses": 715353000,
        "interestIncome": 0,
        "interestExpense": 0,
        "depreciationAndAmortization": 26519000,
        "ebitda": 88580000,
        "ebitdaratio": 0.0842541397,
        "operatingIncome": 335990000,
        "operatingIncomeRatio": 0.319581716,
        "totalOtherIncomeExpensesNet": 3665000,
        "incomeBeforeTax": 339655000,
        "incomeBeforeTaxRatio": 0.3230677334,
        "incomeTaxExpense": -139043000,
        "netIncome": 201104000,
        "netIncomeRatio": 0.191282959,
        "eps": 1.27,
        "epsdiluted": 1.27,
        "weightedAverageShsOut": 158960000,
        "weightedAverageShsOutDil": 158960000,
        "link": "https://www.sec.gov/Archives/edgar/data/929887/000095012309018599/0000950123-09-018599-index.htm",
        "finalLink": "https://www.sec.gov/Archives/edgar/data/929887/000095012309018599/p15227e10vq.htm"
    },
    {
        "date": "2009-02-28",
        "symbol": "APOL",
        "reportedCurrency": "USD",
        "cik": "0000929887",
        "fillingDate": "2009-03-31",
        "acceptedDate": "2009-03-31 16:09:09",
        "calendarYear": "2009",
        "period": "Q2",
        "revenue": 876129000,
        "costOfRevenue": 0,
        "grossProfit": 876129000,
        "grossProfitRatio": 1,
        "researchAndDevelopmentExpenses": 0,
        "generalAndAdministrativeExpenses": -154611000,
        "sellingAndMarketingExpenses": 225711000,
        "sellingGeneralAndAdministrativeExpenses": 71100000,
        "otherExpenses": 225711000,
        "operatingExpenses": 296811000,
        "costAndExpenses": 670101000,
        "interestIncome": 0,
        "interestExpense": 0,
        "depreciationAndAmortization": 23441000,
        "ebitda": 65858000,
        "ebitdaratio": 0.0751692958,
        "operatingIncome": 206028000,
        "operatingIncomeRatio": 0.2351571515,
        "totalOtherIncomeExpensesNet": 1977000,
        "incomeBeforeTax": 208005000,
        "incomeBeforeTaxRatio": 0.2374136685,
        "incomeTaxExpense": -82929000,
        "netIncome": 125346000,
        "netIncomeRatio": 0.1430679729,
        "eps": 0.79,
        "epsdiluted": 0.79,
        "weightedAverageShsOut": 159643000,
        "weightedAverageShsOutDil": 159643000,
        "link": "https://www.sec.gov/Archives/edgar/data/929887/000095015309000242/0000950153-09-000242-index.htm",
        "finalLink": "https://www.sec.gov/Archives/edgar/data/929887/000095015309000242/p14236e10vq.htm"
    },
    {
        "date": "2008-11-30",
        "symbol": "APOL",
        "reportedCurrency": "USD",
        "cik": "0000929887",
        "fillingDate": "2009-01-08",
        "acceptedDate": "2009-01-08 16:01:50",
        "calendarYear": "2009",
        "period": "Q1",
        "revenue": 970967000,
        "costOfRevenue": 0,
        "grossProfit": 970967000,
        "grossProfitRatio": 1,
        "researchAndDevelopmentExpenses": 0,
        "generalAndAdministrativeExpenses": -170364000,
        "sellingAndMarketingExpenses": 228585000,
        "sellingGeneralAndAdministrativeExpenses": 58221000,
        "otherExpenses": 228585000,
        "operatingExpenses": 286806000,
        "costAndExpenses": 664102000,
        "interestIncome": 0,
        "interestExpense": 0,
        "depreciationAndAmortization": 22897000,
        "ebitda": 75184000,
        "ebitdaratio": 0.0774320857,
        "operatingIncome": 306865000,
        "operatingIncomeRatio": 0.3160406069,
        "totalOtherIncomeExpensesNet": 1516000,
        "incomeBeforeTax": 308381000,
        "incomeBeforeTaxRatio": 0.317601937,
        "incomeTaxExpense": -128073000,
        "netIncome": 180360000,
        "netIncomeRatio": 0.1857529659,
        "eps": 1.13,
        "epsdiluted": 1.13,
        "weightedAverageShsOut": 159138000,
        "weightedAverageShsOutDil": 159138000,
        "link": "https://www.sec.gov/Archives/edgar/data/929887/000095015309000024/0000950153-09-000024-index.htm",
        "finalLink": "https://www.sec.gov/Archives/edgar/data/929887/000095015309000024/p13858e10vq.htm"
    },
    {
        "date": "2008-08-31",
        "symbol": "APOL",
        "reportedCurrency": "USD",
        "cik": "0000929887",
        "fillingDate": "2008-10-28",
        "acceptedDate": "2008-10-28 16:07:21",
        "calendarYear": "2008",
        "period": "Q4",
        "revenue": 2970965000,
        "costOfRevenue": 0,
        "grossProfit": 2970965000,
        "grossProfitRatio": 1,
        "researchAndDevelopmentExpenses": 0,
        "generalAndAdministrativeExpenses": -175149000,
        "sellingAndMarketingExpenses": 223138000,
        "sellingGeneralAndAdministrativeExpenses": 47989000,
        "otherExpenses": 223138000,
        "operatingExpenses": 271127000,
        "costAndExpenses": 463430000,
        "interestIncome": 0,
        "interestExpense": 0,
        "depreciationAndAmortization": 20653000,
        "ebitda": -212514000,
        "ebitdaratio": -0.071530294,
        "operatingIncome": 367967000,
        "operatingIncomeRatio": 0.1238543705,
        "totalOtherIncomeExpensesNet": 12351000,
        "incomeBeforeTax": 380318000,
        "incomeBeforeTaxRatio": 0.1280116057,
        "incomeTaxExpense": -462760000,
        "netIncome": 229593000,
        "netIncomeRatio": 0.0772789313,
        "eps": 1.4,
        "epsdiluted": 1.4,
        "weightedAverageShsOut": 164109000,
        "weightedAverageShsOutDil": 164109000,
        "link": "https://www.sec.gov/Archives/edgar/data/929887/000095015308001796/0000950153-08-001796-index.htm",
        "finalLink": "https://www.sec.gov/Archives/edgar/data/929887/000095015308001796/p13405e10vk.htm"
    },
    {
        "date": "2008-05-31",
        "symbol": "APOL",
        "reportedCurrency": "USD",
        "cik": "0000929887",
        "fillingDate": "2008-07-01",
        "acceptedDate": "2008-07-01 16:03:01",
        "calendarYear": "2008",
        "period": "Q3",
        "revenue": 1566000,
        "costOfRevenue": 0,
        "grossProfit": 1566000,
        "grossProfitRatio": 1,
        "researchAndDevelopmentExpenses": 0,
        "generalAndAdministrativeExpenses": -142732000,
        "sellingAndMarketingExpenses": 203643000,
        "sellingGeneralAndAdministrativeExpenses": 60911000,
        "otherExpenses": 203643000,
        "operatingExpenses": 264554000,
        "costAndExpenses": 613718000,
        "interestIncome": 0,
        "interestExpense": 0,
        "depreciationAndAmortization": 21562000,
        "ebitda": 246619000,
        "ebitdaratio": 157.4833971903,
        "operatingIncome": 221499000,
        "operatingIncomeRatio": 141.4425287356,
        "totalOtherIncomeExpensesNet": 3329000,
        "incomeBeforeTax": 224828000,
        "incomeBeforeTaxRatio": 143.5683269476,
        "incomeTaxExpense": 85951000,
        "netIncome": 139106000,
        "netIncomeRatio": 88.8288633461,
        "eps": 0.84,
        "epsdiluted": 0.84,
        "weightedAverageShsOut": 165919000,
        "weightedAverageShsOutDil": 165919000,
        "link": "https://www.sec.gov/Archives/edgar/data/929887/000095015308001201/0000950153-08-001201-index.htm",
        "finalLink": "https://www.sec.gov/Archives/edgar/data/929887/000095015308001201/p75720e10vq.htm"
    },
    {
        "date": "2008-02-29",
        "symbol": "APOL",
        "reportedCurrency": "USD",
        "cik": "0000929887",
        "fillingDate": "2008-03-27",
        "acceptedDate": "2008-03-27 16:14:38",
        "calendarYear": "2008",
        "period": "Q2",
        "revenue": 117119000000,
        "costOfRevenue": 0,
        "grossProfit": 117119000000,
        "grossProfitRatio": 1,
        "researchAndDevelopmentExpenses": 0,
        "generalAndAdministrativeExpenses": -146694000000,
        "sellingAndMarketingExpenses": 201705000000,
        "sellingGeneralAndAdministrativeExpenses": 55011000000,
        "otherExpenses": 201705000000,
        "operatingExpenses": 256716000000,
        "costAndExpenses": 752838000000,
        "interestIncome": 0,
        "interestExpense": 0,
        "depreciationAndAmortization": 19398000000,
        "ebitda": -31739000000,
        "ebitdaratio": -0.270997874,
        "operatingIncome": -59195000000,
        "operatingIncomeRatio": -0.5054261051,
        "totalOtherIncomeExpensesNet": 8058000000,
        "incomeBeforeTax": -51137000000,
        "incomeBeforeTaxRatio": -0.4366242881,
        "incomeTaxExpense": -19098000000,
        "netIncome": -32039000000,
        "netIncomeRatio": -0.2735593712,
        "eps": -191.25,
        "epsdiluted": -191.25,
        "weightedAverageShsOut": 167521000,
        "weightedAverageShsOutDil": 167521000,
        "link": "https://www.sec.gov/Archives/edgar/data/929887/000095015308000585/0000950153-08-000585-index.htm",
        "finalLink": "https://www.sec.gov/Archives/edgar/data/929887/000095015308000585/p75104e10vq.htm"
    },
    {
        "date": "2007-11-30",
        "symbol": "APOL",
        "reportedCurrency": "USD",
        "cik": "0000929887",
        "fillingDate": "2008-01-08",
        "acceptedDate": "2008-01-08 16:10:52",
        "calendarYear": "2008",
        "period": "Q1",
        "revenue": 51281000,
        "costOfRevenue": 0,
        "grossProfit": 51281000,
        "grossProfitRatio": 1,
        "researchAndDevelopmentExpenses": 0,
        "generalAndAdministrativeExpenses": -125628000,
        "sellingAndMarketingExpenses": 176909000,
        "sellingGeneralAndAdministrativeExpenses": 51281000,
        "otherExpenses": 176909000,
        "operatingExpenses": 228190000,
        "costAndExpenses": 561479000,
        "interestIncome": 0,
        "interestExpense": 0,
        "depreciationAndAmortization": 18113000,
        "ebitda": 246958000,
        "ebitdaratio": 4.8157797235,
        "operatingIncome": 219195000,
        "operatingIncomeRatio": 4.274390125,
        "totalOtherIncomeExpensesNet": 9650000,
        "incomeBeforeTax": 228845000,
        "incomeBeforeTaxRatio": 4.4625689827,
        "incomeTaxExpense": 88980000,
        "netIncome": 139865000,
        "netIncomeRatio": 2.7274234122,
        "eps": 0.84,
        "epsdiluted": 0.84,
        "weightedAverageShsOut": 167036000,
        "weightedAverageShsOutDil": 167036000,
        "link": "https://www.sec.gov/Archives/edgar/data/929887/000095015308000032/0000950153-08-000032-index.htm",
        "finalLink": "https://www.sec.gov/Archives/edgar/data/929887/000095015308000032/p74836e10vq.htm"
    },
    {
        "date": "2007-08-31",
        "symbol": "APOL",
        "reportedCurrency": "USD",
        "cik": "0000929887",
        "fillingDate": "2007-10-29",
        "acceptedDate": "2007-10-29 12:52:06",
        "calendarYear": "2007",
        "period": "Q4",
        "revenue": 0,
        "costOfRevenue": 0,
        "grossProfit": 0,
        "grossProfitRatio": 0,
        "researchAndDevelopmentExpenses": 0,
        "generalAndAdministrativeExpenses": 0,
        "sellingAndMarketingExpenses": 659059000,
        "sellingGeneralAndAdministrativeExpenses": 659059000,
        "otherExpenses": 0,
        "operatingExpenses": 659059000,
        "costAndExpenses": 2098096000,
        "interestIncome": 0,
        "interestExpense": 0,
        "depreciationAndAmortization": 17115000,
        "ebitda": 674412000,
        "ebitdaratio": 0,
        "operatingIncome": 625697000,
        "operatingIncomeRatio": 0,
        "totalOtherIncomeExpensesNet": 31600000,
        "incomeBeforeTax": 657297000,
        "incomeBeforeTaxRatio": 0,
        "incomeTaxExpense": 248487000,
        "netIncome": 408810000,
        "netIncomeRatio": 0,
        "eps": 2.37,
        "epsdiluted": 2.37,
        "weightedAverageShsOut": 172309000,
        "weightedAverageShsOutDil": 172309000,
        "link": "https://www.sec.gov/Archives/edgar/data/929887/000095015307002225/0000950153-07-002225-index.htm",
        "finalLink": "https://www.sec.gov/Archives/edgar/data/929887/000095015307002225/p74503e10vk.htm"
    },
    {
        "date": "2007-05-31",
        "symbol": "APOL",
        "reportedCurrency": "USD",
        "cik": "0000929887",
        "fillingDate": "2007-06-28",
        "acceptedDate": "2007-06-28 16:02:01",
        "calendarYear": "2007",
        "period": "Q3",
        "revenue": 49209000,
        "costOfRevenue": 0,
        "grossProfit": 49209000,
        "grossProfitRatio": 1,
        "researchAndDevelopmentExpenses": 0,
        "generalAndAdministrativeExpenses": -113692000,
        "sellingAndMarketingExpenses": 162901000,
        "sellingGeneralAndAdministrativeExpenses": 49209000,
        "otherExpenses": 162901000,
        "operatingExpenses": 212110000,
        "costAndExpenses": 530020000,
        "interestIncome": 0,
        "interestExpense": 0,
        "depreciationAndAmortization": 21900000,
        "ebitda": 233802000,
        "ebitdaratio": 4.751204048,
        "operatingIncome": 203372000,
        "operatingIncomeRatio": 4.1328212319,
        "totalOtherIncomeExpensesNet": 8530000,
        "incomeBeforeTax": 211902000,
        "incomeBeforeTaxRatio": 4.3061635067,
        "incomeTaxExpense": 80464000,
        "netIncome": 131438000,
        "netIncomeRatio": 2.6710154647,
        "eps": 0.76,
        "epsdiluted": 0.76,
        "weightedAverageShsOut": 173165000,
        "weightedAverageShsOutDil": 173165000,
        "link": "https://www.sec.gov/Archives/edgar/data/929887/000095015307001407/0000950153-07-001407-index.htm",
        "finalLink": "https://www.sec.gov/Archives/edgar/data/929887/000095015307001407/p74022e10vq.htm"
    },
    {
        "date": "2007-02-28",
        "symbol": "APOL",
        "reportedCurrency": "USD",
        "cik": "0000929887",
        "fillingDate": "2007-05-22",
        "acceptedDate": "2007-05-21 19:30:14",
        "calendarYear": "2007",
        "period": "Q2",
        "revenue": 53593000,
        "costOfRevenue": 0,
        "grossProfit": 53593000,
        "grossProfitRatio": 1,
        "researchAndDevelopmentExpenses": 0,
        "generalAndAdministrativeExpenses": -113347000,
        "sellingAndMarketingExpenses": 166940000,
        "sellingGeneralAndAdministrativeExpenses": 53593000,
        "otherExpenses": 166940000,
        "operatingExpenses": 220533000,
        "costAndExpenses": 516893000,
        "interestIncome": 0,
        "interestExpense": 0,
        "depreciationAndAmortization": 14909000,
        "ebitda": 113687000,
        "ebitdaratio": 2.1213031553,
        "operatingIncome": 91800000,
        "operatingIncomeRatio": 1.7129102681,
        "totalOtherIncomeExpensesNet": 6978000,
        "incomeBeforeTax": 98778000,
        "incomeBeforeTaxRatio": 1.8431138395,
        "incomeTaxExpense": 38440000,
        "netIncome": 60338000,
        "netIncomeRatio": 1.1258559887,
        "eps": 0.35,
        "epsdiluted": 0.35,
        "weightedAverageShsOut": 173153000,
        "weightedAverageShsOutDil": 173153000,
        "link": "https://www.sec.gov/Archives/edgar/data/929887/000095015307001197/0000950153-07-001197-index.htm",
        "finalLink": "https://www.sec.gov/Archives/edgar/data/929887/000095015307001197/p73710ce10vq.htm"
    },
    {
        "date": "2006-11-30",
        "symbol": "APOL",
        "reportedCurrency": "USD",
        "cik": "0000929887",
        "fillingDate": "2007-05-22",
        "acceptedDate": "2007-05-21 19:29:09",
        "calendarYear": "2007",
        "period": "Q1",
        "revenue": 36396000,
        "costOfRevenue": 0,
        "grossProfit": 36396000,
        "grossProfitRatio": 1,
        "researchAndDevelopmentExpenses": 0,
        "generalAndAdministrativeExpenses": -119039000,
        "sellingAndMarketingExpenses": 155435000,
        "sellingGeneralAndAdministrativeExpenses": 36396000,
        "otherExpenses": 155435000,
        "operatingExpenses": 191831000,
        "costAndExpenses": 487805000,
        "interestIncome": 0,
        "interestExpense": 0,
        "depreciationAndAmortization": 17191000,
        "ebitda": 203604000,
        "ebitdaratio": 5.5941312232,
        "operatingIncome": 179981000,
        "operatingIncomeRatio": 4.945076382,
        "totalOtherIncomeExpensesNet": 6432000,
        "incomeBeforeTax": 186413000,
        "incomeBeforeTaxRatio": 5.1217990988,
        "incomeTaxExpense": 72539000,
        "netIncome": 113874000,
        "netIncomeRatio": 3.1287504121,
        "eps": 0.66,
        "epsdiluted": 0.66,
        "weightedAverageShsOut": 173122000,
        "weightedAverageShsOutDil": 173122000,
        "link": "https://www.sec.gov/Archives/edgar/data/929887/000095015307001196/0000950153-07-001196-index.htm",
        "finalLink": "https://www.sec.gov/Archives/edgar/data/929887/000095015307001196/p73710be10vq.htm"
    },
    {
        "date": "2006-08-31",
        "symbol": "APOL",
        "reportedCurrency": "USD",
        "cik": "0000929887",
        "fillingDate": "2007-05-22",
        "acceptedDate": "2007-05-21 19:28:20",
        "calendarYear": "2006",
        "period": "Q4",
        "revenue": 0,
        "costOfRevenue": 0,
        "grossProfit": 0,
        "grossProfitRatio": 0,
        "researchAndDevelopmentExpenses": 0,
        "generalAndAdministrativeExpenses": -394778000,
        "sellingAndMarketingExpenses": 544706000,
        "sellingGeneralAndAdministrativeExpenses": 149928000,
        "otherExpenses": 544706000,
        "operatingExpenses": 694634000,
        "costAndExpenses": 1827499000,
        "interestIncome": 0,
        "interestExpense": 0,
        "depreciationAndAmortization": 18480000,
        "ebitda": 686568000,
        "ebitdaratio": 0,
        "operatingIncome": 650034000,
        "operatingIncomeRatio": 0,
        "totalOtherIncomeExpensesNet": 18054000,
        "incomeBeforeTax": 668088000,
        "incomeBeforeTaxRatio": 0,
        "incomeTaxExpense": 253255000,
        "netIncome": 414833000,
        "netIncomeRatio": 0,
        "eps": 2.38,
        "epsdiluted": 2.38,
        "weightedAverageShsOut": 174351000,
        "weightedAverageShsOutDil": 174351000,
        "link": "https://www.sec.gov/Archives/edgar/data/929887/000095015307001195/0000950153-07-001195-index.htm",
        "finalLink": "https://www.sec.gov/Archives/edgar/data/929887/000095015307001195/p73880e10vk.htm"
    },
    {
        "date": "2006-05-31",
        "symbol": "APOL",
        "reportedCurrency": "USD",
        "cik": "0000929887",
        "fillingDate": "2007-05-22",
        "acceptedDate": "2007-05-21 19:25:35",
        "calendarYear": "2006",
        "period": "Q3",
        "revenue": 0,
        "costOfRevenue": 0,
        "grossProfit": 0,
        "grossProfitRatio": 0,
        "researchAndDevelopmentExpenses": 0,
        "generalAndAdministrativeExpenses": -274365000,
        "sellingAndMarketingExpenses": 390413000,
        "sellingGeneralAndAdministrativeExpenses": 116048000,
        "otherExpenses": 390413000,
        "operatingExpenses": 506461000,
        "costAndExpenses": 1318578000,
        "interestIncome": 0,
        "interestExpense": 0,
        "depreciationAndAmortization": 16710000,
        "ebitda": 563173000,
        "ebitdaratio": 0,
        "operatingIncome": 534042000,
        "operatingIncomeRatio": 0,
        "totalOtherIncomeExpensesNet": 12421000,
        "incomeBeforeTax": 546463000,
        "incomeBeforeTaxRatio": 0,
        "incomeTaxExpense": 207341000,
        "netIncome": 339122000,
        "netIncomeRatio": 0,
        "eps": 1.94,
        "epsdiluted": 1.94,
        "weightedAverageShsOut": 174808000,
        "weightedAverageShsOutDil": 174808000,
        "link": "https://www.sec.gov/Archives/edgar/data/929887/000095015307001194/0000950153-07-001194-index.htm",
        "finalLink": "https://www.sec.gov/Archives/edgar/data/929887/000095015307001194/p73710ae10vq.htm"
    },
    {
        "date": "2006-02-28",
        "symbol": "APOL",
        "reportedCurrency": "USD",
        "cik": "0000929887",
        "fillingDate": "2006-04-10",
        "acceptedDate": "2006-04-07 20:08:39",
        "calendarYear": "2006",
        "period": "Q2",
        "revenue": 440078000,
        "costOfRevenue": 0,
        "grossProfit": 440078000,
        "grossProfitRatio": 1,
        "researchAndDevelopmentExpenses": 0,
        "generalAndAdministrativeExpenses": -67221000,
        "sellingAndMarketingExpenses": 124426000,
        "sellingGeneralAndAdministrativeExpenses": 57205000,
        "otherExpenses": 124426000,
        "operatingExpenses": 181631000,
        "costAndExpenses": 181631000,
        "interestIncome": 0,
        "interestExpense": 0,
        "depreciationAndAmortization": 15453000,
        "ebitda": 148493000,
        "ebitdaratio": 0.3374242748,
        "operatingIncome": 129473000,
        "operatingIncomeRatio": 0.2942046637,
        "totalOtherIncomeExpensesNet": 3567000,
        "incomeBeforeTax": 133040000,
        "incomeBeforeTaxRatio": 0.302310045,
        "incomeTaxExpense": 52405000,
        "netIncome": 80635000,
        "netIncomeRatio": 0.1832288822,
        "eps": 0.46,
        "epsdiluted": 0.46,
        "weightedAverageShsOut": 175800000,
        "weightedAverageShsOutDil": 175800000,
        "link": "https://www.sec.gov/Archives/edgar/data/929887/000095015306000950/0000950153-06-000950-index.htm",
        "finalLink": "https://www.sec.gov/Archives/edgar/data/929887/000095015306000950/p72152e10vq.htm"
    },
    {
        "date": "2005-11-30",
        "symbol": "APOL",
        "reportedCurrency": "USD",
        "cik": "0000929887",
        "fillingDate": "2006-01-09",
        "acceptedDate": "2006-01-09 16:58:57",
        "calendarYear": "2006",
        "period": "Q1",
        "revenue": 418085000,
        "costOfRevenue": 0,
        "grossProfit": 418085000,
        "grossProfitRatio": 1,
        "researchAndDevelopmentExpenses": 0,
        "generalAndAdministrativeExpenses": -98040000,
        "sellingAndMarketingExpenses": 128120000,
        "sellingGeneralAndAdministrativeExpenses": 30080000,
        "otherExpenses": 128120000,
        "operatingExpenses": 158200000,
        "costAndExpenses": 158200000,
        "interestIncome": 0,
        "interestExpense": 0,
        "depreciationAndAmortization": 16647000,
        "ebitda": 231949000,
        "ebitdaratio": 0.5547890979,
        "operatingIncome": 210799000,
        "operatingIncomeRatio": 0.5042012988,
        "totalOtherIncomeExpensesNet": 4503000,
        "incomeBeforeTax": 215302000,
        "incomeBeforeTaxRatio": 0.5149718359,
        "incomeTaxExpense": 84528000,
        "netIncome": 130774000,
        "netIncomeRatio": 0.3127928531,
        "eps": 0.73,
        "epsdiluted": 0.73,
        "weightedAverageShsOut": 178104000,
        "weightedAverageShsOutDil": 178104000,
        "link": "https://www.sec.gov/Archives/edgar/data/929887/000095015306000043/0000950153-06-000043-index.htm",
        "finalLink": "https://www.sec.gov/Archives/edgar/data/929887/000095015306000043/p71701e10vq.htm"
    },
    {
        "date": "2005-08-31",
        "symbol": "APOL",
        "reportedCurrency": "USD",
        "cik": "0000929887",
        "fillingDate": "2005-11-14",
        "acceptedDate": "2005-11-14 17:10:25",
        "calendarYear": "2005",
        "period": "Q4",
        "revenue": 422575000,
        "costOfRevenue": 0,
        "grossProfit": 422575000,
        "grossProfitRatio": 1,
        "researchAndDevelopmentExpenses": 0,
        "generalAndAdministrativeExpenses": -100740000,
        "sellingAndMarketingExpenses": 125016000,
        "sellingGeneralAndAdministrativeExpenses": 24276000,
        "otherExpenses": 125016000,
        "operatingExpenses": 149292000,
        "costAndExpenses": 149292000,
        "interestIncome": 0,
        "interestExpense": 0,
        "depreciationAndAmortization": 15341000,
        "ebitda": 189200000,
        "ebitdaratio": 0.447731172,
        "operatingIncome": 169267000,
        "operatingIncomeRatio": 0.4005608472,
        "totalOtherIncomeExpensesNet": 4592000,
        "incomeBeforeTax": 173859000,
        "incomeBeforeTaxRatio": 0.4114275572,
        "incomeTaxExpense": 67611000,
        "netIncome": 106248000,
        "netIncomeRatio": 0.2514299237,
        "eps": 0.57,
        "epsdiluted": 0.57,
        "weightedAverageShsOut": 186015000,
        "weightedAverageShsOutDil": 186015000,
        "link": "https://www.sec.gov/Archives/edgar/data/929887/000095015305002913/0000950153-05-002913-index.htm",
        "finalLink": "https://www.sec.gov/Archives/edgar/data/929887/000095015305002913/p71469e10vk.htm"
    },
    {
        "date": "2005-05-31",
        "symbol": "APOL",
        "reportedCurrency": "USD",
        "cik": "0000929887",
        "fillingDate": "2005-07-11",
        "acceptedDate": "2005-07-11 16:56:22",
        "calendarYear": "2005",
        "period": "Q3",
        "revenue": 390708000,
        "costOfRevenue": 0,
        "grossProfit": 390708000,
        "grossProfitRatio": 1,
        "researchAndDevelopmentExpenses": 0,
        "generalAndAdministrativeExpenses": -88830000,
        "sellingAndMarketingExpenses": 118153000,
        "sellingGeneralAndAdministrativeExpenses": 29323000,
        "otherExpenses": 118153000,
        "operatingExpenses": 147476000,
        "costAndExpenses": 147476000,
        "interestIncome": 0,
        "interestExpense": 0,
        "depreciationAndAmortization": 14064000,
        "ebitda": 246351000,
        "ebitdaratio": 0.6305245861,
        "operatingIncome": 228303000,
        "operatingIncomeRatio": 0.5843315212,
        "totalOtherIncomeExpensesNet": 3984000,
        "incomeBeforeTax": 232287000,
        "incomeBeforeTaxRatio": 0.5945283946,
        "incomeTaxExpense": 90449000,
        "netIncome": 141838000,
        "netIncomeRatio": 0.3630281438,
        "eps": 0.77,
        "epsdiluted": 0.77,
        "weightedAverageShsOut": 183857000,
        "weightedAverageShsOutDil": 183857000,
        "link": "https://www.sec.gov/Archives/edgar/data/929887/000095015305001609/0000950153-05-001609-index.htm",
        "finalLink": "https://www.sec.gov/Archives/edgar/data/929887/000095015305001609/p70897e10vq.htm"
    },
    {
        "date": "2005-02-28",
        "symbol": "APOL",
        "reportedCurrency": "USD",
        "cik": "0000929887",
        "fillingDate": "2005-04-11",
        "acceptedDate": "2005-04-11 15:47:14",
        "calendarYear": "2005",
        "period": "Q2",
        "revenue": 366150000,
        "costOfRevenue": 0,
        "grossProfit": 366150000,
        "grossProfitRatio": 1,
        "researchAndDevelopmentExpenses": 0,
        "generalAndAdministrativeExpenses": -97517000,
        "sellingAndMarketingExpenses": 121016000,
        "sellingGeneralAndAdministrativeExpenses": 23499000,
        "otherExpenses": 121016000,
        "operatingExpenses": 144515000,
        "costAndExpenses": 144515000,
        "interestIncome": 0,
        "interestExpense": 0,
        "depreciationAndAmortization": 12787000,
        "ebitda": 156185000,
        "ebitdaratio": 0.4265601529,
        "operatingIncome": 139543000,
        "operatingIncomeRatio": 0.3811088352,
        "totalOtherIncomeExpensesNet": 3855000,
        "incomeBeforeTax": 143398000,
        "incomeBeforeTaxRatio": 0.3916373071,
        "incomeTaxExpense": 56284000,
        "netIncome": 87114000,
        "netIncomeRatio": 0.2379188857,
        "eps": 0.47,
        "epsdiluted": 0.47,
        "weightedAverageShsOut": 185056000,
        "weightedAverageShsOutDil": 185056000,
        "link": "https://www.sec.gov/Archives/edgar/data/929887/000095015305000770/0000950153-05-000770-index.htm",
        "finalLink": "https://www.sec.gov/Archives/edgar/data/929887/000095015305000770/p70469e10vq.htm"
    },
    {
        "date": "2004-11-30",
        "symbol": "APOL",
        "reportedCurrency": "USD",
        "cik": "0000929887",
        "fillingDate": "2005-01-10",
        "acceptedDate": "2005-01-10 13:18:14",
        "calendarYear": "2005",
        "period": "Q1",
        "revenue": 359190000,
        "costOfRevenue": 0,
        "grossProfit": 359190000,
        "grossProfitRatio": 1,
        "researchAndDevelopmentExpenses": 0,
        "generalAndAdministrativeExpenses": -99397000,
        "sellingAndMarketingExpenses": 120585000,
        "sellingGeneralAndAdministrativeExpenses": 21188000,
        "otherExpenses": 120585000,
        "operatingExpenses": 141773000,
        "costAndExpenses": 141773000,
        "interestIncome": 0,
        "interestExpense": 0,
        "depreciationAndAmortization": 12306000,
        "ebitda": 192604000,
        "ebitdaratio": 0.5362176007,
        "operatingIncome": 175736000,
        "operatingIncomeRatio": 0.4892563824,
        "totalOtherIncomeExpensesNet": 4562000,
        "incomeBeforeTax": 180298000,
        "incomeBeforeTaxRatio": 0.5019571814,
        "incomeTaxExpense": 70767000,
        "netIncome": 109531000,
        "netIncomeRatio": 0.3049388903,
        "eps": 0.59,
        "epsdiluted": 0.59,
        "weightedAverageShsOut": 186369000,
        "weightedAverageShsOutDil": 186369000,
        "link": "https://www.sec.gov/Archives/edgar/data/929887/000095012405000102/0000950124-05-000102-index.htm",
        "finalLink": "https://www.sec.gov/Archives/edgar/data/929887/000095012405000102/p70072e10vq.htm"
    },
    {
        "date": "2004-08-31",
        "symbol": "APOL",
        "reportedCurrency": "USD",
        "cik": "0000929887",
        "fillingDate": "2004-11-15",
        "acceptedDate": "2004-11-15 15:25:17",
        "calendarYear": "2004",
        "period": "Q4",
        "revenue": 472321000,
        "costOfRevenue": 0,
        "grossProfit": 472321000,
        "grossProfitRatio": 1,
        "researchAndDevelopmentExpenses": 0,
        "generalAndAdministrativeExpenses": -86216000,
        "sellingAndMarketingExpenses": 110762000,
        "sellingGeneralAndAdministrativeExpenses": 24546000,
        "otherExpenses": 110762000,
        "operatingExpenses": 135308000,
        "costAndExpenses": 135308000,
        "interestIncome": 0,
        "interestExpense": 0,
        "depreciationAndAmortization": 10685000,
        "ebitda": 35763000,
        "ebitdaratio": 0.0757175734,
        "operatingIncome": 20432000,
        "operatingIncomeRatio": 0.043258716,
        "totalOtherIncomeExpensesNet": 4646000,
        "incomeBeforeTax": 25078000,
        "incomeBeforeTaxRatio": 0.0530952467,
        "incomeTaxExpense": 9414000,
        "netIncome": 15664000,
        "netIncomeRatio": 0.0331638864,
        "eps": 0.0876,
        "epsdiluted": 0.0876,
        "weightedAverageShsOut": 178897000,
        "weightedAverageShsOutDil": 178897000,
        "link": "https://www.sec.gov/Archives/edgar/data/929887/000095012404005697/0000950124-04-005697-index.htm",
        "finalLink": "https://www.sec.gov/Archives/edgar/data/929887/000095012404005697/p69840e10vk.htm"
    },
    {
        "date": "2004-05-31",
        "symbol": "APOL",
        "reportedCurrency": "USD",
        "cik": "0000929887",
        "fillingDate": "2004-07-15",
        "acceptedDate": "2004-07-14 19:01:59",
        "calendarYear": "2004",
        "period": "Q3",
        "revenue": 322162000,
        "costOfRevenue": 0,
        "grossProfit": 322162000,
        "grossProfitRatio": 1,
        "researchAndDevelopmentExpenses": 0,
        "generalAndAdministrativeExpenses": -80438000,
        "sellingAndMarketingExpenses": 103287000,
        "sellingGeneralAndAdministrativeExpenses": 22849000,
        "otherExpenses": 103287000,
        "operatingExpenses": 126136000,
        "costAndExpenses": 126136000,
        "interestIncome": 0,
        "interestExpense": 0,
        "depreciationAndAmortization": 11270000,
        "ebitda": 190993000,
        "ebitdaratio": 0.5928476977,
        "operatingIncome": 174837000,
        "operatingIncomeRatio": 0.5426990148,
        "totalOtherIncomeExpensesNet": 4886000,
        "incomeBeforeTax": 179723000,
        "incomeBeforeTaxRatio": 0.5578652976,
        "incomeTaxExpense": 70387000,
        "netIncome": 109336000,
        "netIncomeRatio": 0.33938205,
        "eps": 0.62,
        "epsdiluted": 0.62,
        "weightedAverageShsOut": 176310000,
        "weightedAverageShsOutDil": 176310000,
        "link": "https://www.sec.gov/Archives/edgar/data/929887/000095015304001615/0000950153-04-001615-index.htm",
        "finalLink": "https://www.sec.gov/Archives/edgar/data/929887/000095015304001615/p69367e10vq.htm"
    },
    {
        "date": "2004-02-29",
        "symbol": "APOL",
        "reportedCurrency": "USD",
        "cik": "0000929887",
        "fillingDate": "2004-04-13",
        "acceptedDate": "2004-04-13 16:48:30",
        "calendarYear": "2004",
        "period": "Q2",
        "revenue": 288581000,
        "costOfRevenue": 0,
        "grossProfit": 288581000,
        "grossProfitRatio": 1,
        "researchAndDevelopmentExpenses": 0,
        "generalAndAdministrativeExpenses": -67303000,
        "sellingAndMarketingExpenses": 87390000,
        "sellingGeneralAndAdministrativeExpenses": 20087000,
        "otherExpenses": 87390000,
        "operatingExpenses": 107477000,
        "costAndExpenses": 107477000,
        "interestIncome": 0,
        "interestExpense": 0,
        "depreciationAndAmortization": 10538000,
        "ebitda": 123393000,
        "ebitdaratio": 0.4275853227,
        "operatingIncome": 108281000,
        "operatingIncomeRatio": 0.3752187427,
        "totalOtherIncomeExpensesNet": 4574000,
        "incomeBeforeTax": 112855000,
        "incomeBeforeTaxRatio": 0.3910687121,
        "incomeTaxExpense": 44352000,
        "netIncome": 68503000,
        "netIncomeRatio": 0.2373787602,
        "eps": 0.39,
        "epsdiluted": 0.39,
        "weightedAverageShsOut": 176188000,
        "weightedAverageShsOutDil": 176188000,
        "link": "https://www.sec.gov/Archives/edgar/data/929887/000095015304000828/0000950153-04-000828-index.htm",
        "finalLink": "https://www.sec.gov/Archives/edgar/data/929887/000095015304000828/p69020e10vq.htm"
    },
    {
        "date": "2003-11-30",
        "symbol": "APOL",
        "reportedCurrency": "USD",
        "cik": "0000929887",
        "fillingDate": "2004-01-13",
        "acceptedDate": "2004-01-13 16:07:59",
        "calendarYear": "2004",
        "period": "Q1",
        "revenue": 277134000,
        "costOfRevenue": 0,
        "grossProfit": 277134000,
        "grossProfitRatio": 1,
        "researchAndDevelopmentExpenses": 0,
        "generalAndAdministrativeExpenses": -61031000,
        "sellingAndMarketingExpenses": 81639000,
        "sellingGeneralAndAdministrativeExpenses": 20608000,
        "otherExpenses": 81639000,
        "operatingExpenses": 102247000,
        "costAndExpenses": 102247000,
        "interestIncome": 0,
        "interestExpense": 0,
        "depreciationAndAmortization": 10703000,
        "ebitda": 149535000,
        "ebitdaratio": 0.5395765225,
        "operatingIncome": 134675000,
        "operatingIncomeRatio": 0.4859562522,
        "totalOtherIncomeExpensesNet": 4157000,
        "incomeBeforeTax": 138832000,
        "incomeBeforeTaxRatio": 0.5009562161,
        "incomeTaxExpense": 54561000,
        "netIncome": 84271000,
        "netIncomeRatio": 0.3040803366,
        "eps": 0.48,
        "epsdiluted": 0.48,
        "weightedAverageShsOut": 176097000,
        "weightedAverageShsOutDil": 176097000,
        "link": "https://www.sec.gov/Archives/edgar/data/929887/000095015304000066/0000950153-04-000066-index.htm",
        "finalLink": "https://www.sec.gov/Archives/edgar/data/929887/000095015304000066/p68652e10vq.htm"
    },
    {
        "date": "2003-08-31",
        "symbol": "APOL",
        "reportedCurrency": "USD",
        "cik": "0000929887",
        "fillingDate": "2003-11-26",
        "acceptedDate": "2003-11-26 14:09:52",
        "calendarYear": "2003",
        "period": "Q4",
        "revenue": 261896000,
        "costOfRevenue": 0,
        "grossProfit": 261896000,
        "grossProfitRatio": 1,
        "researchAndDevelopmentExpenses": 0,
        "generalAndAdministrativeExpenses": -59441000,
        "sellingAndMarketingExpenses": 76547000,
        "sellingGeneralAndAdministrativeExpenses": 17106000,
        "otherExpenses": 76547000,
        "operatingExpenses": 93653000,
        "costAndExpenses": 93653000,
        "interestIncome": 0,
        "interestExpense": 0,
        "depreciationAndAmortization": 10720000,
        "ebitda": 123746000,
        "ebitdaratio": 0.4725005346,
        "operatingIncome": 109377000,
        "operatingIncomeRatio": 0.4176352445,
        "totalOtherIncomeExpensesNet": 3649000,
        "incomeBeforeTax": 113026000,
        "incomeBeforeTaxRatio": 0.4315682561,
        "incomeTaxExpense": 42648000,
        "netIncome": 70378000,
        "netIncomeRatio": 0.2687249901,
        "eps": 0.4,
        "epsdiluted": 0.4,
        "weightedAverageShsOut": 177637000,
        "weightedAverageShsOutDil": 177637000,
        "link": "https://www.sec.gov/Archives/edgar/data/929887/000095015303002409/0000950153-03-002409-index.htm",
        "finalLink": "https://www.sec.gov/Archives/edgar/data/929887/000095015303002409/p68490e10vk.htm"
    },
    {
        "date": "2003-05-31",
        "symbol": "APOL",
        "reportedCurrency": "USD",
        "cik": "0000929887",
        "fillingDate": "2003-07-15",
        "acceptedDate": "2003-07-15 17:13:16",
        "calendarYear": "2003",
        "period": "Q3",
        "revenue": 247350000,
        "costOfRevenue": 0,
        "grossProfit": 247350000,
        "grossProfitRatio": 1,
        "researchAndDevelopmentExpenses": 0,
        "generalAndAdministrativeExpenses": -53975000,
        "sellingAndMarketingExpenses": 70990000,
        "sellingGeneralAndAdministrativeExpenses": 17015000,
        "otherExpenses": 70990000,
        "operatingExpenses": 88005000,
        "costAndExpenses": 88005000,
        "interestIncome": 0,
        "interestExpense": 0,
        "depreciationAndAmortization": 10457000,
        "ebitda": 131126000,
        "ebitdaratio": 0.5301233071,
        "operatingIncome": 116816000,
        "operatingIncomeRatio": 0.4722700627,
        "totalOtherIncomeExpensesNet": 3853000,
        "incomeBeforeTax": 120669000,
        "incomeBeforeTaxRatio": 0.4878471801,
        "incomeTaxExpense": 46412000,
        "netIncome": 74257000,
        "netIncomeRatio": 0.3002102284,
        "eps": 0.42,
        "epsdiluted": 0.42,
        "weightedAverageShsOut": 174750000,
        "weightedAverageShsOutDil": 174750000,
        "link": "https://www.sec.gov/Archives/edgar/data/929887/000095015303001308/0000950153-03-001308-index.htm",
        "finalLink": "https://www.sec.gov/Archives/edgar/data/929887/000095015303001308/p68008e10vq.htm"
    },
    {
        "date": "2003-02-28",
        "symbol": "APOL",
        "reportedCurrency": "USD",
        "cik": "0000929887",
        "fillingDate": "2003-04-14",
        "acceptedDate": "2003-04-14 12:55:45",
        "calendarYear": "2003",
        "period": "Q2",
        "revenue": 224436000,
        "costOfRevenue": 0,
        "grossProfit": 224436000,
        "grossProfitRatio": 1,
        "researchAndDevelopmentExpenses": 0,
        "generalAndAdministrativeExpenses": -47783000,
        "sellingAndMarketingExpenses": 64485000,
        "sellingGeneralAndAdministrativeExpenses": 16702000,
        "otherExpenses": 64485000,
        "operatingExpenses": 81187000,
        "costAndExpenses": 81187000,
        "interestIncome": 0,
        "interestExpense": 0,
        "depreciationAndAmortization": 9950000,
        "ebitda": 84204000,
        "ebitdaratio": 0.3751804523,
        "operatingIncome": 70745000,
        "operatingIncomeRatio": 0.3152123545,
        "totalOtherIncomeExpensesNet": 3509000,
        "incomeBeforeTax": 74254000,
        "incomeBeforeTaxRatio": 0.3308471012,
        "incomeTaxExpense": 28568000,
        "netIncome": 45686000,
        "netIncomeRatio": 0.2035591438,
        "eps": 0.26,
        "epsdiluted": 0.26,
        "weightedAverageShsOut": 174469000,
        "weightedAverageShsOutDil": 174469000,
        "link": "https://www.sec.gov/Archives/edgar/data/929887/000095015303000698/0000950153-03-000698-index.htm",
        "finalLink": "https://www.sec.gov/Archives/edgar/data/929887/000095015303000698/p67693e10vq.htm"
    },
    {
        "date": "2002-11-30",
        "symbol": "APOL",
        "reportedCurrency": "USD",
        "cik": "0000929887",
        "fillingDate": "2003-01-14",
        "acceptedDate": "2003-01-14 15:02:31",
        "calendarYear": "2003",
        "period": "Q1",
        "revenue": 218576000,
        "costOfRevenue": 0,
        "grossProfit": 218576000,
        "grossProfitRatio": 1,
        "researchAndDevelopmentExpenses": 0,
        "generalAndAdministrativeExpenses": -44179000,
        "sellingAndMarketingExpenses": 60326000,
        "sellingGeneralAndAdministrativeExpenses": 16147000,
        "otherExpenses": 60326000,
        "operatingExpenses": 76473000,
        "costAndExpenses": 76473000,
        "interestIncome": 0,
        "interestExpense": 0,
        "depreciationAndAmortization": 9178000,
        "ebitda": 103033000,
        "ebitdaratio": 0.4713829515,
        "operatingIncome": 90321000,
        "operatingIncomeRatio": 0.4132246907,
        "totalOtherIncomeExpensesNet": 3534000,
        "incomeBeforeTax": 93855000,
        "incomeBeforeTaxRatio": 0.42939298,
        "incomeTaxExpense": 37166000,
        "netIncome": 56689000,
        "netIncomeRatio": 0.2593560135,
        "eps": 0.33,
        "epsdiluted": 0.33,
        "weightedAverageShsOut": 174109000,
        "weightedAverageShsOutDil": 174109000,
        "link": "https://www.sec.gov/Archives/edgar/data/929887/000095015303000061/0000950153-03-000061-index.htm",
        "finalLink": "https://www.sec.gov/Archives/edgar/data/929887/000095015303000061/p67382e10vq.htm"
    }
]