[
    {
        "date": "2024-09-30",
        "symbol": "ARC",
        "reportedCurrency": "USD",
        "cik": "0001305168",
        "fillingDate": "2024-11-04",
        "acceptedDate": "2024-11-04 09:17:25",
        "calendarYear": "2024",
        "period": "Q3",
        "revenue": 74448000,
        "costOfRevenue": 49689000,
        "grossProfit": 24759000,
        "grossProfitRatio": 0.3325676983,
        "researchAndDevelopmentExpenses": 0,
        "generalAndAdministrativeExpenses": 0,
        "sellingAndMarketingExpenses": 0,
        "sellingGeneralAndAdministrativeExpenses": 23268000,
        "otherExpenses": 0,
        "operatingExpenses": 23268000,
        "costAndExpenses": 72966000,
        "interestIncome": 0,
        "interestExpense": 327000,
        "depreciationAndAmortization": 4041000,
        "ebitda": 5546000,
        "ebitdaratio": 0.0744949495,
        "operatingIncome": 1482000,
        "operatingIncomeRatio": 0.0199065119,
        "totalOtherIncomeExpensesNet": -304000,
        "incomeBeforeTax": 1178000,
        "incomeBeforeTaxRatio": 0.0158231249,
        "incomeTaxExpense": 1279000,
        "netIncome": -65000,
        "netIncomeRatio": -0.0008730926,
        "eps": -0.0015,
        "epsdiluted": -0.0015,
        "weightedAverageShsOut": 42529000,
        "weightedAverageShsOutDil": 43440000,
        "link": "https://www.sec.gov/Archives/edgar/data/1305168/000130516824000076/0001305168-24-000076-index.htm",
        "finalLink": "https://www.sec.gov/Archives/edgar/data/1305168/000130516824000076/arc-20240930.htm"
    },
    {
        "date": "2024-06-30",
        "symbol": "ARC",
        "reportedCurrency": "USD",
        "cik": "0001305168",
        "fillingDate": "2024-08-08",
        "acceptedDate": "2024-08-08 13:30:45",
        "calendarYear": "2024",
        "period": "Q2",
        "revenue": 75114000,
        "costOfRevenue": 48736000,
        "grossProfit": 26378000,
        "grossProfitRatio": 0.3511728839,
        "researchAndDevelopmentExpenses": 0,
        "generalAndAdministrativeExpenses": 0,
        "sellingAndMarketingExpenses": 0,
        "sellingGeneralAndAdministrativeExpenses": 21342000,
        "otherExpenses": 35000,
        "operatingExpenses": 21342000,
        "costAndExpenses": 70078000,
        "interestIncome": 0,
        "interestExpense": 331000,
        "depreciationAndAmortization": 3964000,
        "ebitda": 9000000,
        "ebitdaratio": 0.1198178768,
        "operatingIncome": 5036000,
        "operatingIncomeRatio": 0.0670447586,
        "totalOtherIncomeExpensesNet": -296000,
        "incomeBeforeTax": 4740000,
        "incomeBeforeTaxRatio": 0.0631040818,
        "incomeTaxExpense": 1605000,
        "netIncome": 3159000,
        "netIncomeRatio": 0.0420560748,
        "eps": 0.0746,
        "epsdiluted": 0.0734,
        "weightedAverageShsOut": 42342000,
        "weightedAverageShsOutDil": 43067000,
        "link": "https://www.sec.gov/Archives/edgar/data/1305168/000130516824000065/0001305168-24-000065-index.htm",
        "finalLink": "https://www.sec.gov/Archives/edgar/data/1305168/000130516824000065/arc-20240630.htm"
    },
    {
        "date": "2024-03-31",
        "symbol": "ARC",
        "reportedCurrency": "USD",
        "cik": "0001305168",
        "fillingDate": "2024-05-08",
        "acceptedDate": "2024-05-08 15:27:07",
        "calendarYear": "2024",
        "period": "Q1",
        "revenue": 70792000,
        "costOfRevenue": 47995000,
        "grossProfit": 22797000,
        "grossProfitRatio": 0.3220279128,
        "researchAndDevelopmentExpenses": 0,
        "generalAndAdministrativeExpenses": 0,
        "sellingAndMarketingExpenses": 0,
        "sellingGeneralAndAdministrativeExpenses": 19071000,
        "otherExpenses": 36000,
        "operatingExpenses": 19071000,
        "costAndExpenses": 67066000,
        "interestIncome": 0,
        "interestExpense": 310000,
        "depreciationAndAmortization": 4050000,
        "ebitda": 7776000,
        "ebitdaratio": 0.1098429201,
        "operatingIncome": 3726000,
        "operatingIncomeRatio": 0.0526330659,
        "totalOtherIncomeExpensesNet": -274000,
        "incomeBeforeTax": 3452000,
        "incomeBeforeTaxRatio": 0.048762572,
        "incomeTaxExpense": 1088000,
        "netIncome": 2453000,
        "netIncomeRatio": 0.034650808,
        "eps": 0.0581,
        "epsdiluted": 0.057,
        "weightedAverageShsOut": 42191000,
        "weightedAverageShsOutDil": 43049000,
        "link": "https://www.sec.gov/Archives/edgar/data/1305168/000130516824000049/0001305168-24-000049-index.htm",
        "finalLink": "https://www.sec.gov/Archives/edgar/data/1305168/000130516824000049/arc-20240331.htm"
    },
    {
        "date": "2023-12-31",
        "symbol": "ARC",
        "reportedCurrency": "USD",
        "cik": "0001305168",
        "fillingDate": "2024-02-29",
        "acceptedDate": "2024-02-29 16:46:56",
        "calendarYear": "2023",
        "period": "Q4",
        "revenue": 68876000,
        "costOfRevenue": 46725000,
        "grossProfit": 22151000,
        "grossProfitRatio": 0.3216069458,
        "researchAndDevelopmentExpenses": 7100000,
        "generalAndAdministrativeExpenses": 0,
        "sellingAndMarketingExpenses": 0,
        "sellingGeneralAndAdministrativeExpenses": 18569000,
        "otherExpenses": 25000,
        "operatingExpenses": 18579000,
        "costAndExpenses": 65304000,
        "interestIncome": 0,
        "interestExpense": 333000,
        "depreciationAndAmortization": 4099000,
        "ebitda": 3696000,
        "ebitdaratio": 0.0536616528,
        "operatingIncome": -428000,
        "operatingIncomeRatio": -0.0062140659,
        "totalOtherIncomeExpensesNet": -308000,
        "incomeBeforeTax": -736000,
        "incomeBeforeTaxRatio": -0.0106858703,
        "incomeTaxExpense": 125000,
        "netIncome": -888000,
        "netIncomeRatio": -0.0128927348,
        "eps": -0.021,
        "epsdiluted": -0.021,
        "weightedAverageShsOut": 42275000,
        "weightedAverageShsOutDil": 42275000,
        "link": "https://www.sec.gov/Archives/edgar/data/1305168/000130516824000025/0001305168-24-000025-index.htm",
        "finalLink": "https://www.sec.gov/Archives/edgar/data/1305168/000130516824000025/arc-20231231.htm"
    },
    {
        "date": "2023-09-30",
        "symbol": "ARC",
        "reportedCurrency": "USD",
        "cik": "0001305168",
        "fillingDate": "2023-11-03",
        "acceptedDate": "2023-11-03 14:25:28",
        "calendarYear": "2023",
        "period": "Q3",
        "revenue": 71057000,
        "costOfRevenue": 46908000,
        "grossProfit": 24149000,
        "grossProfitRatio": 0.3398539201,
        "researchAndDevelopmentExpenses": 0,
        "generalAndAdministrativeExpenses": 0,
        "sellingAndMarketingExpenses": 0,
        "sellingGeneralAndAdministrativeExpenses": 19269000,
        "otherExpenses": 16000,
        "operatingExpenses": 19279000,
        "costAndExpenses": 66187000,
        "interestIncome": 0,
        "interestExpense": 397000,
        "depreciationAndAmortization": 4498000,
        "ebitda": 9384000,
        "ebitdaratio": 0.1320629917,
        "operatingIncome": 4870000,
        "operatingIncomeRatio": 0.068536527,
        "totalOtherIncomeExpensesNet": -381000,
        "incomeBeforeTax": 4489000,
        "incomeBeforeTaxRatio": 0.0631746344,
        "incomeTaxExpense": 1368000,
        "netIncome": 3165000,
        "netIncomeRatio": 0.044541706,
        "eps": 0.0744,
        "epsdiluted": 0.0727,
        "weightedAverageShsOut": 42554000,
        "weightedAverageShsOutDil": 43516000,
        "link": "https://www.sec.gov/Archives/edgar/data/1305168/000130516823000101/0001305168-23-000101-index.htm",
        "finalLink": "https://www.sec.gov/Archives/edgar/data/1305168/000130516823000101/arc-20230930.htm"
    },
    {
        "date": "2023-06-30",
        "symbol": "ARC",
        "reportedCurrency": "USD",
        "cik": "0001305168",
        "fillingDate": "2023-08-03",
        "acceptedDate": "2023-08-03 13:00:27",
        "calendarYear": "2023",
        "period": "Q2",
        "revenue": 72350000,
        "costOfRevenue": 47174000,
        "grossProfit": 25176000,
        "grossProfitRatio": 0.3479751209,
        "researchAndDevelopmentExpenses": 0,
        "generalAndAdministrativeExpenses": 0,
        "sellingAndMarketingExpenses": 0,
        "sellingGeneralAndAdministrativeExpenses": 19013000,
        "otherExpenses": 15000,
        "operatingExpenses": 19023000,
        "costAndExpenses": 66197000,
        "interestIncome": 0,
        "interestExpense": 447000,
        "depreciationAndAmortization": 4373000,
        "ebitda": 10541000,
        "ebitdaratio": 0.1456945404,
        "operatingIncome": 6153000,
        "operatingIncomeRatio": 0.0850449205,
        "totalOtherIncomeExpensesNet": -432000,
        "incomeBeforeTax": 5721000,
        "incomeBeforeTaxRatio": 0.0790739461,
        "incomeTaxExpense": 1734000,
        "netIncome": 4018000,
        "netIncomeRatio": 0.0555355909,
        "eps": 0.0939,
        "epsdiluted": 0.0921,
        "weightedAverageShsOut": 42801000,
        "weightedAverageShsOutDil": 43614000,
        "link": "https://www.sec.gov/Archives/edgar/data/1305168/000130516823000091/0001305168-23-000091-index.htm",
        "finalLink": "https://www.sec.gov/Archives/edgar/data/1305168/000130516823000091/arc-20230630.htm"
    },
    {
        "date": "2023-03-31",
        "symbol": "ARC",
        "reportedCurrency": "USD",
        "cik": "0001305168",
        "fillingDate": "2023-05-04",
        "acceptedDate": "2023-05-04 12:46:16",
        "calendarYear": "2023",
        "period": "Q1",
        "revenue": 68918000,
        "costOfRevenue": 45993000,
        "grossProfit": 22925000,
        "grossProfitRatio": 0.3326416901,
        "researchAndDevelopmentExpenses": 0,
        "generalAndAdministrativeExpenses": 0,
        "sellingAndMarketingExpenses": 0,
        "sellingGeneralAndAdministrativeExpenses": 19482000,
        "otherExpenses": 11000,
        "operatingExpenses": 19493000,
        "costAndExpenses": 65486000,
        "interestIncome": 0,
        "interestExpense": 456000,
        "depreciationAndAmortization": 4663000,
        "ebitda": 8106000,
        "ebitdaratio": 0.1176180388,
        "operatingIncome": 3432000,
        "operatingIncomeRatio": 0.049798311,
        "totalOtherIncomeExpensesNet": -445000,
        "incomeBeforeTax": 2987000,
        "incomeBeforeTaxRatio": 0.0433413622,
        "incomeTaxExpense": 1160000,
        "netIncome": 1940000,
        "netIncomeRatio": 0.0281493949,
        "eps": 0.0456,
        "epsdiluted": 0.0443,
        "weightedAverageShsOut": 42552000,
        "weightedAverageShsOutDil": 43764000,
        "link": "https://www.sec.gov/Archives/edgar/data/1305168/000130516823000048/0001305168-23-000048-index.htm",
        "finalLink": "https://www.sec.gov/Archives/edgar/data/1305168/000130516823000048/arc-20230331.htm"
    },
    {
        "date": "2022-12-31",
        "symbol": "ARC",
        "reportedCurrency": "USD",
        "cik": "0001305168",
        "fillingDate": "2023-02-23",
        "acceptedDate": "2023-02-23 14:05:28",
        "calendarYear": "2022",
        "period": "Q4",
        "revenue": 68822000,
        "costOfRevenue": 45633000,
        "grossProfit": 23189000,
        "grossProfitRatio": 0.3369416756,
        "researchAndDevelopmentExpenses": 7500000,
        "generalAndAdministrativeExpenses": 0,
        "sellingAndMarketingExpenses": 0,
        "sellingGeneralAndAdministrativeExpenses": 19168000,
        "otherExpenses": 10000,
        "operatingExpenses": 19178000,
        "costAndExpenses": 64811000,
        "interestIncome": 0,
        "interestExpense": 466000,
        "depreciationAndAmortization": 4826000,
        "ebitda": 8850000,
        "ebitdaratio": 0.1285926012,
        "operatingIncome": 4011000,
        "operatingIncomeRatio": 0.0582807823,
        "totalOtherIncomeExpensesNet": -453000,
        "incomeBeforeTax": 3558000,
        "incomeBeforeTaxRatio": 0.0516985848,
        "incomeTaxExpense": 1456000,
        "netIncome": 2123000,
        "netIncomeRatio": 0.0308476941,
        "eps": 0.0503,
        "epsdiluted": 0.0495,
        "weightedAverageShsOut": 42226000,
        "weightedAverageShsOutDil": 42882000,
        "link": "https://www.sec.gov/Archives/edgar/data/1305168/000130516823000018/0001305168-23-000018-index.htm",
        "finalLink": "https://www.sec.gov/Archives/edgar/data/1305168/000130516823000018/arc-20221231.htm"
    },
    {
        "date": "2022-09-30",
        "symbol": "ARC",
        "reportedCurrency": "USD",
        "cik": "0001305168",
        "fillingDate": "2022-11-03",
        "acceptedDate": "2022-11-03 13:23:27",
        "calendarYear": "2022",
        "period": "Q3",
        "revenue": 73136000,
        "costOfRevenue": 48315000,
        "grossProfit": 24821000,
        "grossProfitRatio": 0.3393814264,
        "researchAndDevelopmentExpenses": 0,
        "generalAndAdministrativeExpenses": 0,
        "sellingAndMarketingExpenses": 0,
        "sellingGeneralAndAdministrativeExpenses": 19082000,
        "otherExpenses": 15000,
        "operatingExpenses": 19099000,
        "costAndExpenses": 67414000,
        "interestIncome": 0,
        "interestExpense": 454000,
        "depreciationAndAmortization": 4982000,
        "ebitda": 10719000,
        "ebitdaratio": 0.1465625684,
        "operatingIncome": 5722000,
        "operatingIncomeRatio": 0.0782378035,
        "totalOtherIncomeExpensesNet": -439000,
        "incomeBeforeTax": 5283000,
        "incomeBeforeTaxRatio": 0.0722352877,
        "incomeTaxExpense": 1577000,
        "netIncome": 3737000,
        "netIncomeRatio": 0.0510965872,
        "eps": 0.09,
        "epsdiluted": 0.09,
        "weightedAverageShsOut": 42283000,
        "weightedAverageShsOutDil": 42956000,
        "link": "https://www.sec.gov/Archives/edgar/data/1305168/000130516822000079/0001305168-22-000079-index.htm",
        "finalLink": "https://www.sec.gov/Archives/edgar/data/1305168/000130516822000079/arc-20220930.htm"
    },
    {
        "date": "2022-06-30",
        "symbol": "ARC",
        "reportedCurrency": "USD",
        "cik": "0001305168",
        "fillingDate": "2022-08-04",
        "acceptedDate": "2022-08-04 13:15:33",
        "calendarYear": "2022",
        "period": "Q2",
        "revenue": 74564000,
        "costOfRevenue": 49026000,
        "grossProfit": 25538000,
        "grossProfitRatio": 0.3424977201,
        "researchAndDevelopmentExpenses": 0,
        "generalAndAdministrativeExpenses": 0,
        "sellingAndMarketingExpenses": 0,
        "sellingGeneralAndAdministrativeExpenses": 19939000,
        "otherExpenses": 35000,
        "operatingExpenses": 19974000,
        "costAndExpenses": 69000000,
        "interestIncome": 0,
        "interestExpense": 446000,
        "depreciationAndAmortization": 5188000,
        "ebitda": 10761000,
        "ebitdaratio": 0.1443189743,
        "operatingIncome": 5564000,
        "operatingIncomeRatio": 0.0746204603,
        "totalOtherIncomeExpensesNet": -437000,
        "incomeBeforeTax": 5127000,
        "incomeBeforeTaxRatio": 0.0687597232,
        "incomeTaxExpense": 2001000,
        "netIncome": 3262000,
        "netIncomeRatio": 0.043747653,
        "eps": 0.0772,
        "epsdiluted": 0.075,
        "weightedAverageShsOut": 42250000,
        "weightedAverageShsOutDil": 43490000,
        "link": "https://www.sec.gov/Archives/edgar/data/1305168/000130516822000064/0001305168-22-000064-index.htm",
        "finalLink": "https://www.sec.gov/Archives/edgar/data/1305168/000130516822000064/arc-20220630.htm"
    },
    {
        "date": "2022-03-31",
        "symbol": "ARC",
        "reportedCurrency": "USD",
        "cik": "0001305168",
        "fillingDate": "2022-05-05",
        "acceptedDate": "2022-05-05 14:20:59",
        "calendarYear": "2022",
        "period": "Q1",
        "revenue": 69488000,
        "costOfRevenue": 47039000,
        "grossProfit": 22449000,
        "grossProfitRatio": 0.3230629749,
        "researchAndDevelopmentExpenses": 0,
        "generalAndAdministrativeExpenses": 0,
        "sellingAndMarketingExpenses": 0,
        "sellingGeneralAndAdministrativeExpenses": 19355000,
        "otherExpenses": 35000,
        "operatingExpenses": 19390000,
        "costAndExpenses": 66429000,
        "interestIncome": 0,
        "interestExpense": 430000,
        "depreciationAndAmortization": 5429000,
        "ebitda": 8513000,
        "ebitdaratio": 0.1225103615,
        "operatingIncome": 3059000,
        "operatingIncomeRatio": 0.0440219894,
        "totalOtherIncomeExpensesNet": -405000,
        "incomeBeforeTax": 2654000,
        "incomeBeforeTaxRatio": 0.0381936449,
        "incomeTaxExpense": 798000,
        "netIncome": 1972000,
        "netIncomeRatio": 0.0283790007,
        "eps": 0.0469,
        "epsdiluted": 0.0451,
        "weightedAverageShsOut": 42064000,
        "weightedAverageShsOutDil": 43739000,
        "link": "https://www.sec.gov/Archives/edgar/data/1305168/000130516822000044/0001305168-22-000044-index.htm",
        "finalLink": "https://www.sec.gov/Archives/edgar/data/1305168/000130516822000044/arc-20220331.htm"
    },
    {
        "date": "2021-12-31",
        "symbol": "ARC",
        "reportedCurrency": "USD",
        "cik": "0001305168",
        "fillingDate": "2022-02-24",
        "acceptedDate": "2022-02-24 17:01:40",
        "calendarYear": "2021",
        "period": "Q4",
        "revenue": 69247000,
        "costOfRevenue": 46965000,
        "grossProfit": 22282000,
        "grossProfitRatio": 0.3217756726,
        "researchAndDevelopmentExpenses": 7100000,
        "generalAndAdministrativeExpenses": 0,
        "sellingAndMarketingExpenses": 0,
        "sellingGeneralAndAdministrativeExpenses": 17949000,
        "otherExpenses": 11000,
        "operatingExpenses": 17980000,
        "costAndExpenses": 64945000,
        "interestIncome": 0,
        "interestExpense": 456000,
        "depreciationAndAmortization": 5628000,
        "ebitda": 9941000,
        "ebitdaratio": 0.1435585657,
        "operatingIncome": 4302000,
        "operatingIncomeRatio": 0.062125435,
        "totalOtherIncomeExpensesNet": -445000,
        "incomeBeforeTax": 3857000,
        "incomeBeforeTaxRatio": 0.0556991639,
        "incomeTaxExpense": 1232000,
        "netIncome": 2602000,
        "netIncomeRatio": 0.037575635,
        "eps": 0.06,
        "epsdiluted": 0.06,
        "weightedAverageShsOut": 42017000,
        "weightedAverageShsOutDil": 43204000,
        "link": "https://www.sec.gov/Archives/edgar/data/1305168/000130516822000027/0001305168-22-000027-index.htm",
        "finalLink": "https://www.sec.gov/Archives/edgar/data/1305168/000130516822000027/arc-20211231.htm"
    },
    {
        "date": "2021-09-30",
        "symbol": "ARC",
        "reportedCurrency": "USD",
        "cik": "0001305168",
        "fillingDate": "2021-11-04",
        "acceptedDate": "2021-11-04 17:11:09",
        "calendarYear": "2021",
        "period": "Q3",
        "revenue": 72432000,
        "costOfRevenue": 48643000,
        "grossProfit": 23789000,
        "grossProfitRatio": 0.3284321847,
        "researchAndDevelopmentExpenses": 0,
        "generalAndAdministrativeExpenses": 0,
        "sellingAndMarketingExpenses": 0,
        "sellingGeneralAndAdministrativeExpenses": 18829000,
        "otherExpenses": 7000,
        "operatingExpenses": 18866000,
        "costAndExpenses": 67509000,
        "interestIncome": 0,
        "interestExpense": 495000,
        "depreciationAndAmortization": 6029000,
        "ebitda": 10959000,
        "ebitdaratio": 0.1513005302,
        "operatingIncome": 4923000,
        "operatingIncomeRatio": 0.0679671968,
        "totalOtherIncomeExpensesNet": -488000,
        "incomeBeforeTax": 4435000,
        "incomeBeforeTaxRatio": 0.0612298432,
        "incomeTaxExpense": 1298000,
        "netIncome": 3178000,
        "netIncomeRatio": 0.0438756351,
        "eps": 0.08,
        "epsdiluted": 0.07,
        "weightedAverageShsOut": 42073000,
        "weightedAverageShsOutDil": 42724000,
        "link": "https://www.sec.gov/Archives/edgar/data/1305168/000130516821000080/0001305168-21-000080-index.htm",
        "finalLink": "https://www.sec.gov/Archives/edgar/data/1305168/000130516821000080/arc-20210930.htm"
    },
    {
        "date": "2021-06-30",
        "symbol": "ARC",
        "reportedCurrency": "USD",
        "cik": "0001305168",
        "fillingDate": "2021-08-04",
        "acceptedDate": "2021-08-03 18:26:20",
        "calendarYear": "2021",
        "period": "Q2",
        "revenue": 68799000,
        "costOfRevenue": 46007000,
        "grossProfit": 22792000,
        "grossProfitRatio": 0.3312838849,
        "researchAndDevelopmentExpenses": 0,
        "generalAndAdministrativeExpenses": 0,
        "sellingAndMarketingExpenses": 0,
        "sellingGeneralAndAdministrativeExpenses": 18549000,
        "otherExpenses": 12000,
        "operatingExpenses": 18605000,
        "costAndExpenses": 64612000,
        "interestIncome": 0,
        "interestExpense": 576000,
        "depreciationAndAmortization": 6375000,
        "ebitda": 10574000,
        "ebitdaratio": 0.1536940944,
        "operatingIncome": 4187000,
        "operatingIncomeRatio": 0.0608584427,
        "totalOtherIncomeExpensesNet": -564000,
        "incomeBeforeTax": 3623000,
        "incomeBeforeTaxRatio": 0.0526606491,
        "incomeTaxExpense": 1155000,
        "netIncome": 2574000,
        "netIncomeRatio": 0.0374133345,
        "eps": 0.06,
        "epsdiluted": 0.06,
        "weightedAverageShsOut": 42304000,
        "weightedAverageShsOutDil": 42597000,
        "link": "https://www.sec.gov/Archives/edgar/data/1305168/000130516821000064/0001305168-21-000064-index.htm",
        "finalLink": "https://www.sec.gov/Archives/edgar/data/1305168/000130516821000064/arc-20210630.htm"
    },
    {
        "date": "2021-03-31",
        "symbol": "ARC",
        "reportedCurrency": "USD",
        "cik": "0001305168",
        "fillingDate": "2021-05-05",
        "acceptedDate": "2021-05-04 18:32:05",
        "calendarYear": "2021",
        "period": "Q1",
        "revenue": 61730000,
        "costOfRevenue": 42943000,
        "grossProfit": 18787000,
        "grossProfitRatio": 0.3043414871,
        "researchAndDevelopmentExpenses": 0,
        "generalAndAdministrativeExpenses": 0,
        "sellingAndMarketingExpenses": 0,
        "sellingGeneralAndAdministrativeExpenses": 16995000,
        "otherExpenses": 11000,
        "operatingExpenses": 17070000,
        "costAndExpenses": 60013000,
        "interestIncome": 0,
        "interestExpense": 620000,
        "depreciationAndAmortization": 6524000,
        "ebitda": 8252000,
        "ebitdaratio": 0.1336789243,
        "operatingIncome": 1717000,
        "operatingIncomeRatio": 0.0278146768,
        "totalOtherIncomeExpensesNet": -609000,
        "incomeBeforeTax": 1108000,
        "incomeBeforeTaxRatio": 0.0179491333,
        "incomeTaxExpense": 496000,
        "netIncome": 789000,
        "netIncomeRatio": 0.0127814677,
        "eps": 0.02,
        "epsdiluted": 0.02,
        "weightedAverageShsOut": 42264000,
        "weightedAverageShsOutDil": 42634000,
        "link": "https://www.sec.gov/Archives/edgar/data/1305168/000130516821000033/0001305168-21-000033-index.htm",
        "finalLink": "https://www.sec.gov/Archives/edgar/data/1305168/000130516821000033/arc-20210331.htm"
    },
    {
        "date": "2020-12-31",
        "symbol": "ARC",
        "reportedCurrency": "USD",
        "cik": "0001305168",
        "fillingDate": "2021-02-24",
        "acceptedDate": "2021-02-24 17:20:33",
        "calendarYear": "2020",
        "period": "Q4",
        "revenue": 64344000,
        "costOfRevenue": 43670000,
        "grossProfit": 20674000,
        "grossProfitRatio": 0.3213042397,
        "researchAndDevelopmentExpenses": 7900000,
        "generalAndAdministrativeExpenses": 18200000,
        "sellingAndMarketingExpenses": 0,
        "sellingGeneralAndAdministrativeExpenses": 18200000,
        "otherExpenses": 13000,
        "operatingExpenses": 18347000,
        "costAndExpenses": 62017000,
        "interestIncome": 0,
        "interestExpense": 797000,
        "depreciationAndAmortization": 7605000,
        "ebitda": 9945000,
        "ebitdaratio": 0.1545598657,
        "operatingIncome": 2327000,
        "operatingIncomeRatio": 0.0361649882,
        "totalOtherIncomeExpensesNet": -784000,
        "incomeBeforeTax": 1543000,
        "incomeBeforeTaxRatio": 0.0239804799,
        "incomeTaxExpense": 260000,
        "netIncome": 1253000,
        "netIncomeRatio": 0.0194734552,
        "eps": 0.03,
        "epsdiluted": 0.03,
        "weightedAverageShsOut": 42648000,
        "weightedAverageShsOutDil": 42771000,
        "link": "https://www.sec.gov/Archives/edgar/data/1305168/000130516821000020/0001305168-21-000020-index.htm",
        "finalLink": "https://www.sec.gov/Archives/edgar/data/1305168/000130516821000020/arc-20201231.htm"
    },
    {
        "date": "2020-09-30",
        "symbol": "ARC",
        "reportedCurrency": "USD",
        "cik": "0001305168",
        "fillingDate": "2020-11-05",
        "acceptedDate": "2020-11-05 12:53:24",
        "calendarYear": "2020",
        "period": "Q3",
        "revenue": 72379000,
        "costOfRevenue": 48186000,
        "grossProfit": 24193000,
        "grossProfitRatio": 0.3342544108,
        "researchAndDevelopmentExpenses": 0,
        "generalAndAdministrativeExpenses": 19186000,
        "sellingAndMarketingExpenses": 0,
        "sellingGeneralAndAdministrativeExpenses": 19186000,
        "otherExpenses": 11000,
        "operatingExpenses": 19471000,
        "costAndExpenses": 67657000,
        "interestIncome": 0,
        "interestExpense": 871000,
        "depreciationAndAmortization": 7223000,
        "ebitda": 11956000,
        "ebitdaratio": 0.1651860346,
        "operatingIncome": 4722000,
        "operatingIncomeRatio": 0.0652399177,
        "totalOtherIncomeExpensesNet": -860000,
        "incomeBeforeTax": 3862000,
        "incomeBeforeTaxRatio": 0.0533580182,
        "incomeTaxExpense": 1234000,
        "netIncome": 2791000,
        "netIncomeRatio": 0.0385609086,
        "eps": 0.07,
        "epsdiluted": 0.07,
        "weightedAverageShsOut": 42747000,
        "weightedAverageShsOutDil": 42918000,
        "link": "https://www.sec.gov/Archives/edgar/data/1305168/000130516820000039/0001305168-20-000039-index.htm",
        "finalLink": "https://www.sec.gov/Archives/edgar/data/1305168/000130516820000039/arc-20200930.htm"
    },
    {
        "date": "2020-06-30",
        "symbol": "ARC",
        "reportedCurrency": "USD",
        "cik": "0001305168",
        "fillingDate": "2020-08-05",
        "acceptedDate": "2020-08-05 12:20:53",
        "calendarYear": "2020",
        "period": "Q2",
        "revenue": 64319000,
        "costOfRevenue": 43874000,
        "grossProfit": 20445000,
        "grossProfitRatio": 0.317868748,
        "researchAndDevelopmentExpenses": 0,
        "generalAndAdministrativeExpenses": 17292000,
        "sellingAndMarketingExpenses": 0,
        "sellingGeneralAndAdministrativeExpenses": 17292000,
        "otherExpenses": 17000,
        "operatingExpenses": 17763000,
        "costAndExpenses": 61637000,
        "interestIncome": 0,
        "interestExpense": 1131000,
        "depreciationAndAmortization": 7528000,
        "ebitda": 10227000,
        "ebitdaratio": 0.1590043378,
        "operatingIncome": 2682000,
        "operatingIncomeRatio": 0.0416984095,
        "totalOtherIncomeExpensesNet": -1114000,
        "incomeBeforeTax": 1568000,
        "incomeBeforeTaxRatio": 0.0243784885,
        "incomeTaxExpense": 148000,
        "netIncome": 1461000,
        "netIncomeRatio": 0.0227149054,
        "eps": 0.03,
        "epsdiluted": 0.03,
        "weightedAverageShsOut": 42672000,
        "weightedAverageShsOutDil": 42767000,
        "link": "https://www.sec.gov/Archives/edgar/data/1305168/000130516820000026/0001305168-20-000026-index.htm",
        "finalLink": "https://www.sec.gov/Archives/edgar/data/1305168/000130516820000026/arc-06302020x10q.htm"
    },
    {
        "date": "2020-03-31",
        "symbol": "ARC",
        "reportedCurrency": "USD",
        "cik": "0001305168",
        "fillingDate": "2020-05-06",
        "acceptedDate": "2020-05-06 17:13:34",
        "calendarYear": "2020",
        "period": "Q1",
        "revenue": 88425000,
        "costOfRevenue": 60828000,
        "grossProfit": 27597000,
        "grossProfitRatio": 0.3120949958,
        "researchAndDevelopmentExpenses": 0,
        "generalAndAdministrativeExpenses": 24338000,
        "sellingAndMarketingExpenses": 0,
        "sellingGeneralAndAdministrativeExpenses": 24338000,
        "otherExpenses": 16000,
        "operatingExpenses": 24935000,
        "costAndExpenses": 85763000,
        "interestIncome": 0,
        "interestExpense": 1109000,
        "depreciationAndAmortization": 8004000,
        "ebitda": 10682000,
        "ebitdaratio": 0.1208029403,
        "operatingIncome": 2662000,
        "operatingIncomeRatio": 0.0301046084,
        "totalOtherIncomeExpensesNet": -1093000,
        "incomeBeforeTax": 1569000,
        "incomeBeforeTaxRatio": 0.0177438507,
        "incomeTaxExpense": 1107000,
        "netIncome": 683000,
        "netIncomeRatio": 0.0077240599,
        "eps": 0.02,
        "epsdiluted": 0.02,
        "weightedAverageShsOut": 43676000,
        "weightedAverageShsOutDil": 43811000,
        "link": "https://www.sec.gov/Archives/edgar/data/1305168/000130516820000019/0001305168-20-000019-index.htm",
        "finalLink": "https://www.sec.gov/Archives/edgar/data/1305168/000130516820000019/arc-03312020x10q.htm"
    },
    {
        "date": "2019-12-31",
        "symbol": "ARC",
        "reportedCurrency": "USD",
        "cik": "0001305168",
        "fillingDate": "2020-03-12",
        "acceptedDate": "2020-03-12 14:17:58",
        "calendarYear": "2019",
        "period": "Q4",
        "revenue": 92316000,
        "costOfRevenue": 62072000,
        "grossProfit": 30244000,
        "grossProfitRatio": 0.3276138481,
        "researchAndDevelopmentExpenses": 10300000,
        "generalAndAdministrativeExpenses": 26379000,
        "sellingAndMarketingExpenses": 0,
        "sellingGeneralAndAdministrativeExpenses": 26379000,
        "otherExpenses": 18000,
        "operatingExpenses": 27040000,
        "costAndExpenses": 89112000,
        "interestIncome": 0,
        "interestExpense": 1160000,
        "depreciationAndAmortization": 7824000,
        "ebitda": 10308000,
        "ebitdaratio": 0.1116599506,
        "operatingIncome": 2855000,
        "operatingIncomeRatio": 0.0309263833,
        "totalOtherIncomeExpensesNet": -1531000,
        "incomeBeforeTax": 1324000,
        "incomeBeforeTaxRatio": 0.0143420425,
        "incomeTaxExpense": 502000,
        "netIncome": 824000,
        "netIncomeRatio": 0.0089258633,
        "eps": 0.02,
        "epsdiluted": 0.02,
        "weightedAverageShsOut": 44670000,
        "weightedAverageShsOutDil": 44725000,
        "link": "https://www.sec.gov/Archives/edgar/data/1305168/000130516820000004/0001305168-20-000004-index.htm",
        "finalLink": "https://www.sec.gov/Archives/edgar/data/1305168/000130516820000004/arc-12312019x10k.htm"
    },
    {
        "date": "2019-09-30",
        "symbol": "ARC",
        "reportedCurrency": "USD",
        "cik": "0001305168",
        "fillingDate": "2019-11-08",
        "acceptedDate": "2019-11-08 15:54:02",
        "calendarYear": "2019",
        "period": "Q3",
        "revenue": 94104000,
        "costOfRevenue": 63702000,
        "grossProfit": 30402000,
        "grossProfitRatio": 0.3230680949,
        "researchAndDevelopmentExpenses": 0,
        "generalAndAdministrativeExpenses": 26025000,
        "sellingAndMarketingExpenses": 0,
        "sellingGeneralAndAdministrativeExpenses": 26025000,
        "otherExpenses": 17000,
        "operatingExpenses": 26743000,
        "costAndExpenses": 90445000,
        "interestIncome": 0,
        "interestExpense": 1264000,
        "depreciationAndAmortization": 7748000,
        "ebitda": 11407000,
        "ebitdaratio": 0.1212169515,
        "operatingIncome": 3348000,
        "operatingIncomeRatio": 0.0355776588,
        "totalOtherIncomeExpensesNet": -1247000,
        "incomeBeforeTax": 2101000,
        "incomeBeforeTaxRatio": 0.0223263623,
        "incomeTaxExpense": 1042000,
        "netIncome": 1075000,
        "netIncomeRatio": 0.0114235314,
        "eps": 0.02,
        "epsdiluted": 0.02,
        "weightedAverageShsOut": 44978000,
        "weightedAverageShsOutDil": 44992000,
        "link": "https://www.sec.gov/Archives/edgar/data/1305168/000130516819000064/0001305168-19-000064-index.htm",
        "finalLink": "https://www.sec.gov/Archives/edgar/data/1305168/000130516819000064/arc-09302019x10q.htm"
    },
    {
        "date": "2019-06-30",
        "symbol": "ARC",
        "reportedCurrency": "USD",
        "cik": "0001305168",
        "fillingDate": "2019-08-07",
        "acceptedDate": "2019-08-07 14:56:29",
        "calendarYear": "2019",
        "period": "Q2",
        "revenue": 98873000,
        "costOfRevenue": 65025000,
        "grossProfit": 33848000,
        "grossProfitRatio": 0.342338151,
        "researchAndDevelopmentExpenses": 0,
        "generalAndAdministrativeExpenses": 27219000,
        "sellingAndMarketingExpenses": 0,
        "sellingGeneralAndAdministrativeExpenses": 27219000,
        "otherExpenses": 18000,
        "operatingExpenses": 28086000,
        "costAndExpenses": 93111000,
        "interestIncome": 0,
        "interestExpense": 1372000,
        "depreciationAndAmortization": 8014000,
        "ebitda": 13794000,
        "ebitdaratio": 0.1395123037,
        "operatingIncome": 5762000,
        "operatingIncomeRatio": 0.0582767793,
        "totalOtherIncomeExpensesNet": -1354000,
        "incomeBeforeTax": 4408000,
        "incomeBeforeTaxRatio": 0.0445824441,
        "incomeTaxExpense": 3896000,
        "netIncome": 524000,
        "netIncomeRatio": 0.0052997279,
        "eps": 0.01,
        "epsdiluted": 0.01,
        "weightedAverageShsOut": 45225000,
        "weightedAverageShsOutDil": 45298000,
        "link": "https://www.sec.gov/Archives/edgar/data/1305168/000130516819000058/0001305168-19-000058-index.htm",
        "finalLink": "https://www.sec.gov/Archives/edgar/data/1305168/000130516819000058/arc-06302019x10q.htm"
    },
    {
        "date": "2019-03-31",
        "symbol": "ARC",
        "reportedCurrency": "USD",
        "cik": "0001305168",
        "fillingDate": "2019-05-08",
        "acceptedDate": "2019-05-08 16:39:36",
        "calendarYear": "2019",
        "period": "Q1",
        "revenue": 97122000,
        "costOfRevenue": 66447000,
        "grossProfit": 30675000,
        "grossProfitRatio": 0.3158398715,
        "researchAndDevelopmentExpenses": 0,
        "generalAndAdministrativeExpenses": 27637000,
        "sellingAndMarketingExpenses": 0,
        "sellingGeneralAndAdministrativeExpenses": 27637000,
        "otherExpenses": 18000,
        "operatingExpenses": 28532000,
        "costAndExpenses": 94979000,
        "interestIncome": 0,
        "interestExpense": 1430000,
        "depreciationAndAmortization": 8318000,
        "ebitda": 10479000,
        "ebitdaratio": 0.1078952246,
        "operatingIncome": 2143000,
        "operatingIncomeRatio": 0.0220650316,
        "totalOtherIncomeExpensesNet": -1412000,
        "incomeBeforeTax": 731000,
        "incomeBeforeTaxRatio": 0.007526616,
        "incomeTaxExpense": 284000,
        "netIncome": 592000,
        "netIncomeRatio": 0.0060954264,
        "eps": 0.01,
        "epsdiluted": 0.01,
        "weightedAverageShsOut": 45118000,
        "weightedAverageShsOutDil": 45355000,
        "link": "https://www.sec.gov/Archives/edgar/data/1305168/000130516819000053/0001305168-19-000053-index.htm",
        "finalLink": "https://www.sec.gov/Archives/edgar/data/1305168/000130516819000053/arc-03312019x10q.htm"
    },
    {
        "date": "2018-12-31",
        "symbol": "ARC",
        "reportedCurrency": "USD",
        "cik": "0001305168",
        "fillingDate": "2019-03-06",
        "acceptedDate": "2019-03-06 14:14:15",
        "calendarYear": "2018",
        "period": "Q4",
        "revenue": 98413000,
        "costOfRevenue": 66255000,
        "grossProfit": 32158000,
        "grossProfitRatio": 0.3267657728,
        "researchAndDevelopmentExpenses": 9500000,
        "generalAndAdministrativeExpenses": 27342000,
        "sellingAndMarketingExpenses": 0,
        "sellingGeneralAndAdministrativeExpenses": 27342000,
        "otherExpenses": 18000,
        "operatingExpenses": 28268000,
        "costAndExpenses": 94523000,
        "interestIncome": 0,
        "interestExpense": 1444000,
        "depreciationAndAmortization": 8237000,
        "ebitda": 12145000,
        "ebitdaratio": 0.1234084928,
        "operatingIncome": 3890000,
        "operatingIncomeRatio": 0.0395272982,
        "totalOtherIncomeExpensesNet": -1426000,
        "incomeBeforeTax": 2464000,
        "incomeBeforeTaxRatio": 0.0250373426,
        "incomeTaxExpense": 808000,
        "netIncome": 1612000,
        "netIncomeRatio": 0.0163799498,
        "eps": 0.04,
        "epsdiluted": 0.04,
        "weightedAverageShsOut": 45009000,
        "weightedAverageShsOutDil": 45218000,
        "link": "https://www.sec.gov/Archives/edgar/data/1305168/000130516819000026/0001305168-19-000026-index.htm",
        "finalLink": "https://www.sec.gov/Archives/edgar/data/1305168/000130516819000026/arc-12312018x10k.htm"
    },
    {
        "date": "2018-09-30",
        "symbol": "ARC",
        "reportedCurrency": "USD",
        "cik": "0001305168",
        "fillingDate": "2018-11-08",
        "acceptedDate": "2018-11-07 18:26:45",
        "calendarYear": "2018",
        "period": "Q3",
        "revenue": 100473000,
        "costOfRevenue": 67801000,
        "grossProfit": 32672000,
        "grossProfitRatio": 0.3251818897,
        "researchAndDevelopmentExpenses": 0,
        "generalAndAdministrativeExpenses": 26973000,
        "sellingAndMarketingExpenses": 0,
        "sellingGeneralAndAdministrativeExpenses": 26973000,
        "otherExpenses": -38000,
        "operatingExpenses": 27922000,
        "costAndExpenses": 95723000,
        "interestIncome": 0,
        "interestExpense": 1478000,
        "depreciationAndAmortization": 8338000,
        "ebitda": 13050000,
        "ebitdaratio": 0.1298856409,
        "operatingIncome": 4750000,
        "operatingIncomeRatio": 0.0472763827,
        "totalOtherIncomeExpensesNet": -1516000,
        "incomeBeforeTax": 3234000,
        "incomeBeforeTaxRatio": 0.0321877519,
        "incomeTaxExpense": 647000,
        "netIncome": 2559000,
        "netIncomeRatio": 0.0254695291,
        "eps": 0.06,
        "epsdiluted": 0.06,
        "weightedAverageShsOut": 44983000,
        "weightedAverageShsOutDil": 45188000,
        "link": "https://www.sec.gov/Archives/edgar/data/1305168/000130516818000068/0001305168-18-000068-index.htm",
        "finalLink": "https://www.sec.gov/Archives/edgar/data/1305168/000130516818000068/arc-09302018x10q.htm"
    },
    {
        "date": "2018-06-30",
        "symbol": "ARC",
        "reportedCurrency": "USD",
        "cik": "0001305168",
        "fillingDate": "2018-08-03",
        "acceptedDate": "2018-08-03 14:47:51",
        "calendarYear": "2018",
        "period": "Q2",
        "revenue": 104190000,
        "costOfRevenue": 68355000,
        "grossProfit": 35835000,
        "grossProfitRatio": 0.3439389577,
        "researchAndDevelopmentExpenses": 0,
        "generalAndAdministrativeExpenses": 27506000,
        "sellingAndMarketingExpenses": 0,
        "sellingGeneralAndAdministrativeExpenses": 27506000,
        "otherExpenses": 20000,
        "operatingExpenses": 28491000,
        "costAndExpenses": 96846000,
        "interestIncome": 0,
        "interestExpense": 1516000,
        "depreciationAndAmortization": 8175000,
        "ebitda": 15539000,
        "ebitdaratio": 0.1491409924,
        "operatingIncome": 7344000,
        "operatingIncomeRatio": 0.070486611,
        "totalOtherIncomeExpensesNet": -1496000,
        "incomeBeforeTax": 5848000,
        "incomeBeforeTaxRatio": 0.0561282273,
        "incomeTaxExpense": 1840000,
        "netIncome": 4074000,
        "netIncomeRatio": 0.0391016412,
        "eps": 0.09,
        "epsdiluted": 0.09,
        "weightedAverageShsOut": 44936000,
        "weightedAverageShsOutDil": 44979000,
        "link": "https://www.sec.gov/Archives/edgar/data/1305168/000130516818000062/0001305168-18-000062-index.htm",
        "finalLink": "https://www.sec.gov/Archives/edgar/data/1305168/000130516818000062/arc-06302018x10q.htm"
    },
    {
        "date": "2018-03-31",
        "symbol": "ARC",
        "reportedCurrency": "USD",
        "cik": "0001305168",
        "fillingDate": "2018-05-02",
        "acceptedDate": "2018-05-02 13:38:24",
        "calendarYear": "2018",
        "period": "Q1",
        "revenue": 97708000,
        "costOfRevenue": 67523000,
        "grossProfit": 30185000,
        "grossProfitRatio": 0.3089306914,
        "researchAndDevelopmentExpenses": 0,
        "generalAndAdministrativeExpenses": 27301000,
        "sellingAndMarketingExpenses": 0,
        "sellingGeneralAndAdministrativeExpenses": 27301000,
        "otherExpenses": 81000,
        "operatingExpenses": 28309000,
        "costAndExpenses": 95832000,
        "interestIncome": 0,
        "interestExpense": 1442000,
        "depreciationAndAmortization": 8137000,
        "ebitda": 10094000,
        "ebitdaratio": 0.1033078151,
        "operatingIncome": 1876000,
        "operatingIncomeRatio": 0.0192000655,
        "totalOtherIncomeExpensesNet": -1361000,
        "incomeBeforeTax": 515000,
        "incomeBeforeTaxRatio": 0.0052708069,
        "incomeTaxExpense": 39000,
        "netIncome": 628000,
        "netIncomeRatio": 0.006427314,
        "eps": 0.01,
        "epsdiluted": 0.01,
        "weightedAverageShsOut": 44741000,
        "weightedAverageShsOutDil": 44855000,
        "link": "https://www.sec.gov/Archives/edgar/data/1305168/000130516818000053/0001305168-18-000053-index.htm",
        "finalLink": "https://www.sec.gov/Archives/edgar/data/1305168/000130516818000053/arc-03312018x10q.htm"
    },
    {
        "date": "2017-12-31",
        "symbol": "ARC",
        "reportedCurrency": "USD",
        "cik": "0001305168",
        "fillingDate": "2018-03-05",
        "acceptedDate": "2018-03-05 17:00:27",
        "calendarYear": "2017",
        "period": "Q4",
        "revenue": 97110000,
        "costOfRevenue": 67638000,
        "grossProfit": 29472000,
        "grossProfitRatio": 0.3034908866,
        "researchAndDevelopmentExpenses": 7700000,
        "generalAndAdministrativeExpenses": 25349000,
        "sellingAndMarketingExpenses": 0,
        "sellingGeneralAndAdministrativeExpenses": 25349000,
        "otherExpenses": 21000,
        "operatingExpenses": 26379000,
        "costAndExpenses": 94017000,
        "interestIncome": 0,
        "interestExpense": 1500000,
        "depreciationAndAmortization": 8286000,
        "ebitda": 11400000,
        "ebitdaratio": 0.1173926475,
        "operatingIncome": 3093000,
        "operatingIncomeRatio": 0.0318504788,
        "totalOtherIncomeExpensesNet": -1479000,
        "incomeBeforeTax": 1614000,
        "incomeBeforeTaxRatio": 0.0166203275,
        "incomeTaxExpense": 13670000,
        "netIncome": -12157000,
        "netIncomeRatio": -0.1251879312,
        "eps": -0.27,
        "epsdiluted": -0.27,
        "weightedAverageShsOut": 44837938,
        "weightedAverageShsOutDil": 45414000,
        "link": "https://www.sec.gov/Archives/edgar/data/1305168/000130516818000021/0001305168-18-000021-index.htm",
        "finalLink": "https://www.sec.gov/Archives/edgar/data/1305168/000130516818000021/arc-12312017x10k.htm"
    },
    {
        "date": "2017-09-30",
        "symbol": "ARC",
        "reportedCurrency": "USD",
        "cik": "0001305168",
        "fillingDate": "2017-11-03",
        "acceptedDate": "2017-11-02 19:34:08",
        "calendarYear": "2017",
        "period": "Q3",
        "revenue": 96458000,
        "costOfRevenue": 67231000,
        "grossProfit": 29227000,
        "grossProfitRatio": 0.303002343,
        "researchAndDevelopmentExpenses": 0,
        "generalAndAdministrativeExpenses": 25843000,
        "sellingAndMarketingExpenses": 0,
        "sellingGeneralAndAdministrativeExpenses": 25843000,
        "otherExpenses": 19000,
        "operatingExpenses": 26896000,
        "costAndExpenses": 94127000,
        "interestIncome": 0,
        "interestExpense": 1530000,
        "depreciationAndAmortization": 8430000,
        "ebitda": -7084000,
        "ebitdaratio": -0.0734412905,
        "operatingIncome": -15306000,
        "operatingIncomeRatio": -0.158680462,
        "totalOtherIncomeExpensesNet": -1635000,
        "incomeBeforeTax": -16941000,
        "incomeBeforeTaxRatio": -0.1756308445,
        "incomeTaxExpense": -2174000,
        "netIncome": -14774000,
        "netIncomeRatio": -0.1531651081,
        "eps": -0.32,
        "epsdiluted": -0.32,
        "weightedAverageShsOut": 45834000,
        "weightedAverageShsOutDil": 45834000,
        "link": "https://www.sec.gov/Archives/edgar/data/1305168/000130516817000028/0001305168-17-000028-index.htm",
        "finalLink": "https://www.sec.gov/Archives/edgar/data/1305168/000130516817000028/arc-09302017x10q.htm"
    },
    {
        "date": "2017-06-30",
        "symbol": "ARC",
        "reportedCurrency": "USD",
        "cik": "0001305168",
        "fillingDate": "2017-08-02",
        "acceptedDate": "2017-08-02 14:32:45",
        "calendarYear": "2017",
        "period": "Q2",
        "revenue": 102280000,
        "costOfRevenue": 67794000,
        "grossProfit": 34486000,
        "grossProfitRatio": 0.3371724677,
        "researchAndDevelopmentExpenses": 0,
        "generalAndAdministrativeExpenses": 25550000,
        "sellingAndMarketingExpenses": 0,
        "sellingGeneralAndAdministrativeExpenses": 25550000,
        "otherExpenses": 22000,
        "operatingExpenses": 26632000,
        "costAndExpenses": 94426000,
        "interestIncome": 0,
        "interestExpense": 1594000,
        "depreciationAndAmortization": 8353000,
        "ebitda": 16207000,
        "ebitdaratio": 0.1584571764,
        "operatingIncome": 7854000,
        "operatingIncomeRatio": 0.0767892061,
        "totalOtherIncomeExpensesNet": -1612000,
        "incomeBeforeTax": 6242000,
        "incomeBeforeTaxRatio": 0.0610285491,
        "incomeTaxExpense": 2522000,
        "netIncome": 3636000,
        "netIncomeRatio": 0.035549472,
        "eps": 0.08,
        "epsdiluted": 0.08,
        "weightedAverageShsOut": 45792000,
        "weightedAverageShsOutDil": 46258000,
        "link": "https://www.sec.gov/Archives/edgar/data/1305168/000130516817000019/0001305168-17-000019-index.htm",
        "finalLink": "https://www.sec.gov/Archives/edgar/data/1305168/000130516817000019/arc-06302017x10q.htm"
    },
    {
        "date": "2017-03-31",
        "symbol": "ARC",
        "reportedCurrency": "USD",
        "cik": "0001305168",
        "fillingDate": "2017-05-05",
        "acceptedDate": "2017-05-05 16:49:12",
        "calendarYear": "2017",
        "period": "Q1",
        "revenue": 98731000,
        "costOfRevenue": 67893000,
        "grossProfit": 30838000,
        "grossProfitRatio": 0.3123436408,
        "researchAndDevelopmentExpenses": 0,
        "generalAndAdministrativeExpenses": 25147000,
        "sellingAndMarketingExpenses": 0,
        "sellingGeneralAndAdministrativeExpenses": 25147000,
        "otherExpenses": 19000,
        "operatingExpenses": 26262000,
        "costAndExpenses": 94155000,
        "interestIncome": 0,
        "interestExpense": 1555000,
        "depreciationAndAmortization": 8254000,
        "ebitda": 12830000,
        "ebitdaratio": 0.1299490535,
        "operatingIncome": 4576000,
        "operatingIncomeRatio": 0.0463481581,
        "totalOtherIncomeExpensesNet": -1602000,
        "incomeBeforeTax": 2974000,
        "incomeBeforeTaxRatio": 0.0301222514,
        "incomeTaxExpense": 1226000,
        "netIncome": 1784000,
        "netIncomeRatio": 0.0180692994,
        "eps": 0.04,
        "epsdiluted": 0.04,
        "weightedAverageShsOut": 45639000,
        "weightedAverageShsOutDil": 46382000,
        "link": "https://www.sec.gov/Archives/edgar/data/1305168/000130516817000012/0001305168-17-000012-index.htm",
        "finalLink": "https://www.sec.gov/Archives/edgar/data/1305168/000130516817000012/arc-03312017x10q.htm"
    },
    {
        "date": "2016-12-31",
        "symbol": "ARC",
        "reportedCurrency": "USD",
        "cik": "0001305168",
        "fillingDate": "2017-03-01",
        "acceptedDate": "2017-03-01 14:54:39",
        "calendarYear": "2016",
        "period": "Q4",
        "revenue": 98558000,
        "costOfRevenue": 68174000,
        "grossProfit": 30384000,
        "grossProfitRatio": 0.3082854766,
        "researchAndDevelopmentExpenses": 6600000,
        "generalAndAdministrativeExpenses": 23462000,
        "sellingAndMarketingExpenses": 0,
        "sellingGeneralAndAdministrativeExpenses": 23462000,
        "otherExpenses": 18000,
        "operatingExpenses": 24590000,
        "costAndExpenses": 92764000,
        "interestIncome": 0,
        "interestExpense": 1461000,
        "depreciationAndAmortization": 8014000,
        "ebitda": 13774000,
        "ebitdaratio": 0.139755271,
        "operatingIncome": 5794000,
        "operatingIncomeRatio": 0.0587877189,
        "totalOtherIncomeExpensesNet": -1495000,
        "incomeBeforeTax": 4299000,
        "incomeBeforeTaxRatio": 0.0436189858,
        "incomeTaxExpense": 1520000,
        "netIncome": 2624000,
        "netIncomeRatio": 0.0266239169,
        "eps": 0.06,
        "epsdiluted": 0.06,
        "weightedAverageShsOut": 45567000,
        "weightedAverageShsOutDil": 46274000,
        "link": "https://www.sec.gov/Archives/edgar/data/1305168/000130516817000007/0001305168-17-000007-index.htm",
        "finalLink": "https://www.sec.gov/Archives/edgar/data/1305168/000130516817000007/arc-12312016x10k.htm"
    },
    {
        "date": "2016-09-30",
        "symbol": "ARC",
        "reportedCurrency": "USD",
        "cik": "0001305168",
        "fillingDate": "2016-11-07",
        "acceptedDate": "2016-11-04 19:12:33",
        "calendarYear": "2016",
        "period": "Q3",
        "revenue": 100443000,
        "costOfRevenue": 67713000,
        "grossProfit": 32730000,
        "grossProfitRatio": 0.3258564559,
        "researchAndDevelopmentExpenses": 0,
        "generalAndAdministrativeExpenses": 24893000,
        "sellingAndMarketingExpenses": 0,
        "sellingGeneralAndAdministrativeExpenses": 24893000,
        "otherExpenses": 16000,
        "operatingExpenses": 26053000,
        "costAndExpenses": 93766000,
        "interestIncome": 0,
        "interestExpense": 1563000,
        "depreciationAndAmortization": 7857000,
        "ebitda": 14534000,
        "ebitdaratio": 0.1446989835,
        "operatingIncome": 6677000,
        "operatingIncomeRatio": 0.0664755135,
        "totalOtherIncomeExpensesNet": -1613000,
        "incomeBeforeTax": 5064000,
        "incomeBeforeTaxRatio": 0.0504166542,
        "incomeTaxExpense": 2162000,
        "netIncome": 2841000,
        "netIncomeRatio": 0.0282846988,
        "eps": 0.06,
        "epsdiluted": 0.06,
        "weightedAverageShsOut": 45599000,
        "weightedAverageShsOutDil": 46189000,
        "link": "https://www.sec.gov/Archives/edgar/data/1305168/000130516816000047/0001305168-16-000047-index.htm",
        "finalLink": "https://www.sec.gov/Archives/edgar/data/1305168/000130516816000047/arc-09302016x10q.htm"
    },
    {
        "date": "2016-06-30",
        "symbol": "ARC",
        "reportedCurrency": "USD",
        "cik": "0001305168",
        "fillingDate": "2016-08-04",
        "acceptedDate": "2016-08-03 21:22:40",
        "calendarYear": "2016",
        "period": "Q2",
        "revenue": 103770000,
        "costOfRevenue": 67378000,
        "grossProfit": 36392000,
        "grossProfitRatio": 0.3506986605,
        "researchAndDevelopmentExpenses": 0,
        "generalAndAdministrativeExpenses": 25503000,
        "sellingAndMarketingExpenses": 0,
        "sellingGeneralAndAdministrativeExpenses": 25503000,
        "otherExpenses": 15000,
        "operatingExpenses": 26735000,
        "costAndExpenses": 94113000,
        "interestIncome": 0,
        "interestExpense": 1526000,
        "depreciationAndAmortization": 7890000,
        "ebitda": -64268000,
        "ebitdaratio": -0.6193312133,
        "operatingIncome": -64268000,
        "operatingIncomeRatio": -0.6193312133,
        "totalOtherIncomeExpensesNet": -1555000,
        "incomeBeforeTax": -65823000,
        "incomeBeforeTaxRatio": -0.6343162764,
        "incomeTaxExpense": -10015000,
        "netIncome": -55904000,
        "netIncomeRatio": -0.5387298834,
        "eps": -1.22,
        "epsdiluted": -1.22,
        "weightedAverageShsOut": 45822950,
        "weightedAverageShsOutDil": 45955000,
        "link": "https://www.sec.gov/Archives/edgar/data/1305168/000130516816000041/0001305168-16-000041-index.htm",
        "finalLink": "https://www.sec.gov/Archives/edgar/data/1305168/000130516816000041/arc-06302016x10q.htm"
    },
    {
        "date": "2016-03-31",
        "symbol": "ARC",
        "reportedCurrency": "USD",
        "cik": "0001305168",
        "fillingDate": "2016-05-04",
        "acceptedDate": "2016-05-03 19:01:06",
        "calendarYear": "2016",
        "period": "Q1",
        "revenue": 103550000,
        "costOfRevenue": 69813000,
        "grossProfit": 33737000,
        "grossProfitRatio": 0.3258039594,
        "researchAndDevelopmentExpenses": 0,
        "generalAndAdministrativeExpenses": 26356000,
        "sellingAndMarketingExpenses": 0,
        "sellingGeneralAndAdministrativeExpenses": 26356000,
        "otherExpenses": 23000,
        "operatingExpenses": 27669000,
        "costAndExpenses": 97482000,
        "interestIncome": 0,
        "interestExpense": 1446000,
        "depreciationAndAmortization": 7990000,
        "ebitda": 14058000,
        "ebitdaratio": 0.1357605022,
        "operatingIncome": 6066000,
        "operatingIncomeRatio": 0.0585803959,
        "totalOtherIncomeExpensesNet": -1469000,
        "incomeBeforeTax": 4597000,
        "incomeBeforeTaxRatio": 0.0443940126,
        "incomeTaxExpense": 1969000,
        "netIncome": 2574000,
        "netIncomeRatio": 0.0248575567,
        "eps": 0.06,
        "epsdiluted": 0.05,
        "weightedAverageShsOut": 46608000,
        "weightedAverageShsOutDil": 47203000,
        "link": "https://www.sec.gov/Archives/edgar/data/1305168/000130516816000034/0001305168-16-000034-index.htm",
        "finalLink": "https://www.sec.gov/Archives/edgar/data/1305168/000130516816000034/arc-03312016x10q.htm"
    },
    {
        "date": "2015-12-31",
        "symbol": "ARC",
        "reportedCurrency": "USD",
        "cik": "0001305168",
        "fillingDate": "2016-03-01",
        "acceptedDate": "2016-02-29 17:51:30",
        "calendarYear": "2015",
        "period": "Q4",
        "revenue": 104539000,
        "costOfRevenue": 69238000,
        "grossProfit": 35301000,
        "grossProfitRatio": 0.3376825874,
        "researchAndDevelopmentExpenses": 6000000,
        "generalAndAdministrativeExpenses": 26877000,
        "sellingAndMarketingExpenses": 0,
        "sellingGeneralAndAdministrativeExpenses": 26877000,
        "otherExpenses": 18000,
        "operatingExpenses": 28213000,
        "costAndExpenses": 97451000,
        "interestIncome": 0,
        "interestExpense": 1499000,
        "depreciationAndAmortization": 8171000,
        "ebitda": 15188000,
        "ebitdaratio": 0.1452854915,
        "operatingIncome": 7088000,
        "operatingIncomeRatio": 0.0678024469,
        "totalOtherIncomeExpensesNet": -1570000,
        "incomeBeforeTax": 5518000,
        "incomeBeforeTaxRatio": 0.0527841284,
        "incomeTaxExpense": 2334000,
        "netIncome": 3061000,
        "netIncomeRatio": 0.0292809382,
        "eps": 0.07,
        "epsdiluted": 0.06,
        "weightedAverageShsOut": 46722000,
        "weightedAverageShsOutDil": 47400000,
        "link": "https://www.sec.gov/Archives/edgar/data/1305168/000130516816000028/0001305168-16-000028-index.htm",
        "finalLink": "https://www.sec.gov/Archives/edgar/data/1305168/000130516816000028/arc-12312015x10k.htm"
    },
    {
        "date": "2015-09-30",
        "symbol": "ARC",
        "reportedCurrency": "USD",
        "cik": "0001305168",
        "fillingDate": "2015-11-06",
        "acceptedDate": "2015-11-05 19:07:22",
        "calendarYear": "2015",
        "period": "Q3",
        "revenue": 106418000,
        "costOfRevenue": 70475000,
        "grossProfit": 35943000,
        "grossProfitRatio": 0.3377530117,
        "researchAndDevelopmentExpenses": 0,
        "generalAndAdministrativeExpenses": 25816000,
        "sellingAndMarketingExpenses": 0,
        "sellingGeneralAndAdministrativeExpenses": 25816000,
        "otherExpenses": 25000,
        "operatingExpenses": 27191000,
        "costAndExpenses": 97666000,
        "interestIncome": 0,
        "interestExpense": 1679000,
        "depreciationAndAmortization": 8415000,
        "ebitda": 17167000,
        "ebitdaratio": 0.1613166945,
        "operatingIncome": 8748000,
        "operatingIncomeRatio": 0.0822041384,
        "totalOtherIncomeExpensesNet": -1750000,
        "incomeBeforeTax": 6998000,
        "incomeBeforeTaxRatio": 0.065759552,
        "incomeTaxExpense": -73338000,
        "netIncome": 80286000,
        "netIncomeRatio": 0.7544400383,
        "eps": 1.72,
        "epsdiluted": 1.69,
        "weightedAverageShsOut": 46698000,
        "weightedAverageShsOutDil": 47557000,
        "link": "https://www.sec.gov/Archives/edgar/data/1305168/000130516815000018/0001305168-15-000018-index.htm",
        "finalLink": "https://www.sec.gov/Archives/edgar/data/1305168/000130516815000018/arc-9302015x10q.htm"
    },
    {
        "date": "2015-06-30",
        "symbol": "ARC",
        "reportedCurrency": "USD",
        "cik": "0001305168",
        "fillingDate": "2015-08-05",
        "acceptedDate": "2015-08-04 19:54:58",
        "calendarYear": "2015",
        "period": "Q2",
        "revenue": 113389000,
        "costOfRevenue": 72530000,
        "grossProfit": 40859000,
        "grossProfitRatio": 0.3603435959,
        "researchAndDevelopmentExpenses": 0,
        "generalAndAdministrativeExpenses": 27132000,
        "sellingAndMarketingExpenses": 0,
        "sellingGeneralAndAdministrativeExpenses": 27132000,
        "otherExpenses": 30000,
        "operatingExpenses": 28574000,
        "costAndExpenses": 101104000,
        "interestIncome": 0,
        "interestExpense": 1939000,
        "depreciationAndAmortization": 8520000,
        "ebitda": 20805000,
        "ebitdaratio": 0.1834834067,
        "operatingIncome": 12274000,
        "operatingIncomeRatio": 0.1082468317,
        "totalOtherIncomeExpensesNet": -2006000,
        "incomeBeforeTax": 10268000,
        "incomeBeforeTaxRatio": 0.0905555213,
        "incomeTaxExpense": 811000,
        "netIncome": 9257000,
        "netIncomeRatio": 0.0816393125,
        "eps": 0.2,
        "epsdiluted": 0.19,
        "weightedAverageShsOut": 46611000,
        "weightedAverageShsOutDil": 47558000,
        "link": "https://www.sec.gov/Archives/edgar/data/1305168/000162828015006066/0001628280-15-006066-index.htm",
        "finalLink": "https://www.sec.gov/Archives/edgar/data/1305168/000162828015006066/arc-6302015x10q.htm"
    },
    {
        "date": "2015-03-31",
        "symbol": "ARC",
        "reportedCurrency": "USD",
        "cik": "0001305168",
        "fillingDate": "2015-05-06",
        "acceptedDate": "2015-05-05 21:26:16",
        "calendarYear": "2015",
        "period": "Q1",
        "revenue": 104319000,
        "costOfRevenue": 68298000,
        "grossProfit": 36021000,
        "grossProfitRatio": 0.3452966382,
        "researchAndDevelopmentExpenses": 0,
        "generalAndAdministrativeExpenses": 27455000,
        "sellingAndMarketingExpenses": 0,
        "sellingGeneralAndAdministrativeExpenses": 27455000,
        "otherExpenses": 26000,
        "operatingExpenses": 28944000,
        "costAndExpenses": 97242000,
        "interestIncome": 0,
        "interestExpense": 1857000,
        "depreciationAndAmortization": 8555000,
        "ebitda": 15666000,
        "ebitdaratio": 0.1501739856,
        "operatingIncome": 7003000,
        "operatingIncomeRatio": 0.0671306282,
        "totalOtherIncomeExpensesNet": -1831000,
        "incomeBeforeTax": 5172000,
        "incomeBeforeTaxRatio": 0.0495786961,
        "incomeTaxExpense": 761000,
        "netIncome": 4436000,
        "netIncomeRatio": 0.0425234138,
        "eps": 0.1,
        "epsdiluted": 0.09,
        "weightedAverageShsOut": 46443000,
        "weightedAverageShsOutDil": 47654000,
        "link": "https://www.sec.gov/Archives/edgar/data/1305168/000162828015003717/0001628280-15-003717-index.htm",
        "finalLink": "https://www.sec.gov/Archives/edgar/data/1305168/000162828015003717/arc-3312015x10q.htm"
    },
    {
        "date": "2014-12-31",
        "symbol": "ARC",
        "reportedCurrency": "USD",
        "cik": "0001305168",
        "fillingDate": "2015-03-13",
        "acceptedDate": "2015-03-13 13:36:38",
        "calendarYear": "2014",
        "period": "Q4",
        "revenue": 107594000,
        "costOfRevenue": 72680000,
        "grossProfit": 34914000,
        "grossProfitRatio": 0.3244976486,
        "researchAndDevelopmentExpenses": 6500000,
        "generalAndAdministrativeExpenses": 26952000,
        "sellingAndMarketingExpenses": 0,
        "sellingGeneralAndAdministrativeExpenses": 26952000,
        "otherExpenses": 25000,
        "operatingExpenses": 28441000,
        "costAndExpenses": 101121000,
        "interestIncome": 0,
        "interestExpense": 2923000,
        "depreciationAndAmortization": 8574000,
        "ebitda": 9808000,
        "ebitdaratio": 0.0911574995,
        "operatingIncome": 6461000,
        "operatingIncomeRatio": 0.0600498169,
        "totalOtherIncomeExpensesNet": -8150000,
        "incomeBeforeTax": -1689000,
        "incomeBeforeTaxRatio": -0.0156979014,
        "incomeTaxExpense": 418000,
        "netIncome": -2327000,
        "netIncomeRatio": -0.0216276001,
        "eps": -0.0502,
        "epsdiluted": -0.0502,
        "weightedAverageShsOut": 46393000,
        "weightedAverageShsOutDil": 46393000,
        "link": "https://www.sec.gov/Archives/edgar/data/1305168/000130516815000009/0001305168-15-000009-index.htm",
        "finalLink": "https://www.sec.gov/Archives/edgar/data/1305168/000130516815000009/arc-12312014x10k.htm"
    },
    {
        "date": "2014-09-30",
        "symbol": "ARC",
        "reportedCurrency": "USD",
        "cik": "0001305168",
        "fillingDate": "2014-11-07",
        "acceptedDate": "2014-11-06 19:18:23",
        "calendarYear": "2014",
        "period": "Q3",
        "revenue": 106807000,
        "costOfRevenue": 70584000,
        "grossProfit": 36223000,
        "grossProfitRatio": 0.3391444381,
        "researchAndDevelopmentExpenses": 0,
        "generalAndAdministrativeExpenses": 26331000,
        "sellingAndMarketingExpenses": 0,
        "sellingGeneralAndAdministrativeExpenses": 26331000,
        "otherExpenses": 22000,
        "operatingExpenses": 27828000,
        "costAndExpenses": 98412000,
        "interestIncome": 0,
        "interestExpense": 3780000,
        "depreciationAndAmortization": 8536000,
        "ebitda": 17237000,
        "ebitdaratio": 0.1613845534,
        "operatingIncome": 8384000,
        "operatingIncomeRatio": 0.0784967277,
        "totalOtherIncomeExpensesNet": -4105000,
        "incomeBeforeTax": 4279000,
        "incomeBeforeTaxRatio": 0.0400629172,
        "incomeTaxExpense": 659000,
        "netIncome": 3661000,
        "netIncomeRatio": 0.0342767796,
        "eps": 0.08,
        "epsdiluted": 0.08,
        "weightedAverageShsOut": 46338000,
        "weightedAverageShsOutDil": 47015000,
        "link": "https://www.sec.gov/Archives/edgar/data/1305168/000130516814000015/0001305168-14-000015-index.htm",
        "finalLink": "https://www.sec.gov/Archives/edgar/data/1305168/000130516814000015/arc-9302014x10q.htm"
    },
    {
        "date": "2014-06-30",
        "symbol": "ARC",
        "reportedCurrency": "USD",
        "cik": "0001305168",
        "fillingDate": "2014-08-06",
        "acceptedDate": "2014-08-05 19:28:55",
        "calendarYear": "2014",
        "period": "Q2",
        "revenue": 108982000,
        "costOfRevenue": 69775000,
        "grossProfit": 39207000,
        "grossProfitRatio": 0.3597566571,
        "researchAndDevelopmentExpenses": 0,
        "generalAndAdministrativeExpenses": 28283000,
        "sellingAndMarketingExpenses": 0,
        "sellingGeneralAndAdministrativeExpenses": 28283000,
        "otherExpenses": 23000,
        "operatingExpenses": 29786000,
        "costAndExpenses": 99561000,
        "interestIncome": 0,
        "interestExpense": 3944000,
        "depreciationAndAmortization": 8532000,
        "ebitda": 20036000,
        "ebitdaratio": 0.1838468738,
        "operatingIncome": 9150000,
        "operatingIncomeRatio": 0.0839588189,
        "totalOtherIncomeExpensesNet": -3921000,
        "incomeBeforeTax": 5229000,
        "incomeBeforeTaxRatio": 0.0479804004,
        "incomeTaxExpense": 607000,
        "netIncome": 4545000,
        "netIncomeRatio": 0.0417041346,
        "eps": 0.1,
        "epsdiluted": 0.1,
        "weightedAverageShsOut": 46254000,
        "weightedAverageShsOutDil": 46834000,
        "link": "https://www.sec.gov/Archives/edgar/data/1305168/000130516814000007/0001305168-14-000007-index.htm",
        "finalLink": "https://www.sec.gov/Archives/edgar/data/1305168/000130516814000007/arc-6302014x10q.htm"
    },
    {
        "date": "2014-03-31",
        "symbol": "ARC",
        "reportedCurrency": "USD",
        "cik": "0001305168",
        "fillingDate": "2014-05-07",
        "acceptedDate": "2014-05-07 15:20:43",
        "calendarYear": "2014",
        "period": "Q1",
        "revenue": 100373000,
        "costOfRevenue": 66439000,
        "grossProfit": 33934000,
        "grossProfitRatio": 0.3380789655,
        "researchAndDevelopmentExpenses": 0,
        "generalAndAdministrativeExpenses": 26106000,
        "sellingAndMarketingExpenses": 0,
        "sellingGeneralAndAdministrativeExpenses": 26106000,
        "otherExpenses": 26000,
        "operatingExpenses": 27604000,
        "costAndExpenses": 94043000,
        "interestIncome": 0,
        "interestExpense": 3913000,
        "depreciationAndAmortization": 8493000,
        "ebitda": 15221000,
        "ebitdaratio": 0.1516443665,
        "operatingIncome": 5847000,
        "operatingIncomeRatio": 0.0582527174,
        "totalOtherIncomeExpensesNet": -3887000,
        "incomeBeforeTax": 1960000,
        "incomeBeforeTaxRatio": 0.0195271637,
        "incomeTaxExpense": 664000,
        "netIncome": 1396000,
        "netIncomeRatio": 0.0139081227,
        "eps": 0.03,
        "epsdiluted": 0.03,
        "weightedAverageShsOut": 45990000,
        "weightedAverageShsOutDil": 46782000,
        "link": "https://www.sec.gov/Archives/edgar/data/1305168/000144530514001914/0001445305-14-001914-index.htm",
        "finalLink": "https://www.sec.gov/Archives/edgar/data/1305168/000144530514001914/arc-3312014x10q.htm"
    },
    {
        "date": "2013-12-31",
        "symbol": "ARC",
        "reportedCurrency": "USD",
        "cik": "0001305168",
        "fillingDate": "2014-03-14",
        "acceptedDate": "2014-03-14 15:04:32",
        "calendarYear": "2013",
        "period": "Q4",
        "revenue": 101285000,
        "costOfRevenue": 67818000,
        "grossProfit": 33467000,
        "grossProfitRatio": 0.3304240509,
        "researchAndDevelopmentExpenses": 5800000,
        "generalAndAdministrativeExpenses": 24117000,
        "sellingAndMarketingExpenses": 0,
        "sellingGeneralAndAdministrativeExpenses": 24117000,
        "otherExpenses": 20000,
        "operatingExpenses": 25673000,
        "costAndExpenses": 93491000,
        "interestIncome": 0,
        "interestExpense": 5725000,
        "depreciationAndAmortization": 8655000,
        "ebitda": -387000,
        "ebitdaratio": -0.0038209014,
        "operatingIncome": 7015000,
        "operatingIncomeRatio": 0.0692600089,
        "totalOtherIncomeExpensesNet": -21782000,
        "incomeBeforeTax": -14767000,
        "incomeBeforeTaxRatio": -0.1457965148,
        "incomeTaxExpense": 1040000,
        "netIncome": -16010000,
        "netIncomeRatio": -0.1580688157,
        "eps": -0.35,
        "epsdiluted": -0.35,
        "weightedAverageShsOut": 45928000,
        "weightedAverageShsOutDil": 45928000,
        "link": "https://www.sec.gov/Archives/edgar/data/1305168/000144530514001040/0001445305-14-001040-index.htm",
        "finalLink": "https://www.sec.gov/Archives/edgar/data/1305168/000144530514001040/arc-12312013x10k.htm"
    },
    {
        "date": "2013-09-30",
        "symbol": "ARC",
        "reportedCurrency": "USD",
        "cik": "0001305168",
        "fillingDate": "2013-11-07",
        "acceptedDate": "2013-11-06 20:05:13",
        "calendarYear": "2013",
        "period": "Q3",
        "revenue": 101252000,
        "costOfRevenue": 68372000,
        "grossProfit": 32880000,
        "grossProfitRatio": 0.3247343262,
        "researchAndDevelopmentExpenses": 0,
        "generalAndAdministrativeExpenses": 24019000,
        "sellingAndMarketingExpenses": 0,
        "sellingGeneralAndAdministrativeExpenses": 24019000,
        "otherExpenses": 25000,
        "operatingExpenses": 25629000,
        "costAndExpenses": 94001000,
        "interestIncome": 0,
        "interestExpense": 5895000,
        "depreciationAndAmortization": 8669000,
        "ebitda": 15920000,
        "ebitdaratio": 0.1572314621,
        "operatingIncome": 6594000,
        "operatingIncomeRatio": 0.0651246395,
        "totalOtherIncomeExpensesNet": -6132000,
        "incomeBeforeTax": 462000,
        "incomeBeforeTaxRatio": 0.0045628728,
        "incomeTaxExpense": 790000,
        "netIncome": -450000,
        "netIncomeRatio": -0.0044443567,
        "eps": -0.01,
        "epsdiluted": -0.0098,
        "weightedAverageShsOut": 45000000,
        "weightedAverageShsOutDil": 45976000,
        "link": "https://www.sec.gov/Archives/edgar/data/1305168/000130516813000007/0001305168-13-000007-index.htm",
        "finalLink": "https://www.sec.gov/Archives/edgar/data/1305168/000130516813000007/arc-9302013x10q.htm"
    },
    {
        "date": "2013-06-30",
        "symbol": "ARC",
        "reportedCurrency": "USD",
        "cik": "0001305168",
        "fillingDate": "2013-08-07",
        "acceptedDate": "2013-08-06 20:47:25",
        "calendarYear": "2013",
        "period": "Q2",
        "revenue": 104622000,
        "costOfRevenue": 69011000,
        "grossProfit": 35611000,
        "grossProfitRatio": 0.3403777408,
        "researchAndDevelopmentExpenses": 0,
        "generalAndAdministrativeExpenses": 24891000,
        "sellingAndMarketingExpenses": 0,
        "sellingGeneralAndAdministrativeExpenses": 24891000,
        "otherExpenses": 35000,
        "operatingExpenses": 26590000,
        "costAndExpenses": 95601000,
        "interestIncome": 0,
        "interestExpense": 6076000,
        "depreciationAndAmortization": 8719000,
        "ebitda": 17139000,
        "ebitdaratio": 0.1638183174,
        "operatingIncome": 8385000,
        "operatingIncomeRatio": 0.0801456673,
        "totalOtherIncomeExpensesNet": -6041000,
        "incomeBeforeTax": 2344000,
        "incomeBeforeTaxRatio": 0.0224044656,
        "incomeTaxExpense": 1467000,
        "netIncome": 722000,
        "netIncomeRatio": 0.0069010342,
        "eps": 0.02,
        "epsdiluted": 0.02,
        "weightedAverageShsOut": 45901000,
        "weightedAverageShsOutDil": 46058000,
        "link": "https://www.sec.gov/Archives/edgar/data/1305168/000119312513322295/0001193125-13-322295-index.htm",
        "finalLink": "https://www.sec.gov/Archives/edgar/data/1305168/000119312513322295/d555172d10q.htm"
    },
    {
        "date": "2013-03-31",
        "symbol": "ARC",
        "reportedCurrency": "USD",
        "cik": "0001305168",
        "fillingDate": "2013-05-08",
        "acceptedDate": "2013-05-08 15:12:48",
        "calendarYear": "2013",
        "period": "Q1",
        "revenue": 100036000,
        "costOfRevenue": 67657000,
        "grossProfit": 32379000,
        "grossProfitRatio": 0.3236734775,
        "researchAndDevelopmentExpenses": 0,
        "generalAndAdministrativeExpenses": 23773000,
        "sellingAndMarketingExpenses": 0,
        "sellingGeneralAndAdministrativeExpenses": 23773000,
        "otherExpenses": 26000,
        "operatingExpenses": 25520000,
        "costAndExpenses": 93177000,
        "interestIncome": 0,
        "interestExpense": 6041000,
        "depreciationAndAmortization": 8702000,
        "ebitda": 15115000,
        "ebitdaratio": 0.1510956056,
        "operatingIncome": 6387000,
        "operatingIncomeRatio": 0.0638470151,
        "totalOtherIncomeExpensesNet": -6015000,
        "incomeBeforeTax": 372000,
        "incomeBeforeTaxRatio": 0.0037186613,
        "incomeTaxExpense": -311000,
        "netIncome": 415000,
        "netIncomeRatio": 0.0041485065,
        "eps": 0.01,
        "epsdiluted": 0.01,
        "weightedAverageShsOut": 45762000,
        "weightedAverageShsOutDil": 45791000,
        "link": "https://www.sec.gov/Archives/edgar/data/1305168/000119312513207213/0001193125-13-207213-index.htm",
        "finalLink": "https://www.sec.gov/Archives/edgar/data/1305168/000119312513207213/d515592d10q.htm"
    },
    {
        "date": "2012-12-31",
        "symbol": "ARC",
        "reportedCurrency": "USD",
        "cik": "0001305168",
        "fillingDate": "2013-03-13",
        "acceptedDate": "2013-03-13 16:37:01",
        "calendarYear": "2012",
        "period": "Q4",
        "revenue": 96891000,
        "costOfRevenue": 68251000,
        "grossProfit": 28640000,
        "grossProfitRatio": 0.2955898897,
        "researchAndDevelopmentExpenses": 5900000,
        "generalAndAdministrativeExpenses": 21727000,
        "sellingAndMarketingExpenses": 0,
        "sellingGeneralAndAdministrativeExpenses": 21727000,
        "otherExpenses": 21000,
        "operatingExpenses": 23518000,
        "costAndExpenses": 91769000,
        "interestIncome": 0,
        "interestExpense": 6490000,
        "depreciationAndAmortization": 9012000,
        "ebitda": 10835000,
        "ebitdaratio": 0.1118266918,
        "operatingIncome": 1802000,
        "operatingIncomeRatio": 0.0185982186,
        "totalOtherIncomeExpensesNet": -6469000,
        "incomeBeforeTax": -4667000,
        "incomeBeforeTaxRatio": -0.0481675285,
        "incomeTaxExpense": 939000,
        "netIncome": -5896000,
        "netIncomeRatio": -0.0608518851,
        "eps": -0.13,
        "epsdiluted": -0.13,
        "weightedAverageShsOut": 45316895,
        "weightedAverageShsOutDil": 45749000,
        "link": "https://www.sec.gov/Archives/edgar/data/1305168/000119312513105310/0001193125-13-105310-index.htm",
        "finalLink": "https://www.sec.gov/Archives/edgar/data/1305168/000119312513105310/d452892d10k.htm"
    },
    {
        "date": "2012-09-30",
        "symbol": "ARC",
        "reportedCurrency": "USD",
        "cik": "0001305168",
        "fillingDate": "2012-11-08",
        "acceptedDate": "2012-11-08 13:12:31",
        "calendarYear": "2012",
        "period": "Q3",
        "revenue": 99426000,
        "costOfRevenue": 70178000,
        "grossProfit": 29248000,
        "grossProfitRatio": 0.2941685273,
        "researchAndDevelopmentExpenses": 0,
        "generalAndAdministrativeExpenses": 23916000,
        "sellingAndMarketingExpenses": 0,
        "sellingGeneralAndAdministrativeExpenses": 23916000,
        "otherExpenses": 1846000,
        "operatingExpenses": 25762000,
        "costAndExpenses": 95940000,
        "interestIncome": 0,
        "interestExpense": 6982000,
        "depreciationAndAmortization": 1846000,
        "ebitda": -4207000,
        "ebitdaratio": -0.0423128759,
        "operatingIncome": -13221000,
        "operatingIncomeRatio": -0.1329732665,
        "totalOtherIncomeExpensesNet": -6957000,
        "incomeBeforeTax": -20178000,
        "incomeBeforeTaxRatio": -0.2029449037,
        "incomeTaxExpense": -84000,
        "netIncome": -20112000,
        "netIncomeRatio": -0.2022810935,
        "eps": -0.44,
        "epsdiluted": -0.44,
        "weightedAverageShsOut": 45709090,
        "weightedAverageShsOutDil": 45716000,
        "link": "https://www.sec.gov/Archives/edgar/data/1305168/000119312512459835/0001193125-12-459835-index.htm",
        "finalLink": "https://www.sec.gov/Archives/edgar/data/1305168/000119312512459835/d405119d10q.htm"
    },
    {
        "date": "2012-06-30",
        "symbol": "ARC",
        "reportedCurrency": "USD",
        "cik": "0001305168",
        "fillingDate": "2012-08-08",
        "acceptedDate": "2012-08-07 18:01:53",
        "calendarYear": "2012",
        "period": "Q2",
        "revenue": 106228000,
        "costOfRevenue": 72475000,
        "grossProfit": 33753000,
        "grossProfitRatio": 0.3177410852,
        "researchAndDevelopmentExpenses": 0,
        "generalAndAdministrativeExpenses": 23973000,
        "sellingAndMarketingExpenses": 0,
        "sellingGeneralAndAdministrativeExpenses": 23973000,
        "otherExpenses": 2805000,
        "operatingExpenses": 26778000,
        "costAndExpenses": 99253000,
        "interestIncome": 0,
        "interestExpense": 7255000,
        "depreciationAndAmortization": 9866000,
        "ebitda": 16865000,
        "ebitdaratio": 0.1587622849,
        "operatingIncome": 6975000,
        "operatingIncomeRatio": 0.0656606544,
        "totalOtherIncomeExpensesNet": -7231000,
        "incomeBeforeTax": -256000,
        "incomeBeforeTaxRatio": -0.0024099108,
        "incomeTaxExpense": 619000,
        "netIncome": -1053000,
        "netIncomeRatio": -0.0099126407,
        "eps": -0.0231,
        "epsdiluted": -0.0231,
        "weightedAverageShsOut": 45667000,
        "weightedAverageShsOutDil": 45667000,
        "link": "https://www.sec.gov/Archives/edgar/data/1305168/000119312512341384/0001193125-12-341384-index.htm",
        "finalLink": "https://www.sec.gov/Archives/edgar/data/1305168/000119312512341384/d352637d10q.htm"
    },
    {
        "date": "2012-03-31",
        "symbol": "ARC",
        "reportedCurrency": "USD",
        "cik": "0001305168",
        "fillingDate": "2012-05-09",
        "acceptedDate": "2012-05-08 18:41:02",
        "calendarYear": "2012",
        "period": "Q1",
        "revenue": 103573000,
        "costOfRevenue": 71695000,
        "grossProfit": 31878000,
        "grossProfitRatio": 0.3077829164,
        "researchAndDevelopmentExpenses": 0,
        "generalAndAdministrativeExpenses": 23457000,
        "sellingAndMarketingExpenses": 0,
        "sellingGeneralAndAdministrativeExpenses": 23457000,
        "otherExpenses": 4593000,
        "operatingExpenses": 28050000,
        "costAndExpenses": 99745000,
        "interestIncome": 0,
        "interestExpense": 7438000,
        "depreciationAndAmortization": 11655000,
        "ebitda": 15513000,
        "ebitdaratio": 0.1497784172,
        "operatingIncome": 3828000,
        "operatingIncomeRatio": 0.0369594392,
        "totalOtherIncomeExpensesNet": -7408000,
        "incomeBeforeTax": -3580000,
        "incomeBeforeTaxRatio": -0.0345649928,
        "incomeTaxExpense": 1310000,
        "netIncome": -4907000,
        "netIncomeRatio": -0.0473772122,
        "eps": -0.11,
        "epsdiluted": -0.11,
        "weightedAverageShsOut": 45541000,
        "weightedAverageShsOutDil": 45541000,
        "link": "https://www.sec.gov/Archives/edgar/data/1305168/000119312512219267/0001193125-12-219267-index.htm",
        "finalLink": "https://www.sec.gov/Archives/edgar/data/1305168/000119312512219267/d337276d10q.htm"
    },
    {
        "date": "2011-12-31",
        "symbol": "ARC",
        "reportedCurrency": "USD",
        "cik": "0001305168",
        "fillingDate": "2012-03-08",
        "acceptedDate": "2012-03-08 11:14:06",
        "calendarYear": "2011",
        "period": "Q4",
        "revenue": 101846000,
        "costOfRevenue": 70553000,
        "grossProfit": 31293000,
        "grossProfitRatio": 0.307258017,
        "researchAndDevelopmentExpenses": 0,
        "generalAndAdministrativeExpenses": 23146000,
        "sellingAndMarketingExpenses": 0,
        "sellingGeneralAndAdministrativeExpenses": 23146000,
        "otherExpenses": 4596000,
        "operatingExpenses": 27742000,
        "costAndExpenses": 98295000,
        "interestIncome": 0,
        "interestExpense": 7495000,
        "depreciationAndAmortization": 11513000,
        "ebitda": 15079000,
        "ebitdaratio": 0.1480568702,
        "operatingIncome": 3551000,
        "operatingIncomeRatio": 0.0348663669,
        "totalOtherIncomeExpensesNet": -7480000,
        "incomeBeforeTax": -3929000,
        "incomeBeforeTaxRatio": -0.0385778528,
        "incomeTaxExpense": -941000,
        "netIncome": -3057000,
        "netIncomeRatio": -0.0300159064,
        "eps": -0.0672,
        "epsdiluted": -0.0671,
        "weightedAverageShsOut": 45506000,
        "weightedAverageShsOutDil": 45541000,
        "link": "https://www.sec.gov/Archives/edgar/data/1305168/000119312512102834/0001193125-12-102834-index.htm",
        "finalLink": "https://www.sec.gov/Archives/edgar/data/1305168/000119312512102834/d286726d10k.htm"
    },
    {
        "date": "2011-09-30",
        "symbol": "ARC",
        "reportedCurrency": "USD",
        "cik": "0001305168",
        "fillingDate": "2011-11-07",
        "acceptedDate": "2011-11-07 14:34:17",
        "calendarYear": "2011",
        "period": "Q3",
        "revenue": 104792000,
        "costOfRevenue": 70868000,
        "grossProfit": 33924000,
        "grossProfitRatio": 0.3237270021,
        "researchAndDevelopmentExpenses": 0,
        "generalAndAdministrativeExpenses": 23533000,
        "sellingAndMarketingExpenses": 0,
        "sellingGeneralAndAdministrativeExpenses": 23533000,
        "otherExpenses": 4654000,
        "operatingExpenses": 28187000,
        "costAndExpenses": 99055000,
        "interestIncome": 0,
        "interestExpense": 7743000,
        "depreciationAndAmortization": 11711000,
        "ebitda": -24634000,
        "ebitdaratio": -0.2350751966,
        "operatingIncome": -36372000,
        "operatingIncomeRatio": -0.3470875639,
        "totalOtherIncomeExpensesNet": -7716000,
        "incomeBeforeTax": -44088000,
        "incomeBeforeTaxRatio": -0.4207191389,
        "incomeTaxExpense": -2392000,
        "netIncome": -41757000,
        "netIncomeRatio": -0.3984750744,
        "eps": -0.92,
        "epsdiluted": -0.92,
        "weightedAverageShsOut": 45416000,
        "weightedAverageShsOutDil": 45416000,
        "link": "https://www.sec.gov/Archives/edgar/data/1305168/000095012311095872/0000950123-11-095872-index.htm",
        "finalLink": "https://www.sec.gov/Archives/edgar/data/1305168/000095012311095872/c24115e10vq.htm"
    },
    {
        "date": "2011-06-30",
        "symbol": "ARC",
        "reportedCurrency": "USD",
        "cik": "0001305168",
        "fillingDate": "2011-08-09",
        "acceptedDate": "2011-08-08 20:41:33",
        "calendarYear": "2011",
        "period": "Q2",
        "revenue": 109590000,
        "costOfRevenue": 73895000,
        "grossProfit": 35695000,
        "grossProfitRatio": 0.325714025,
        "researchAndDevelopmentExpenses": 0,
        "generalAndAdministrativeExpenses": 26804000,
        "sellingAndMarketingExpenses": 0,
        "sellingGeneralAndAdministrativeExpenses": 26804000,
        "otherExpenses": 4721000,
        "operatingExpenses": 31525000,
        "costAndExpenses": 105420000,
        "interestIncome": 0,
        "interestExpense": 7699000,
        "depreciationAndAmortization": 12166000,
        "ebitda": -6964000,
        "ebitdaratio": -0.063545944,
        "operatingIncome": -19165000,
        "operatingIncomeRatio": -0.1748790948,
        "totalOtherIncomeExpensesNet": -7664000,
        "incomeBeforeTax": -26829000,
        "incomeBeforeTaxRatio": -0.2448124829,
        "incomeTaxExpense": 57913000,
        "netIncome": -84630000,
        "netIncomeRatio": -0.7722419929,
        "eps": -1.87,
        "epsdiluted": -1.87,
        "weightedAverageShsOut": 45360000,
        "weightedAverageShsOutDil": 45360000,
        "link": "https://www.sec.gov/Archives/edgar/data/1305168/000095012311074618/0000950123-11-074618-index.htm",
        "finalLink": "https://www.sec.gov/Archives/edgar/data/1305168/000095012311074618/c19727e10vq.htm"
    },
    {
        "date": "2011-03-31",
        "symbol": "ARC",
        "reportedCurrency": "USD",
        "cik": "0001305168",
        "fillingDate": "2011-05-09",
        "acceptedDate": "2011-05-09 14:55:15",
        "calendarYear": "2011",
        "period": "Q1",
        "revenue": 106504000,
        "costOfRevenue": 73118000,
        "grossProfit": 33386000,
        "grossProfitRatio": 0.3134717945,
        "researchAndDevelopmentExpenses": 0,
        "generalAndAdministrativeExpenses": 27832000,
        "sellingAndMarketingExpenses": 0,
        "sellingGeneralAndAdministrativeExpenses": 27832000,
        "otherExpenses": 4744000,
        "operatingExpenses": 32576000,
        "costAndExpenses": 105694000,
        "interestIncome": 0,
        "interestExpense": 8167000,
        "depreciationAndAmortization": 12486000,
        "ebitda": 13322000,
        "ebitdaratio": 0.1250845039,
        "operatingIncome": 810000,
        "operatingIncomeRatio": 0.0076053482,
        "totalOtherIncomeExpensesNet": -8141000,
        "incomeBeforeTax": -7331000,
        "incomeBeforeTaxRatio": -0.0688330955,
        "incomeTaxExpense": -3649000,
        "netIncome": -3643000,
        "netIncomeRatio": -0.0342052881,
        "eps": -0.0804,
        "epsdiluted": -0.0804,
        "weightedAverageShsOut": 45322000,
        "weightedAverageShsOutDil": 45322000,
        "link": "https://www.sec.gov/Archives/edgar/data/1305168/000095012311047305/0000950123-11-047305-index.htm",
        "finalLink": "https://www.sec.gov/Archives/edgar/data/1305168/000095012311047305/c16708e10vq.htm"
    },
    {
        "date": "2010-12-31",
        "symbol": "ARC",
        "reportedCurrency": "USD",
        "cik": "0001305168",
        "fillingDate": "2011-03-09",
        "acceptedDate": "2011-03-09 15:03:43",
        "calendarYear": "2010",
        "period": "Q4",
        "revenue": 104969000,
        "costOfRevenue": 73961000,
        "grossProfit": 31008000,
        "grossProfitRatio": 0.2954014995,
        "researchAndDevelopmentExpenses": 0,
        "generalAndAdministrativeExpenses": 25832000,
        "sellingAndMarketingExpenses": 0,
        "sellingGeneralAndAdministrativeExpenses": 25832000,
        "otherExpenses": 3998000,
        "operatingExpenses": 29830000,
        "costAndExpenses": 103791000,
        "interestIncome": 0,
        "interestExpense": 6835000,
        "depreciationAndAmortization": 12128000,
        "ebitda": 10824000,
        "ebitdaratio": 0.1031161581,
        "operatingIncome": 1178000,
        "operatingIncomeRatio": 0.0112223609,
        "totalOtherIncomeExpensesNet": -9317000,
        "incomeBeforeTax": -8139000,
        "incomeBeforeTaxRatio": -0.0775371776,
        "incomeTaxExpense": -3324000,
        "netIncome": -4754000,
        "netIncomeRatio": -0.0452895617,
        "eps": -0.1,
        "epsdiluted": -0.1,
        "weightedAverageShsOut": 45279000,
        "weightedAverageShsOutDil": 45322092,
        "link": "https://www.sec.gov/Archives/edgar/data/1305168/000095012311023594/0000950123-11-023594-index.htm",
        "finalLink": "https://www.sec.gov/Archives/edgar/data/1305168/000095012311023594/c13851e10vk.htm"
    },
    {
        "date": "2010-09-30",
        "symbol": "ARC",
        "reportedCurrency": "USD",
        "cik": "0001305168",
        "fillingDate": "2010-11-05",
        "acceptedDate": "2010-11-05 14:39:30",
        "calendarYear": "2010",
        "period": "Q3",
        "revenue": 109421000,
        "costOfRevenue": 74403000,
        "grossProfit": 35018000,
        "grossProfitRatio": 0.320029976,
        "researchAndDevelopmentExpenses": 0,
        "generalAndAdministrativeExpenses": 26612000,
        "sellingAndMarketingExpenses": 0,
        "sellingGeneralAndAdministrativeExpenses": 26612000,
        "otherExpenses": 2466000,
        "operatingExpenses": 29078000,
        "costAndExpenses": 103481000,
        "interestIncome": 0,
        "interestExpense": 5614000,
        "depreciationAndAmortization": 10757000,
        "ebitda": -21514000,
        "ebitdaratio": -0.1966167372,
        "operatingIncome": -32323000,
        "operatingIncomeRatio": -0.2954003345,
        "totalOtherIncomeExpensesNet": -5562000,
        "incomeBeforeTax": -37885000,
        "incomeBeforeTaxRatio": -0.3462315278,
        "incomeTaxExpense": -12668000,
        "netIncome": -25144000,
        "netIncomeRatio": -0.2297913563,
        "eps": -0.56,
        "epsdiluted": -0.56,
        "weightedAverageShsOut": 45224000,
        "weightedAverageShsOutDil": 45224000,
        "link": "https://www.sec.gov/Archives/edgar/data/1305168/000095012310101597/0000950123-10-101597-index.htm",
        "finalLink": "https://www.sec.gov/Archives/edgar/data/1305168/000095012310101597/f57191e10vq.htm"
    },
    {
        "date": "2010-06-30",
        "symbol": "ARC",
        "reportedCurrency": "USD",
        "cik": "0001305168",
        "fillingDate": "2010-08-06",
        "acceptedDate": "2010-08-06 14:03:37",
        "calendarYear": "2010",
        "period": "Q2",
        "revenue": 115088000,
        "costOfRevenue": 75633000,
        "grossProfit": 39455000,
        "grossProfitRatio": 0.3428246212,
        "researchAndDevelopmentExpenses": 0,
        "generalAndAdministrativeExpenses": 28169000,
        "sellingAndMarketingExpenses": 0,
        "sellingGeneralAndAdministrativeExpenses": 28169000,
        "otherExpenses": 2557000,
        "operatingExpenses": 30726000,
        "costAndExpenses": 106359000,
        "interestIncome": 0,
        "interestExpense": 5754000,
        "depreciationAndAmortization": 11108000,
        "ebitda": 19871000,
        "ebitdaratio": 0.1726591825,
        "operatingIncome": 8729000,
        "operatingIncomeRatio": 0.0758463089,
        "totalOtherIncomeExpensesNet": -5720000,
        "incomeBeforeTax": -3009000,
        "incomeBeforeTaxRatio": -0.0261452106,
        "incomeTaxExpense": -1276000,
        "netIncome": 1679000,
        "netIncomeRatio": 0.0145888364,
        "eps": 0.04,
        "epsdiluted": 0.04,
        "weightedAverageShsOut": 45196000,
        "weightedAverageShsOutDil": 45512000,
        "link": "https://www.sec.gov/Archives/edgar/data/1305168/000095012310074127/0000950123-10-074127-index.htm",
        "finalLink": "https://www.sec.gov/Archives/edgar/data/1305168/000095012310074127/c04436e10vq.htm"
    },
    {
        "date": "2010-03-31",
        "symbol": "ARC",
        "reportedCurrency": "USD",
        "cik": "0001305168",
        "fillingDate": "2010-05-07",
        "acceptedDate": "2010-05-07 14:12:42",
        "calendarYear": "2010",
        "period": "Q1",
        "revenue": 112161000,
        "costOfRevenue": 75310000,
        "grossProfit": 36851000,
        "grossProfitRatio": 0.3285544886,
        "researchAndDevelopmentExpenses": 0,
        "generalAndAdministrativeExpenses": 27131000,
        "sellingAndMarketingExpenses": 0,
        "sellingGeneralAndAdministrativeExpenses": 27131000,
        "otherExpenses": 2636000,
        "operatingExpenses": 29767000,
        "costAndExpenses": 105077000,
        "interestIncome": 0,
        "interestExpense": 5888000,
        "depreciationAndAmortization": 11656000,
        "ebitda": 18783000,
        "ebitdaratio": 0.1674646267,
        "operatingIncome": 7084000,
        "operatingIncomeRatio": 0.0631592086,
        "totalOtherIncomeExpensesNet": -5845000,
        "incomeBeforeTax": 1239000,
        "incomeBeforeTaxRatio": 0.0110466205,
        "incomeTaxExpense": 530000,
        "netIncome": 717000,
        "netIncomeRatio": 0.0063925964,
        "eps": 0.02,
        "epsdiluted": 0.02,
        "weightedAverageShsOut": 45150483,
        "weightedAverageShsOutDil": 45356871,
        "link": "https://www.sec.gov/Archives/edgar/data/1305168/000095012310046228/0000950123-10-046228-index.htm",
        "finalLink": "https://www.sec.gov/Archives/edgar/data/1305168/000095012310046228/c00567e10vq.htm"
    },
    {
        "date": "2009-12-31",
        "symbol": "ARC",
        "reportedCurrency": "USD",
        "cik": "0001305168",
        "fillingDate": "2010-02-26",
        "acceptedDate": "2010-02-26 16:25:08",
        "calendarYear": "2009",
        "period": "Q4",
        "revenue": 111662000,
        "costOfRevenue": 75738000,
        "grossProfit": 35924000,
        "grossProfitRatio": 0.3217209077,
        "researchAndDevelopmentExpenses": 0,
        "generalAndAdministrativeExpenses": 26685000,
        "sellingAndMarketingExpenses": 0,
        "sellingGeneralAndAdministrativeExpenses": 26685000,
        "otherExpenses": 2693000,
        "operatingExpenses": 29378000,
        "costAndExpenses": 105116000,
        "interestIncome": 0,
        "interestExpense": 7721000,
        "depreciationAndAmortization": 11892000,
        "ebitda": 18471000,
        "ebitdaratio": 0.1654188533,
        "operatingIncome": 6546000,
        "operatingIncomeRatio": 0.0586233455,
        "totalOtherIncomeExpensesNet": -7688000,
        "incomeBeforeTax": -1142000,
        "incomeBeforeTaxRatio": -0.0102272931,
        "incomeTaxExpense": -502000,
        "netIncome": -575000,
        "netIncomeRatio": -0.0051494689,
        "eps": -0.0127,
        "epsdiluted": -0.0127,
        "weightedAverageShsOut": 45150483,
        "weightedAverageShsOutDil": 45356871,
        "link": "https://www.sec.gov/Archives/edgar/data/1305168/000095012310018175/0000950123-10-018175-index.htm",
        "finalLink": "https://www.sec.gov/Archives/edgar/data/1305168/000095012310018175/c96974e10vk.htm"
    },
    {
        "date": "2009-09-30",
        "symbol": "ARC",
        "reportedCurrency": "USD",
        "cik": "0001305168",
        "fillingDate": "2009-11-09",
        "acceptedDate": "2009-11-09 14:48:55",
        "calendarYear": "2009",
        "period": "Q3",
        "revenue": 119350000,
        "costOfRevenue": 78219000,
        "grossProfit": 41131000,
        "grossProfitRatio": 0.3446250524,
        "researchAndDevelopmentExpenses": 0,
        "generalAndAdministrativeExpenses": 27330000,
        "sellingAndMarketingExpenses": 0,
        "sellingGeneralAndAdministrativeExpenses": 27330000,
        "otherExpenses": 2777000,
        "operatingExpenses": 30107000,
        "costAndExpenses": 108326000,
        "interestIncome": 0,
        "interestExpense": 6428000,
        "depreciationAndAmortization": 12185000,
        "ebitda": -14913000,
        "ebitdaratio": -0.1249518224,
        "operatingIncome": -27139000,
        "operatingIncomeRatio": -0.2273900293,
        "totalOtherIncomeExpensesNet": -6387000,
        "incomeBeforeTax": -33526000,
        "incomeBeforeTaxRatio": -0.2809049016,
        "incomeTaxExpense": -5334000,
        "netIncome": -28164000,
        "netIncomeRatio": -0.2359782153,
        "eps": -0.62,
        "epsdiluted": -0.62,
        "weightedAverageShsOut": 45138446,
        "weightedAverageShsOutDil": 45138446,
        "link": "https://www.sec.gov/Archives/edgar/data/1305168/000095012309060044/0000950123-09-060044-index.htm",
        "finalLink": "https://www.sec.gov/Archives/edgar/data/1305168/000095012309060044/c92277e10vq.htm"
    },
    {
        "date": "2009-06-30",
        "symbol": "ARC",
        "reportedCurrency": "USD",
        "cik": "0001305168",
        "fillingDate": "2009-08-07",
        "acceptedDate": "2009-08-07 14:42:23",
        "calendarYear": "2009",
        "period": "Q2",
        "revenue": 131054000,
        "costOfRevenue": 81899000,
        "grossProfit": 49155000,
        "grossProfitRatio": 0.3750743968,
        "researchAndDevelopmentExpenses": 0,
        "generalAndAdministrativeExpenses": 30039000,
        "sellingAndMarketingExpenses": 0,
        "sellingGeneralAndAdministrativeExpenses": 30039000,
        "otherExpenses": 2914000,
        "operatingExpenses": 32953000,
        "costAndExpenses": 114852000,
        "interestIncome": 0,
        "interestExpense": 5836000,
        "depreciationAndAmortization": 12751000,
        "ebitda": 16202000,
        "ebitdaratio": 0.123628428,
        "operatingIncome": 16202000,
        "operatingIncomeRatio": 0.123628428,
        "totalOtherIncomeExpensesNet": -5798000,
        "incomeBeforeTax": -10404000,
        "incomeBeforeTaxRatio": -0.0793871229,
        "incomeTaxExpense": -4096000,
        "netIncome": 6307000,
        "netIncomeRatio": 0.0481252003,
        "eps": 0.14,
        "epsdiluted": 0.14,
        "weightedAverageShsOut": 45116358,
        "weightedAverageShsOutDil": 45243171,
        "link": "https://www.sec.gov/Archives/edgar/data/1305168/000095012309031987/0000950123-09-031987-index.htm",
        "finalLink": "https://www.sec.gov/Archives/edgar/data/1305168/000095012309031987/c88945e10vq.htm"
    },
    {
        "date": "2009-03-31",
        "symbol": "ARC",
        "reportedCurrency": "USD",
        "cik": "0001305168",
        "fillingDate": "2009-05-08",
        "acceptedDate": "2009-05-08 16:50:16",
        "calendarYear": "2009",
        "period": "Q1",
        "revenue": 139483000,
        "costOfRevenue": 87504000,
        "grossProfit": 51979000,
        "grossProfitRatio": 0.3726547321,
        "researchAndDevelopmentExpenses": 0,
        "generalAndAdministrativeExpenses": 30966000,
        "sellingAndMarketingExpenses": 0,
        "sellingGeneralAndAdministrativeExpenses": 30966000,
        "otherExpenses": 2983000,
        "operatingExpenses": 33949000,
        "costAndExpenses": 121453000,
        "interestIncome": 0,
        "interestExpense": 5796000,
        "depreciationAndAmortization": 12715000,
        "ebitda": 30804000,
        "ebitdaratio": 0.2208441172,
        "operatingIncome": 18030000,
        "operatingIncomeRatio": 0.1292630643,
        "totalOtherIncomeExpensesNet": -5737000,
        "incomeBeforeTax": 12293000,
        "incomeBeforeTaxRatio": 0.088132604,
        "incomeTaxExpense": 4758000,
        "netIncome": 7547000,
        "netIncomeRatio": 0.0541069521,
        "eps": 0.17,
        "epsdiluted": 0.17,
        "weightedAverageShsOut": 45089794,
        "weightedAverageShsOutDil": 45100225,
        "link": "https://www.sec.gov/Archives/edgar/data/1305168/000136231009006958/0001362310-09-006958-index.htm",
        "finalLink": "https://www.sec.gov/Archives/edgar/data/1305168/000136231009006958/c85053e10vq.htm"
    },
    {
        "date": "2008-12-31",
        "symbol": "ARC",
        "reportedCurrency": "USD",
        "cik": "0001305168",
        "fillingDate": "2009-02-27",
        "acceptedDate": "2009-02-27 15:50:49",
        "calendarYear": "2008",
        "period": "Q4",
        "revenue": 154000000,
        "costOfRevenue": 97500000,
        "grossProfit": 56500000,
        "grossProfitRatio": 0.3668831169,
        "researchAndDevelopmentExpenses": 0,
        "generalAndAdministrativeExpenses": 36900000,
        "sellingAndMarketingExpenses": 38100000,
        "sellingGeneralAndAdministrativeExpenses": 75000000,
        "otherExpenses": 0,
        "operatingExpenses": 75000000,
        "costAndExpenses": 172500000,
        "interestIncome": 0,
        "interestExpense": -6005000,
        "depreciationAndAmortization": 12900000,
        "ebitda": -17505000,
        "ebitdaratio": -0.1136688312,
        "operatingIncome": -18500000,
        "operatingIncomeRatio": -0.1201298701,
        "totalOtherIncomeExpensesNet": -5800000,
        "incomeBeforeTax": -24300000,
        "incomeBeforeTaxRatio": -0.1577922078,
        "incomeTaxExpense": -8700000,
        "netIncome": -15700000,
        "netIncomeRatio": -0.1019480519,
        "eps": -0.35,
        "epsdiluted": -0.35,
        "weightedAverageShsOut": 45100000,
        "weightedAverageShsOutDil": 45100000,
        "link": "https://www.sec.gov/Archives/edgar/data/1305168/000136231009002961/0001362310-09-002961-index.htm",
        "finalLink": "https://www.sec.gov/Archives/edgar/data/1305168/000136231009002961/c81763e10vk.htm"
    },
    {
        "date": "2008-09-30",
        "symbol": "ARC",
        "reportedCurrency": "USD",
        "cik": "0001305168",
        "fillingDate": "2008-11-07",
        "acceptedDate": "2008-11-07 16:41:43",
        "calendarYear": "2008",
        "period": "Q3",
        "revenue": 174600000,
        "costOfRevenue": 104600000,
        "grossProfit": 70000000,
        "grossProfitRatio": 0.4009163803,
        "researchAndDevelopmentExpenses": 0,
        "generalAndAdministrativeExpenses": 38800000,
        "sellingAndMarketingExpenses": 3000000,
        "sellingGeneralAndAdministrativeExpenses": 41800000,
        "otherExpenses": 0,
        "operatingExpenses": 41800000,
        "costAndExpenses": 146400000,
        "interestIncome": 0,
        "interestExpense": -6180000,
        "depreciationAndAmortization": 12900000,
        "ebitda": 28820000,
        "ebitdaratio": 0.1650630011,
        "operatingIncome": 28200000,
        "operatingIncomeRatio": 0.1615120275,
        "totalOtherIncomeExpensesNet": -6100000,
        "incomeBeforeTax": 22100000,
        "incomeBeforeTaxRatio": 0.1265750286,
        "incomeTaxExpense": 7000000,
        "netIncome": 15100000,
        "netIncomeRatio": 0.0864833906,
        "eps": 0.33,
        "epsdiluted": 0.33,
        "weightedAverageShsOut": 45400000,
        "weightedAverageShsOutDil": 45400000,
        "link": "https://www.sec.gov/Archives/edgar/data/1305168/000136231008006884/0001362310-08-006884-index.htm",
        "finalLink": "https://www.sec.gov/Archives/edgar/data/1305168/000136231008006884/c76936e10vq.htm"
    },
    {
        "date": "2008-06-30",
        "symbol": "ARC",
        "reportedCurrency": "USD",
        "cik": "0001305168",
        "fillingDate": "2008-08-08",
        "acceptedDate": "2008-08-08 15:56:29",
        "calendarYear": "2008",
        "period": "Q2",
        "revenue": 184900000,
        "costOfRevenue": 105900000,
        "grossProfit": 79000000,
        "grossProfitRatio": 0.4272579773,
        "researchAndDevelopmentExpenses": 0,
        "generalAndAdministrativeExpenses": 39500000,
        "sellingAndMarketingExpenses": 2800000,
        "sellingGeneralAndAdministrativeExpenses": 42300000,
        "otherExpenses": 0,
        "operatingExpenses": 42300000,
        "costAndExpenses": 148200000,
        "interestIncome": 0,
        "interestExpense": -6559000,
        "depreciationAndAmortization": 12200000,
        "ebitda": 35941000,
        "ebitdaratio": 0.1943807463,
        "operatingIncome": 36800000,
        "operatingIncomeRatio": 0.1990265008,
        "totalOtherIncomeExpensesNet": -6476000,
        "incomeBeforeTax": 30300000,
        "incomeBeforeTaxRatio": 0.1638723634,
        "incomeTaxExpense": 11400000,
        "netIncome": 18900000,
        "netIncomeRatio": 0.1022174148,
        "eps": 0.42,
        "epsdiluted": 0.42,
        "weightedAverageShsOut": 45400000,
        "weightedAverageShsOutDil": 45400000,
        "link": "https://www.sec.gov/Archives/edgar/data/1305168/000136231008004365/0001362310-08-004365-index.htm",
        "finalLink": "https://www.sec.gov/Archives/edgar/data/1305168/000136231008004365/c74413e10vq.htm"
    },
    {
        "date": "2008-03-31",
        "symbol": "ARC",
        "reportedCurrency": "USD",
        "cik": "0001305168",
        "fillingDate": "2008-05-09",
        "acceptedDate": "2008-05-09 15:36:45",
        "calendarYear": "2008",
        "period": "Q1",
        "revenue": 187400000,
        "costOfRevenue": 107800000,
        "grossProfit": 79600000,
        "grossProfitRatio": 0.4247598719,
        "researchAndDevelopmentExpenses": 0,
        "generalAndAdministrativeExpenses": 39500000,
        "sellingAndMarketingExpenses": 3200000,
        "sellingGeneralAndAdministrativeExpenses": 42700000,
        "otherExpenses": 0,
        "operatingExpenses": 42700000,
        "costAndExpenses": 150500000,
        "interestIncome": 0,
        "interestExpense": -7146000,
        "depreciationAndAmortization": 12100000,
        "ebitda": 34954000,
        "ebitdaratio": 0.1865208111,
        "operatingIncome": 36900000,
        "operatingIncomeRatio": 0.196905016,
        "totalOtherIncomeExpensesNet": -6900000,
        "incomeBeforeTax": 30000000,
        "incomeBeforeTaxRatio": 0.1600853789,
        "incomeTaxExpense": 11500000,
        "netIncome": 18500000,
        "netIncomeRatio": 0.098719317,
        "eps": 0.41,
        "epsdiluted": 0.41,
        "weightedAverageShsOut": 45400000,
        "weightedAverageShsOutDil": 45400000,
        "link": "https://www.sec.gov/Archives/edgar/data/1305168/000136231008002628/0001362310-08-002628-index.htm",
        "finalLink": "https://www.sec.gov/Archives/edgar/data/1305168/000136231008002628/c73298e10vq.htm"
    },
    {
        "date": "2007-12-31",
        "symbol": "ARC",
        "reportedCurrency": "USD",
        "cik": "0001305168",
        "fillingDate": "2008-02-27",
        "acceptedDate": "2008-02-27 15:31:29",
        "calendarYear": "2007",
        "period": "Q4",
        "revenue": 174100000,
        "costOfRevenue": 102400000,
        "grossProfit": 71700000,
        "grossProfitRatio": 0.4118322803,
        "researchAndDevelopmentExpenses": 0,
        "generalAndAdministrativeExpenses": 37900000,
        "sellingAndMarketingExpenses": 900000,
        "sellingGeneralAndAdministrativeExpenses": 38800000,
        "otherExpenses": 0,
        "operatingExpenses": 38800000,
        "costAndExpenses": 141200000,
        "interestIncome": 0,
        "interestExpense": -5698000,
        "depreciationAndAmortization": 10600000,
        "ebitda": 32102000,
        "ebitdaratio": 0.1843882826,
        "operatingIncome": 33000000,
        "operatingIncomeRatio": 0.1895462378,
        "totalOtherIncomeExpensesNet": -5700000,
        "incomeBeforeTax": 27300000,
        "incomeBeforeTaxRatio": 0.1568064331,
        "incomeTaxExpense": 10500000,
        "netIncome": 16700000,
        "netIncomeRatio": 0.095921884,
        "eps": 0.37,
        "epsdiluted": 0.37,
        "weightedAverageShsOut": 45700000,
        "weightedAverageShsOutDil": 45700000,
        "link": "https://www.sec.gov/Archives/edgar/data/1305168/000095013408003580/0000950134-08-003580-index.htm",
        "finalLink": "https://www.sec.gov/Archives/edgar/data/1305168/000095013408003580/f38429e10vk.htm"
    },
    {
        "date": "2007-09-30",
        "symbol": "ARC",
        "reportedCurrency": "USD",
        "cik": "0001305168",
        "fillingDate": "2007-11-08",
        "acceptedDate": "2007-11-08 16:47:34",
        "calendarYear": "2007",
        "period": "Q3",
        "revenue": 176200000,
        "costOfRevenue": 103500000,
        "grossProfit": 72700000,
        "grossProfitRatio": 0.412599319,
        "researchAndDevelopmentExpenses": 0,
        "generalAndAdministrativeExpenses": 37200000,
        "sellingAndMarketingExpenses": 2400000,
        "sellingGeneralAndAdministrativeExpenses": 39600000,
        "otherExpenses": 0,
        "operatingExpenses": 39600000,
        "costAndExpenses": 143100000,
        "interestIncome": 0,
        "interestExpense": -30477000,
        "depreciationAndAmortization": 10500000,
        "ebitda": 6123000,
        "ebitdaratio": 0.0347502838,
        "operatingIncome": 33100000,
        "operatingIncomeRatio": 0.1878547106,
        "totalOtherIncomeExpensesNet": -6900000,
        "incomeBeforeTax": 26200000,
        "incomeBeforeTaxRatio": 0.1486946652,
        "incomeTaxExpense": 10200000,
        "netIncome": 15900000,
        "netIncomeRatio": 0.0902383655,
        "eps": 0.35,
        "epsdiluted": 0.35,
        "weightedAverageShsOut": 45900000,
        "weightedAverageShsOutDil": 45900000,
        "link": "https://www.sec.gov/Archives/edgar/data/1305168/000136231007002837/0001362310-07-002837-index.htm",
        "finalLink": "https://www.sec.gov/Archives/edgar/data/1305168/000136231007002837/c71490e10vq.htm"
    },
    {
        "date": "2007-06-30",
        "symbol": "ARC",
        "reportedCurrency": "USD",
        "cik": "0001305168",
        "fillingDate": "2007-08-09",
        "acceptedDate": "2007-08-09 13:28:37",
        "calendarYear": "2007",
        "period": "Q2",
        "revenue": 177800000,
        "costOfRevenue": 103000000,
        "grossProfit": 74800000,
        "grossProfitRatio": 0.4206974128,
        "researchAndDevelopmentExpenses": 0,
        "generalAndAdministrativeExpenses": 34500000,
        "sellingAndMarketingExpenses": 2400000,
        "sellingGeneralAndAdministrativeExpenses": 36900000,
        "otherExpenses": 0,
        "operatingExpenses": 36900000,
        "costAndExpenses": 139900000,
        "interestIncome": 0,
        "interestExpense": 6641000,
        "depreciationAndAmortization": 10100000,
        "ebitda": 47941000,
        "ebitdaratio": 0.2696344207,
        "operatingIncome": 37900000,
        "operatingIncomeRatio": 0.2131608549,
        "totalOtherIncomeExpensesNet": -6700000,
        "incomeBeforeTax": 31200000,
        "incomeBeforeTaxRatio": 0.1754780652,
        "incomeTaxExpense": 11600000,
        "netIncome": 19600000,
        "netIncomeRatio": 0.1102362205,
        "eps": 0.43,
        "epsdiluted": 0.43,
        "weightedAverageShsOut": 45900000,
        "weightedAverageShsOutDil": 45900000,
        "link": "https://www.sec.gov/Archives/edgar/data/1305168/000136231007001706/0001362310-07-001706-index.htm",
        "finalLink": "https://www.sec.gov/Archives/edgar/data/1305168/000136231007001706/c70932e10vq.htm"
    },
    {
        "date": "2007-03-31",
        "symbol": "ARC",
        "reportedCurrency": "USD",
        "cik": "0001305168",
        "fillingDate": "2007-05-10",
        "acceptedDate": "2007-05-10 13:48:51",
        "calendarYear": "2007",
        "period": "Q1",
        "revenue": 160200000,
        "costOfRevenue": 92400000,
        "grossProfit": 67800000,
        "grossProfitRatio": 0.4232209738,
        "researchAndDevelopmentExpenses": 0,
        "generalAndAdministrativeExpenses": 34200000,
        "sellingAndMarketingExpenses": 1800000,
        "sellingGeneralAndAdministrativeExpenses": 36000000,
        "otherExpenses": 0,
        "operatingExpenses": 36000000,
        "costAndExpenses": 128400000,
        "interestIncome": 0,
        "interestExpense": 5161000,
        "depreciationAndAmortization": 8300000,
        "ebitda": 40061000,
        "ebitdaratio": 0.2500686642,
        "operatingIncome": 31800000,
        "operatingIncomeRatio": 0.1985018727,
        "totalOtherIncomeExpensesNet": -5200000,
        "incomeBeforeTax": 26600000,
        "incomeBeforeTaxRatio": 0.1660424469,
        "incomeTaxExpense": 9800000,
        "netIncome": 16800000,
        "netIncomeRatio": 0.1048689139,
        "eps": 0.37,
        "epsdiluted": 0.37,
        "weightedAverageShsOut": 45800000,
        "weightedAverageShsOutDil": 45800000,
        "link": "https://www.sec.gov/Archives/edgar/data/1305168/000136231007000764/0001362310-07-000764-index.htm",
        "finalLink": "https://www.sec.gov/Archives/edgar/data/1305168/000136231007000764/c70475e10vq.htm"
    },
    {
        "date": "2006-12-31",
        "symbol": "ARC",
        "reportedCurrency": "USD",
        "cik": "0001305168",
        "fillingDate": "2007-03-01",
        "acceptedDate": "2007-03-01 16:30:46",
        "calendarYear": "2006",
        "period": "Q4",
        "revenue": 147000000,
        "costOfRevenue": 85800000,
        "grossProfit": 61200000,
        "grossProfitRatio": 0.4163265306,
        "researchAndDevelopmentExpenses": 0,
        "generalAndAdministrativeExpenses": 32600000,
        "sellingAndMarketingExpenses": 1900000,
        "sellingGeneralAndAdministrativeExpenses": 34500000,
        "otherExpenses": 0,
        "operatingExpenses": 34500000,
        "costAndExpenses": 120300000,
        "interestIncome": 0,
        "interestExpense": 5922000,
        "depreciationAndAmortization": 8400000,
        "ebitda": 34922000,
        "ebitdaratio": 0.2375646259,
        "operatingIncome": 26700000,
        "operatingIncomeRatio": 0.1816326531,
        "totalOtherIncomeExpensesNet": -6100000,
        "incomeBeforeTax": 20600000,
        "incomeBeforeTaxRatio": 0.1401360544,
        "incomeTaxExpense": 7800000,
        "netIncome": 12800000,
        "netIncomeRatio": 0.0870748299,
        "eps": 0.28,
        "epsdiluted": 0.28,
        "weightedAverageShsOut": 45800000,
        "weightedAverageShsOutDil": 45800000,
        "link": "https://www.sec.gov/Archives/edgar/data/1305168/000095013407004579/0000950134-07-004579-index.htm",
        "finalLink": "https://www.sec.gov/Archives/edgar/data/1305168/000095013407004579/f27669e10vk.htm"
    },
    {
        "date": "2006-09-30",
        "symbol": "ARC",
        "reportedCurrency": "USD",
        "cik": "0001305168",
        "fillingDate": "2006-11-13",
        "acceptedDate": "2006-11-13 13:56:00",
        "calendarYear": "2006",
        "period": "Q3",
        "revenue": 152500000,
        "costOfRevenue": 85500000,
        "grossProfit": 67000000,
        "grossProfitRatio": 0.4393442623,
        "researchAndDevelopmentExpenses": 0,
        "generalAndAdministrativeExpenses": 34500000,
        "sellingAndMarketingExpenses": 1600000,
        "sellingGeneralAndAdministrativeExpenses": 36100000,
        "otherExpenses": 0,
        "operatingExpenses": 36100000,
        "costAndExpenses": 121600000,
        "interestIncome": 0,
        "interestExpense": 5810000,
        "depreciationAndAmortization": 7300000,
        "ebitda": 37910000,
        "ebitdaratio": 0.2485901639,
        "operatingIncome": 30900000,
        "operatingIncomeRatio": 0.2026229508,
        "totalOtherIncomeExpensesNet": -6217000,
        "incomeBeforeTax": 24700000,
        "incomeBeforeTaxRatio": 0.1619672131,
        "incomeTaxExpense": 9000000,
        "netIncome": 15800000,
        "netIncomeRatio": 0.1036065574,
        "eps": 0.35,
        "epsdiluted": 0.35,
        "weightedAverageShsOut": 45700000,
        "weightedAverageShsOutDil": 45700000,
        "link": "https://www.sec.gov/Archives/edgar/data/1305168/000114420406046687/0001144204-06-046687-index.htm",
        "finalLink": "https://www.sec.gov/Archives/edgar/data/1305168/000114420406046687/v057090_10q.htm"
    },
    {
        "date": "2006-06-30",
        "symbol": "ARC",
        "reportedCurrency": "USD",
        "cik": "0001305168",
        "fillingDate": "2006-08-14",
        "acceptedDate": "2006-08-14 17:20:40",
        "calendarYear": "2006",
        "period": "Q2",
        "revenue": 151500000,
        "costOfRevenue": 85700000,
        "grossProfit": 65800000,
        "grossProfitRatio": 0.4343234323,
        "researchAndDevelopmentExpenses": 0,
        "generalAndAdministrativeExpenses": 33100000,
        "sellingAndMarketingExpenses": 12200000,
        "sellingGeneralAndAdministrativeExpenses": 45300000,
        "otherExpenses": 0,
        "operatingExpenses": 45300000,
        "costAndExpenses": 131000000,
        "interestIncome": 0,
        "interestExpense": 7001000,
        "depreciationAndAmortization": 6400000,
        "ebitda": 27401000,
        "ebitdaratio": 0.1808646865,
        "operatingIncome": 20600000,
        "operatingIncomeRatio": 0.1359735974,
        "totalOtherIncomeExpensesNet": -6600000,
        "incomeBeforeTax": 14000000,
        "incomeBeforeTaxRatio": 0.0924092409,
        "incomeTaxExpense": 5600000,
        "netIncome": 8400000,
        "netIncomeRatio": 0.0554455446,
        "eps": 0.18,
        "epsdiluted": 0.18,
        "weightedAverageShsOut": 45500000,
        "weightedAverageShsOutDil": 45500000,
        "link": "https://www.sec.gov/Archives/edgar/data/1305168/000114420406033470/0001144204-06-033470-index.htm",
        "finalLink": "https://www.sec.gov/Archives/edgar/data/1305168/000114420406033470/v049972_10q.htm"
    },
    {
        "date": "2006-03-31",
        "symbol": "ARC",
        "reportedCurrency": "USD",
        "cik": "0001305168",
        "fillingDate": "2006-05-15",
        "acceptedDate": "2006-05-15 15:12:07",
        "calendarYear": "2006",
        "period": "Q1",
        "revenue": 140800000,
        "costOfRevenue": 80400000,
        "grossProfit": 60400000,
        "grossProfitRatio": 0.4289772727,
        "researchAndDevelopmentExpenses": 0,
        "generalAndAdministrativeExpenses": 31500000,
        "sellingAndMarketingExpenses": 800000,
        "sellingGeneralAndAdministrativeExpenses": 32300000,
        "otherExpenses": 0,
        "operatingExpenses": 32300000,
        "costAndExpenses": 112700000,
        "interestIncome": 0,
        "interestExpense": 4459000,
        "depreciationAndAmortization": 5700000,
        "ebitda": 34159000,
        "ebitdaratio": 0.2426065341,
        "operatingIncome": 28100000,
        "operatingIncomeRatio": 0.1995738636,
        "totalOtherIncomeExpensesNet": -4100000,
        "incomeBeforeTax": 24000000,
        "incomeBeforeTaxRatio": 0.1704545455,
        "incomeTaxExpense": 9600000,
        "netIncome": 14400000,
        "netIncomeRatio": 0.1022727273,
        "eps": 0.32,
        "epsdiluted": 0.32,
        "weightedAverageShsOut": 45200000,
        "weightedAverageShsOutDil": 45200000,
        "link": "https://www.sec.gov/Archives/edgar/data/1305168/000095013406009954/0000950134-06-009954-index.htm",
        "finalLink": "https://www.sec.gov/Archives/edgar/data/1305168/000095013406009954/f20573e10vq.htm"
    },
    {
        "date": "2005-12-31",
        "symbol": "ARC",
        "reportedCurrency": "USD",
        "cik": "0001305168",
        "fillingDate": "2006-03-16",
        "acceptedDate": "2006-03-15 20:27:30",
        "calendarYear": "2005",
        "period": "Q4",
        "revenue": 124700000,
        "costOfRevenue": 74600000,
        "grossProfit": 50100000,
        "grossProfitRatio": 0.4017642342,
        "researchAndDevelopmentExpenses": 0,
        "generalAndAdministrativeExpenses": 29300000,
        "sellingAndMarketingExpenses": 10100000,
        "sellingGeneralAndAdministrativeExpenses": 39400000,
        "otherExpenses": 0,
        "operatingExpenses": 39400000,
        "costAndExpenses": 114000000,
        "interestIncome": 0,
        "interestExpense": 47371000,
        "depreciationAndAmortization": 5200000,
        "ebitda": 57271000,
        "ebitdaratio": 0.4592702486,
        "operatingIncome": 10700000,
        "operatingIncomeRatio": 0.0858059342,
        "totalOtherIncomeExpensesNet": -5900000,
        "incomeBeforeTax": 4800000,
        "incomeBeforeTaxRatio": 0.0384923817,
        "incomeTaxExpense": 1700000,
        "netIncome": 3000000,
        "netIncomeRatio": 0.0240577386,
        "eps": 0.0661,
        "epsdiluted": 0.0661,
        "weightedAverageShsOut": 45400000,
        "weightedAverageShsOutDil": 45400000,
        "link": "https://www.sec.gov/Archives/edgar/data/1305168/000095013406005211/0000950134-06-005211-index.htm",
        "finalLink": "https://www.sec.gov/Archives/edgar/data/1305168/000095013406005211/f18426e10vk.htm"
    },
    {
        "date": "2005-09-30",
        "symbol": "ARC",
        "reportedCurrency": "USD",
        "cik": "0001305168",
        "fillingDate": "2005-11-14",
        "acceptedDate": "2005-11-14 15:46:40",
        "calendarYear": "2005",
        "period": "Q3",
        "revenue": 127500000,
        "costOfRevenue": 75000000,
        "grossProfit": 52500000,
        "grossProfitRatio": 0.4117647059,
        "researchAndDevelopmentExpenses": 0,
        "generalAndAdministrativeExpenses": 28300000,
        "sellingAndMarketingExpenses": 600000,
        "sellingGeneralAndAdministrativeExpenses": 28900000,
        "otherExpenses": 0,
        "operatingExpenses": 28900000,
        "costAndExpenses": 103900000,
        "interestIncome": 0,
        "interestExpense": -6131000,
        "depreciationAndAmortization": 5000000,
        "ebitda": 16369000,
        "ebitdaratio": 0.1283843137,
        "operatingIncome": 23600000,
        "operatingIncomeRatio": 0.1850980392,
        "totalOtherIncomeExpensesNet": -6100000,
        "incomeBeforeTax": 17500000,
        "incomeBeforeTaxRatio": 0.137254902,
        "incomeTaxExpense": 7000000,
        "netIncome": 10500000,
        "netIncomeRatio": 0.0823529412,
        "eps": 0.23,
        "epsdiluted": 0.23,
        "weightedAverageShsOut": 45000000,
        "weightedAverageShsOutDil": 45000000,
        "link": "https://www.sec.gov/Archives/edgar/data/1305168/000095012905011003/0000950129-05-011003-index.htm",
        "finalLink": "https://www.sec.gov/Archives/edgar/data/1305168/000095012905011003/a14543e10vq.htm"
    },
    {
        "date": "2005-06-30",
        "symbol": "ARC",
        "reportedCurrency": "USD",
        "cik": "0001305168",
        "fillingDate": "2005-08-11",
        "acceptedDate": "2005-08-11 15:49:08",
        "calendarYear": "2005",
        "period": "Q2",
        "revenue": 125600000,
        "costOfRevenue": 71900000,
        "grossProfit": 53700000,
        "grossProfitRatio": 0.4275477707,
        "researchAndDevelopmentExpenses": 0,
        "generalAndAdministrativeExpenses": 28100000,
        "sellingAndMarketingExpenses": 500000,
        "sellingGeneralAndAdministrativeExpenses": 28600000,
        "otherExpenses": 0,
        "operatingExpenses": 28600000,
        "costAndExpenses": 100500000,
        "interestIncome": 0,
        "interestExpense": -22842000,
        "depreciationAndAmortization": 4500000,
        "ebitda": 658000,
        "ebitdaratio": 0.0052388535,
        "operatingIncome": 25100000,
        "operatingIncomeRatio": 0.1998407643,
        "totalOtherIncomeExpensesNet": -6105000,
        "incomeBeforeTax": 19000000,
        "incomeBeforeTaxRatio": 0.1512738854,
        "incomeTaxExpense": 7600000,
        "netIncome": 11400000,
        "netIncomeRatio": 0.0907643312,
        "eps": 0.25,
        "epsdiluted": 0.25,
        "weightedAverageShsOut": 44900000,
        "weightedAverageShsOutDil": 44900000,
        "link": "https://www.sec.gov/Archives/edgar/data/1305168/000095013405015668/0000950134-05-015668-index.htm",
        "finalLink": "https://www.sec.gov/Archives/edgar/data/1305168/000095013405015668/f11281e10vq.htm"
    },
    {
        "date": "2005-03-31",
        "symbol": "ARC",
        "reportedCurrency": "USD",
        "cik": "0001305168",
        "fillingDate": "2005-05-13",
        "acceptedDate": "2005-05-13 14:40:17",
        "calendarYear": "2005",
        "period": "Q1",
        "revenue": 116500000,
        "costOfRevenue": 68100000,
        "grossProfit": 48400000,
        "grossProfitRatio": 0.4154506438,
        "researchAndDevelopmentExpenses": 0,
        "generalAndAdministrativeExpenses": 26900000,
        "sellingAndMarketingExpenses": 400000,
        "sellingGeneralAndAdministrativeExpenses": 27300000,
        "otherExpenses": 0,
        "operatingExpenses": 27300000,
        "costAndExpenses": 95400000,
        "interestIncome": 0,
        "interestExpense": 8324000,
        "depreciationAndAmortization": 4400000,
        "ebitda": 25624000,
        "ebitdaratio": 0.2199484979,
        "operatingIncome": 21100000,
        "operatingIncomeRatio": 0.1811158798,
        "totalOtherIncomeExpensesNet": -8200000,
        "incomeBeforeTax": 12900000,
        "incomeBeforeTaxRatio": 0.1107296137,
        "incomeTaxExpense": -22700000,
        "netIncome": 35600000,
        "netIncomeRatio": 0.3055793991,
        "eps": 0.85,
        "epsdiluted": 0.85,
        "weightedAverageShsOut": 41900000,
        "weightedAverageShsOutDil": 41900000,
        "link": "https://www.sec.gov/Archives/edgar/data/1305168/000095013405010085/0000950134-05-010085-index.htm",
        "finalLink": "https://www.sec.gov/Archives/edgar/data/1305168/000095013405010085/f09157e10vq.htm"
    },
    {
        "date": "2004-12-31",
        "symbol": "ARC",
        "reportedCurrency": "USD",
        "cik": "0001305168",
        "fillingDate": "2005-03-31",
        "acceptedDate": "2005-03-31 13:45:39",
        "calendarYear": "2004",
        "period": "Q4",
        "revenue": 233386000,
        "costOfRevenue": 122172000,
        "grossProfit": 111214000,
        "grossProfitRatio": 0.4765238703,
        "researchAndDevelopmentExpenses": 0,
        "generalAndAdministrativeExpenses": 0,
        "sellingAndMarketingExpenses": 0,
        "sellingGeneralAndAdministrativeExpenses": 50453000,
        "otherExpenses": 0,
        "operatingExpenses": 50453000,
        "costAndExpenses": 172625000,
        "interestIncome": 0,
        "interestExpense": -35092000,
        "depreciationAndAmortization": 0,
        "ebitda": 57801000,
        "ebitdaratio": 0.2476626704,
        "operatingIncome": 57801000,
        "operatingIncomeRatio": 0.2476626704,
        "totalOtherIncomeExpensesNet": -31648000,
        "incomeBeforeTax": 26153000,
        "incomeBeforeTaxRatio": 0.1120589924,
        "incomeTaxExpense": 4835000,
        "netIncome": 21318000,
        "netIncomeRatio": 0.0913422399,
        "eps": 0.6,
        "epsdiluted": 0.57,
        "weightedAverageShsOut": 35493136,
        "weightedAverageShsOutDil": 37464123,
        "link": "https://www.sec.gov/Archives/edgar/data/1305168/000095013405006538/0000950134-05-006538-index.htm",
        "finalLink": "https://www.sec.gov/Archives/edgar/data/1305168/000095013405006538/f07166e10vk.htm"
    },
    {
        "date": "2001-12-31",
        "symbol": "ARC",
        "reportedCurrency": "USD",
        "cik": "0001305168",
        "fillingDate": "2022-02-23",
        "acceptedDate": "2022-02-23 16:11:05",
        "calendarYear": "2001",
        "period": "Q4",
        "revenue": 69247000,
        "costOfRevenue": 46965000,
        "grossProfit": 22282000,
        "grossProfitRatio": 0.3217756726,
        "researchAndDevelopmentExpenses": 0,
        "generalAndAdministrativeExpenses": 0,
        "sellingAndMarketingExpenses": 0,
        "sellingGeneralAndAdministrativeExpenses": 17949000,
        "otherExpenses": 0,
        "operatingExpenses": 17949000,
        "costAndExpenses": 64914000,
        "interestIncome": 0,
        "interestExpense": 456000,
        "depreciationAndAmortization": 0,
        "ebitda": 4302000,
        "ebitdaratio": 0.062125435,
        "operatingIncome": 4302000,
        "operatingIncomeRatio": 0.062125435,
        "totalOtherIncomeExpensesNet": -445000,
        "incomeBeforeTax": 3857000,
        "incomeBeforeTaxRatio": 0.0556991639,
        "incomeTaxExpense": 1232000,
        "netIncome": 2625000,
        "netIncomeRatio": 0.0379077794,
        "eps": 0.0625,
        "epsdiluted": 0.0608,
        "weightedAverageShsOut": 42017000,
        "weightedAverageShsOutDil": 43204000,
        "link": "https://www.sec.gov/Archives/edgar/data/1305168/000130516822000024/0001305168-22-000024-index.htm",
        "finalLink": "https://www.sec.gov/Archives/edgar/data/1305168/000130516822000024/a12312021erexhibit991.htm"
    },
    {
        "date": "2001-09-30",
        "symbol": "ARC",
        "reportedCurrency": "USD",
        "cik": "0001305168",
        "fillingDate": "2021-11-04",
        "acceptedDate": "2021-11-04 16:11:58",
        "calendarYear": "2001",
        "period": "Q3",
        "revenue": 72432000,
        "costOfRevenue": 48643000,
        "grossProfit": 23789000,
        "grossProfitRatio": 0.3284321847,
        "researchAndDevelopmentExpenses": 0,
        "generalAndAdministrativeExpenses": 0,
        "sellingAndMarketingExpenses": 0,
        "sellingGeneralAndAdministrativeExpenses": 18829000,
        "otherExpenses": 0,
        "operatingExpenses": 18829000,
        "costAndExpenses": 67472000,
        "interestIncome": 0,
        "interestExpense": 495000,
        "depreciationAndAmortization": 0,
        "ebitda": 4923000,
        "ebitdaratio": 0.0679671968,
        "operatingIncome": 4923000,
        "operatingIncomeRatio": 0.0679671968,
        "totalOtherIncomeExpensesNet": -488000,
        "incomeBeforeTax": 4435000,
        "incomeBeforeTaxRatio": 0.0612298432,
        "incomeTaxExpense": 1298000,
        "netIncome": 3137000,
        "netIncomeRatio": 0.0433095869,
        "eps": 0.0746,
        "epsdiluted": 0.0734,
        "weightedAverageShsOut": 42073000,
        "weightedAverageShsOutDil": 42724000,
        "link": "https://www.sec.gov/Archives/edgar/data/1305168/000130516821000079/0001305168-21-000079-index.htm",
        "finalLink": "https://www.sec.gov/Archives/edgar/data/1305168/000130516821000079/q32021earningsreleaseex991.htm"
    },
    {
        "date": "2001-06-30",
        "symbol": "ARC",
        "reportedCurrency": "USD",
        "cik": "0001305168",
        "fillingDate": "2021-08-03",
        "acceptedDate": "2021-08-03 16:09:19",
        "calendarYear": "2001",
        "period": "Q2",
        "revenue": 68799000,
        "costOfRevenue": 46007000,
        "grossProfit": 22792000,
        "grossProfitRatio": 0.3312838849,
        "researchAndDevelopmentExpenses": 0,
        "generalAndAdministrativeExpenses": 0,
        "sellingAndMarketingExpenses": 0,
        "sellingGeneralAndAdministrativeExpenses": 18549000,
        "otherExpenses": 0,
        "operatingExpenses": 18549000,
        "costAndExpenses": 64556000,
        "interestIncome": 0,
        "interestExpense": 576000,
        "depreciationAndAmortization": 0,
        "ebitda": 4187000,
        "ebitdaratio": 0.0608584427,
        "operatingIncome": 4187000,
        "operatingIncomeRatio": 0.0608584427,
        "totalOtherIncomeExpensesNet": -564000,
        "incomeBeforeTax": 3623000,
        "incomeBeforeTaxRatio": 0.0526606491,
        "incomeTaxExpense": 1155000,
        "netIncome": 2468000,
        "netIncomeRatio": 0.0358726144,
        "eps": 0.0583,
        "epsdiluted": 0.0579,
        "weightedAverageShsOut": 42304000,
        "weightedAverageShsOutDil": 42597000,
        "link": "https://www.sec.gov/Archives/edgar/data/1305168/000130516821000061/0001305168-21-000061-index.htm",
        "finalLink": "https://www.sec.gov/Archives/edgar/data/1305168/000130516821000061/q22021earningsreleaseex991.htm"
    },
    {
        "date": "2001-03-31",
        "symbol": "ARC",
        "reportedCurrency": "USD",
        "cik": "0001305168",
        "fillingDate": "2022-05-04",
        "acceptedDate": "2022-05-04 16:09:15",
        "calendarYear": "2001",
        "period": "Q1",
        "revenue": 69488000,
        "costOfRevenue": 47039000,
        "grossProfit": 22449000,
        "grossProfitRatio": 0.3230629749,
        "researchAndDevelopmentExpenses": 0,
        "generalAndAdministrativeExpenses": 0,
        "sellingAndMarketingExpenses": 0,
        "sellingGeneralAndAdministrativeExpenses": 19355000,
        "otherExpenses": 0,
        "operatingExpenses": 19355000,
        "costAndExpenses": 66394000,
        "interestIncome": 0,
        "interestExpense": 430000,
        "depreciationAndAmortization": 0,
        "ebitda": 3059000,
        "ebitdaratio": 0.0440219894,
        "operatingIncome": 3059000,
        "operatingIncomeRatio": 0.0440219894,
        "totalOtherIncomeExpensesNet": -405000,
        "incomeBeforeTax": 2654000,
        "incomeBeforeTaxRatio": 0.0381936449,
        "incomeTaxExpense": 798000,
        "netIncome": 1856000,
        "netIncomeRatio": 0.0267096477,
        "eps": 0.0441,
        "epsdiluted": 0.0424,
        "weightedAverageShsOut": 42064000,
        "weightedAverageShsOutDil": 43739000,
        "link": "https://www.sec.gov/Archives/edgar/data/1305168/000130516822000041/0001305168-22-000041-index.htm",
        "finalLink": "https://www.sec.gov/Archives/edgar/data/1305168/000130516822000041/q12022earningsreleaseex991.htm"
    }
]