[
    {
        "date": "2016-03-31",
        "symbol": "ARG",
        "reportedCurrency": "USD",
        "cik": "0000804212",
        "fillingDate": "2016-05-10",
        "acceptedDate": "2016-05-10 17:01:37",
        "calendarYear": "2015",
        "period": "Q4",
        "revenue": 1294084000,
        "costOfRevenue": 549677000,
        "grossProfit": 744407000,
        "grossProfitRatio": 0.5752385471,
        "researchAndDevelopmentExpenses": 0,
        "generalAndAdministrativeExpenses": -15631000,
        "sellingAndMarketingExpenses": 507456000,
        "sellingGeneralAndAdministrativeExpenses": 491825000,
        "otherExpenses": 0,
        "operatingExpenses": 491825000,
        "costAndExpenses": 1161683000,
        "interestIncome": 0,
        "interestExpense": 62100000,
        "depreciationAndAmortization": 89976000,
        "ebitda": 272070000,
        "ebitdaratio": 0.2102413754,
        "operatingIncome": 132401000,
        "operatingIncomeRatio": 0.1023125238,
        "totalOtherIncomeExpensesNet": -12407000,
        "incomeBeforeTax": 119994000,
        "incomeBeforeTaxRatio": 0.0927250472,
        "incomeTaxExpense": 42627000,
        "netIncome": 77367000,
        "netIncomeRatio": 0.0597851453,
        "eps": 1.05,
        "epsdiluted": 1.04,
        "weightedAverageShsOut": 73422000,
        "weightedAverageShsOutDil": 74377000,
        "link": "https://www.sec.gov/Archives/edgar/data/804212/000080421216000048/0000804212-16-000048-index.htm",
        "finalLink": "https://www.sec.gov/Archives/edgar/data/804212/000080421216000048/arg-33116form10xk.htm"
    },
    {
        "date": "2015-12-31",
        "symbol": "ARG",
        "reportedCurrency": "USD",
        "cik": "0000804212",
        "fillingDate": "2016-02-05",
        "acceptedDate": "2016-02-05 17:05:29",
        "calendarYear": "2015",
        "period": "Q3",
        "revenue": 1295414000,
        "costOfRevenue": 553582000,
        "grossProfit": 741832000,
        "grossProfitRatio": 0.5726601689,
        "researchAndDevelopmentExpenses": 0,
        "generalAndAdministrativeExpenses": -15142000,
        "sellingAndMarketingExpenses": 506143000,
        "sellingGeneralAndAdministrativeExpenses": 491001000,
        "otherExpenses": 0,
        "operatingExpenses": 491001000,
        "costAndExpenses": 1169827000,
        "interestIncome": 0,
        "interestExpense": 0,
        "depreciationAndAmortization": 88709000,
        "ebitda": 203470000,
        "ebitdaratio": 0.1570694774,
        "operatingIncome": 125587000,
        "operatingIncomeRatio": 0.0969473852,
        "totalOtherIncomeExpensesNet": -10826000,
        "incomeBeforeTax": 114761000,
        "incomeBeforeTaxRatio": 0.0885902113,
        "incomeTaxExpense": 40897000,
        "netIncome": 73864000,
        "netIncomeRatio": 0.0570196092,
        "eps": 1,
        "epsdiluted": 0.99,
        "weightedAverageShsOut": 73732000,
        "weightedAverageShsOutDil": 74603000,
        "link": "https://www.sec.gov/Archives/edgar/data/804212/000080421216000040/0000804212-16-000040-index.htm",
        "finalLink": "https://www.sec.gov/Archives/edgar/data/804212/000080421216000040/arg-123115form10xq.htm"
    },
    {
        "date": "2015-09-30",
        "symbol": "ARG",
        "reportedCurrency": "USD",
        "cik": "0000804212",
        "fillingDate": "2015-11-04",
        "acceptedDate": "2015-11-04 17:04:15",
        "calendarYear": "2015",
        "period": "Q2",
        "revenue": 1374569000,
        "costOfRevenue": 601173000,
        "grossProfit": 773396000,
        "grossProfitRatio": 0.5626461822,
        "researchAndDevelopmentExpenses": 0,
        "generalAndAdministrativeExpenses": -15262000,
        "sellingAndMarketingExpenses": 515379000,
        "sellingGeneralAndAdministrativeExpenses": 500117000,
        "otherExpenses": 0,
        "operatingExpenses": 500117000,
        "costAndExpenses": 1204424000,
        "interestIncome": 0,
        "interestExpense": 0,
        "depreciationAndAmortization": 87872000,
        "ebitda": 242867000,
        "ebitdaratio": 0.1766859285,
        "operatingIncome": 170145000,
        "operatingIncomeRatio": 0.1237806178,
        "totalOtherIncomeExpensesNet": -15150000,
        "incomeBeforeTax": 154995000,
        "incomeBeforeTaxRatio": 0.1127589812,
        "incomeTaxExpense": 56961000,
        "netIncome": 98034000,
        "netIncomeRatio": 0.0713198101,
        "eps": 1.32,
        "epsdiluted": 1.3,
        "weightedAverageShsOut": 74540000,
        "weightedAverageShsOutDil": 75397000,
        "link": "https://www.sec.gov/Archives/edgar/data/804212/000080421215000033/0000804212-15-000033-index.htm",
        "finalLink": "https://www.sec.gov/Archives/edgar/data/804212/000080421215000033/arg-93015form10xq.htm"
    },
    {
        "date": "2015-06-30",
        "symbol": "ARG",
        "reportedCurrency": "USD",
        "cik": "0000804212",
        "fillingDate": "2015-08-05",
        "acceptedDate": "2015-08-05 17:19:57",
        "calendarYear": "2015",
        "period": "Q1",
        "revenue": 1349710000,
        "costOfRevenue": 597166000,
        "grossProfit": 752544000,
        "grossProfitRatio": 0.5575597721,
        "researchAndDevelopmentExpenses": 0,
        "generalAndAdministrativeExpenses": -14036000,
        "sellingAndMarketingExpenses": 513776000,
        "sellingGeneralAndAdministrativeExpenses": 499740000,
        "otherExpenses": 0,
        "operatingExpenses": 499740000,
        "costAndExpenses": 1197132000,
        "interestIncome": 0,
        "interestExpense": 0,
        "depreciationAndAmortization": 86190000,
        "ebitda": 226157000,
        "ebitdaratio": 0.167559698,
        "operatingIncome": 152578000,
        "operatingIncomeRatio": 0.1130450245,
        "totalOtherIncomeExpensesNet": -12611000,
        "incomeBeforeTax": 139967000,
        "incomeBeforeTaxRatio": 0.1037015359,
        "incomeTaxExpense": 51732000,
        "netIncome": 88235000,
        "netIncomeRatio": 0.0653733024,
        "eps": 1.17,
        "epsdiluted": 1.16,
        "weightedAverageShsOut": 75206000,
        "weightedAverageShsOutDil": 76105000,
        "link": "https://www.sec.gov/Archives/edgar/data/804212/000080421215000029/0000804212-15-000029-index.htm",
        "finalLink": "https://www.sec.gov/Archives/edgar/data/804212/000080421215000029/arg-6301510xq.htm"
    },
    {
        "date": "2015-03-31",
        "symbol": "ARG",
        "reportedCurrency": "USD",
        "cik": "0000804212",
        "fillingDate": "2015-05-27",
        "acceptedDate": "2015-05-27 17:18:18",
        "calendarYear": "2014",
        "period": "Q4",
        "revenue": 1301723000,
        "costOfRevenue": 583002000,
        "grossProfit": 718721000,
        "grossProfitRatio": 0.5521305224,
        "researchAndDevelopmentExpenses": 0,
        "generalAndAdministrativeExpenses": -13858000,
        "sellingAndMarketingExpenses": 487177000,
        "sellingGeneralAndAdministrativeExpenses": 473319000,
        "otherExpenses": 0,
        "operatingExpenses": 473319000,
        "costAndExpenses": 1154193000,
        "interestIncome": 0,
        "interestExpense": 64191000,
        "depreciationAndAmortization": 84014000,
        "ebitda": 285240000,
        "ebitdaratio": 0.2191249598,
        "operatingIncome": 147530000,
        "operatingIncomeRatio": 0.1133344037,
        "totalOtherIncomeExpensesNet": -10495000,
        "incomeBeforeTax": 137035000,
        "incomeBeforeTaxRatio": 0.1052720126,
        "incomeTaxExpense": 49312000,
        "netIncome": 87723000,
        "netIncomeRatio": 0.0673899132,
        "eps": 1.17,
        "epsdiluted": 1.16,
        "weightedAverageShsOut": 74702000,
        "weightedAverageShsOutDil": 75851000,
        "link": "https://www.sec.gov/Archives/edgar/data/804212/000080421215000014/0000804212-15-000014-index.htm",
        "finalLink": "https://www.sec.gov/Archives/edgar/data/804212/000080421215000014/arg-3311510xk.htm"
    },
    {
        "date": "2014-12-31",
        "symbol": "ARG",
        "reportedCurrency": "USD",
        "cik": "0000804212",
        "fillingDate": "2015-02-06",
        "acceptedDate": "2015-02-06 11:28:48",
        "calendarYear": "2014",
        "period": "Q3",
        "revenue": 1331820000,
        "costOfRevenue": 588933000,
        "grossProfit": 742887000,
        "grossProfitRatio": 0.5577983511,
        "researchAndDevelopmentExpenses": 0,
        "generalAndAdministrativeExpenses": -13673000,
        "sellingAndMarketingExpenses": 496409000,
        "sellingGeneralAndAdministrativeExpenses": 482736000,
        "otherExpenses": 0,
        "operatingExpenses": 482736000,
        "costAndExpenses": 1168934000,
        "interestIncome": 0,
        "interestExpense": 0,
        "depreciationAndAmortization": 83592000,
        "ebitda": 232567000,
        "ebitdaratio": 0.1746234476,
        "operatingIncome": 162886000,
        "operatingIncomeRatio": 0.1223033143,
        "totalOtherIncomeExpensesNet": -13911000,
        "incomeBeforeTax": 148975000,
        "incomeBeforeTaxRatio": 0.1118582091,
        "incomeTaxExpense": 55776000,
        "netIncome": 93199000,
        "netIncomeRatio": 0.0699786758,
        "eps": 1.25,
        "epsdiluted": 1.23,
        "weightedAverageShsOut": 74534000,
        "weightedAverageShsOutDil": 75721000,
        "link": "https://www.sec.gov/Archives/edgar/data/804212/000080421215000002/0000804212-15-000002-index.htm",
        "finalLink": "https://www.sec.gov/Archives/edgar/data/804212/000080421215000002/arg-12311410xq.htm"
    },
    {
        "date": "2014-09-30",
        "symbol": "ARG",
        "reportedCurrency": "USD",
        "cik": "0000804212",
        "fillingDate": "2014-11-05",
        "acceptedDate": "2014-11-05 16:38:57",
        "calendarYear": "2014",
        "period": "Q2",
        "revenue": 1357755000,
        "costOfRevenue": 600534000,
        "grossProfit": 757221000,
        "grossProfitRatio": 0.5577007634,
        "researchAndDevelopmentExpenses": 0,
        "generalAndAdministrativeExpenses": -18562000,
        "sellingAndMarketingExpenses": 500375000,
        "sellingGeneralAndAdministrativeExpenses": 481813000,
        "otherExpenses": 0,
        "operatingExpenses": 481813000,
        "costAndExpenses": 1181974000,
        "interestIncome": 0,
        "interestExpense": 0,
        "depreciationAndAmortization": 81065000,
        "ebitda": 238365000,
        "ebitdaratio": 0.1755581824,
        "operatingIncome": 175781000,
        "operatingIncomeRatio": 0.1294644468,
        "totalOtherIncomeExpensesNet": -18481000,
        "incomeBeforeTax": 157300000,
        "incomeBeforeTaxRatio": 0.1158530074,
        "incomeTaxExpense": 58988000,
        "netIncome": 98312000,
        "netIncomeRatio": 0.0724077613,
        "eps": 1.32,
        "epsdiluted": 1.3,
        "weightedAverageShsOut": 74417000,
        "weightedAverageShsOutDil": 75616000,
        "link": "https://www.sec.gov/Archives/edgar/data/804212/000080421214000032/0000804212-14-000032-index.htm",
        "finalLink": "https://www.sec.gov/Archives/edgar/data/804212/000080421214000032/arg-9301410xq.htm"
    },
    {
        "date": "2014-06-30",
        "symbol": "ARG",
        "reportedCurrency": "USD",
        "cik": "0000804212",
        "fillingDate": "2014-08-06",
        "acceptedDate": "2014-08-06 13:22:34",
        "calendarYear": "2014",
        "period": "Q1",
        "revenue": 1313587000,
        "costOfRevenue": 583406000,
        "grossProfit": 730181000,
        "grossProfitRatio": 0.5558680164,
        "researchAndDevelopmentExpenses": 0,
        "generalAndAdministrativeExpenses": -16139000,
        "sellingAndMarketingExpenses": 494713000,
        "sellingGeneralAndAdministrativeExpenses": 478574000,
        "otherExpenses": 0,
        "operatingExpenses": 478574000,
        "costAndExpenses": 1158506000,
        "interestIncome": 0,
        "interestExpense": 0,
        "depreciationAndAmortization": 80387000,
        "ebitda": 221198000,
        "ebitdaratio": 0.1683923486,
        "operatingIncome": 155081000,
        "operatingIncomeRatio": 0.1180591769,
        "totalOtherIncomeExpensesNet": -14270000,
        "incomeBeforeTax": 140811000,
        "incomeBeforeTaxRatio": 0.1071957929,
        "incomeTaxExpense": 51959000,
        "netIncome": 88852000,
        "netIncomeRatio": 0.0676407425,
        "eps": 1.2,
        "epsdiluted": 1.18,
        "weightedAverageShsOut": 74272000,
        "weightedAverageShsOutDil": 75483000,
        "link": "https://www.sec.gov/Archives/edgar/data/804212/000080421214000026/0000804212-14-000026-index.htm",
        "finalLink": "https://www.sec.gov/Archives/edgar/data/804212/000080421214000026/arg-6301410xq.htm"
    },
    {
        "date": "2014-03-31",
        "symbol": "ARG",
        "reportedCurrency": "USD",
        "cik": "0000804212",
        "fillingDate": "2014-05-29",
        "acceptedDate": "2014-05-29 17:18:47",
        "calendarYear": "2013",
        "period": "Q4",
        "revenue": 1267830000,
        "costOfRevenue": 571349000,
        "grossProfit": 696481000,
        "grossProfitRatio": 0.5493488875,
        "researchAndDevelopmentExpenses": 0,
        "generalAndAdministrativeExpenses": -16023000,
        "sellingAndMarketingExpenses": 468506000,
        "sellingGeneralAndAdministrativeExpenses": 452483000,
        "otherExpenses": 0,
        "operatingExpenses": 452483000,
        "costAndExpenses": 1117598000,
        "interestIncome": 0,
        "interestExpense": 74973000,
        "depreciationAndAmortization": 77743000,
        "ebitda": 287265000,
        "ebitdaratio": 0.226580062,
        "operatingIncome": 150232000,
        "operatingIncomeRatio": 0.1184953819,
        "totalOtherIncomeExpensesNet": -15683000,
        "incomeBeforeTax": 134549000,
        "incomeBeforeTaxRatio": 0.1061254269,
        "incomeTaxExpense": 46192000,
        "netIncome": 88357000,
        "netIncomeRatio": 0.0696915202,
        "eps": 1.2,
        "epsdiluted": 1.18,
        "weightedAverageShsOut": 73623000,
        "weightedAverageShsOutDil": 74910000,
        "link": "https://www.sec.gov/Archives/edgar/data/804212/000080421214000014/0000804212-14-000014-index.htm",
        "finalLink": "https://www.sec.gov/Archives/edgar/data/804212/000080421214000014/arg-3311410xk.htm"
    },
    {
        "date": "2013-12-31",
        "symbol": "ARG",
        "reportedCurrency": "USD",
        "cik": "0000804212",
        "fillingDate": "2014-02-10",
        "acceptedDate": "2014-02-10 15:12:47",
        "calendarYear": "2013",
        "period": "Q3",
        "revenue": 1242846000,
        "costOfRevenue": 537670000,
        "grossProfit": 705176000,
        "grossProfitRatio": 0.5673880754,
        "researchAndDevelopmentExpenses": 0,
        "generalAndAdministrativeExpenses": -16216000,
        "sellingAndMarketingExpenses": 472687000,
        "sellingGeneralAndAdministrativeExpenses": 456471000,
        "otherExpenses": 0,
        "operatingExpenses": 456471000,
        "costAndExpenses": 1087927000,
        "interestIncome": 0,
        "interestExpense": 129000,
        "depreciationAndAmortization": 77570000,
        "ebitda": 209544000,
        "ebitdaratio": 0.1686001323,
        "operatingIncome": 154919000,
        "operatingIncomeRatio": 0.1246485888,
        "totalOtherIncomeExpensesNet": -23074000,
        "incomeBeforeTax": 131845000,
        "incomeBeforeTaxRatio": 0.106083135,
        "incomeTaxExpense": 49086000,
        "netIncome": 82759000,
        "netIncomeRatio": 0.0665882981,
        "eps": 1.13,
        "epsdiluted": 1.11,
        "weightedAverageShsOut": 73505000,
        "weightedAverageShsOutDil": 74812000,
        "link": "https://www.sec.gov/Archives/edgar/data/804212/000080421214000003/0000804212-14-000003-index.htm",
        "finalLink": "https://www.sec.gov/Archives/edgar/data/804212/000080421214000003/arg-12311310xq.htm"
    },
    {
        "date": "2013-09-30",
        "symbol": "ARG",
        "reportedCurrency": "USD",
        "cik": "0000804212",
        "fillingDate": "2013-11-07",
        "acceptedDate": "2013-11-07 13:24:10",
        "calendarYear": "2013",
        "period": "Q2",
        "revenue": 1281970000,
        "costOfRevenue": 563012000,
        "grossProfit": 718958000,
        "grossProfitRatio": 0.5608227962,
        "researchAndDevelopmentExpenses": 0,
        "generalAndAdministrativeExpenses": -20665000,
        "sellingAndMarketingExpenses": 474455000,
        "sellingGeneralAndAdministrativeExpenses": 453790000,
        "otherExpenses": 0,
        "operatingExpenses": 453790000,
        "costAndExpenses": 1113201000,
        "interestIncome": 0,
        "interestExpense": 130000,
        "depreciationAndAmortization": 75734000,
        "ebitda": 225442000,
        "ebitdaratio": 0.1758559093,
        "operatingIncome": 168769000,
        "operatingIncomeRatio": 0.1316481665,
        "totalOtherIncomeExpensesNet": -19191000,
        "incomeBeforeTax": 149578000,
        "incomeBeforeTaxRatio": 0.1166782374,
        "incomeTaxExpense": 54596000,
        "netIncome": 94982000,
        "netIncomeRatio": 0.0740906573,
        "eps": 1.29,
        "epsdiluted": 1.27,
        "weightedAverageShsOut": 73372000,
        "weightedAverageShsOutDil": 74676000,
        "link": "https://www.sec.gov/Archives/edgar/data/804212/000080421213000028/0000804212-13-000028-index.htm",
        "finalLink": "https://www.sec.gov/Archives/edgar/data/804212/000080421213000028/arg-9301310xq.htm"
    },
    {
        "date": "2013-06-30",
        "symbol": "ARG",
        "reportedCurrency": "USD",
        "cik": "0000804212",
        "fillingDate": "2013-08-07",
        "acceptedDate": "2013-08-07 17:17:54",
        "calendarYear": "2013",
        "period": "Q1",
        "revenue": 1279891000,
        "costOfRevenue": 575543000,
        "grossProfit": 704348000,
        "grossProfitRatio": 0.5503187381,
        "researchAndDevelopmentExpenses": 0,
        "generalAndAdministrativeExpenses": -20794000,
        "sellingAndMarketingExpenses": 473475000,
        "sellingGeneralAndAdministrativeExpenses": 452681000,
        "otherExpenses": 0,
        "operatingExpenses": 452681000,
        "costAndExpenses": 1123277000,
        "interestIncome": 0,
        "interestExpense": 129000,
        "depreciationAndAmortization": 74259000,
        "ebitda": 210321000,
        "ebitdaratio": 0.1643272747,
        "operatingIncome": 156614000,
        "operatingIncomeRatio": 0.1223651077,
        "totalOtherIncomeExpensesNet": -20681000,
        "incomeBeforeTax": 135933000,
        "incomeBeforeTaxRatio": 0.1062067004,
        "incomeTaxExpense": 51247000,
        "netIncome": 84686000,
        "netIncomeRatio": 0.066166572,
        "eps": 1.16,
        "epsdiluted": 1.14,
        "weightedAverageShsOut": 73231000,
        "weightedAverageShsOutDil": 74536000,
        "link": "https://www.sec.gov/Archives/edgar/data/804212/000080421213000022/0000804212-13-000022-index.htm",
        "finalLink": "https://www.sec.gov/Archives/edgar/data/804212/000080421213000022/arg-6301310xq.htm"
    },
    {
        "date": "2013-03-31",
        "symbol": "ARG",
        "reportedCurrency": "USD",
        "cik": "0000804212",
        "fillingDate": "2013-05-22",
        "acceptedDate": "2013-05-22 16:47:59",
        "calendarYear": "2012",
        "period": "Q4",
        "revenue": 1262923000,
        "costOfRevenue": 572110000,
        "grossProfit": 690813000,
        "grossProfitRatio": 0.5469953433,
        "researchAndDevelopmentExpenses": 0,
        "generalAndAdministrativeExpenses": -19392000,
        "sellingAndMarketingExpenses": 462758000,
        "sellingGeneralAndAdministrativeExpenses": 443366000,
        "otherExpenses": 0,
        "operatingExpenses": 443366000,
        "costAndExpenses": 1110661000,
        "interestIncome": 0,
        "interestExpense": 70077000,
        "depreciationAndAmortization": 74130000,
        "ebitda": 281242000,
        "ebitdaratio": 0.222691328,
        "operatingIncome": 152262000,
        "operatingIncomeRatio": 0.1205631697,
        "totalOtherIncomeExpensesNet": -15227000,
        "incomeBeforeTax": 137035000,
        "incomeBeforeTaxRatio": 0.1085062193,
        "incomeTaxExpense": 50894000,
        "netIncome": 86141000,
        "netIncomeRatio": 0.0682076421,
        "eps": 1.12,
        "epsdiluted": 1.1,
        "weightedAverageShsOut": 76651000,
        "weightedAverageShsOutDil": 78307000,
        "link": "https://www.sec.gov/Archives/edgar/data/804212/000080421213000015/0000804212-13-000015-index.htm",
        "finalLink": "https://www.sec.gov/Archives/edgar/data/804212/000080421213000015/arg-3311310xk.htm"
    },
    {
        "date": "2012-12-31",
        "symbol": "ARG",
        "reportedCurrency": "USD",
        "cik": "0000804212",
        "fillingDate": "2013-02-08",
        "acceptedDate": "2013-02-08 13:42:48",
        "calendarYear": "2012",
        "period": "Q3",
        "revenue": 1207708000,
        "costOfRevenue": 527452000,
        "grossProfit": 680256000,
        "grossProfitRatio": 0.5632619805,
        "researchAndDevelopmentExpenses": 0,
        "generalAndAdministrativeExpenses": -16472000,
        "sellingAndMarketingExpenses": 462288000,
        "sellingGeneralAndAdministrativeExpenses": 445816000,
        "otherExpenses": 0,
        "operatingExpenses": 445816000,
        "costAndExpenses": 1060429000,
        "interestIncome": 0,
        "interestExpense": 0,
        "depreciationAndAmortization": 72418000,
        "ebitda": 204030000,
        "ebitdaratio": 0.1689398431,
        "operatingIncome": 147279000,
        "operatingIncomeRatio": 0.1219491798,
        "totalOtherIncomeExpensesNet": -15667000,
        "incomeBeforeTax": 131612000,
        "incomeBeforeTaxRatio": 0.1089766732,
        "incomeTaxExpense": 48697000,
        "netIncome": 82915000,
        "netIncomeRatio": 0.0686548404,
        "eps": 1.08,
        "epsdiluted": 1.05,
        "weightedAverageShsOut": 77123000,
        "weightedAverageShsOutDil": 78883000,
        "link": "https://www.sec.gov/Archives/edgar/data/804212/000080421213000004/0000804212-13-000004-index.htm",
        "finalLink": "https://www.sec.gov/Archives/edgar/data/804212/000080421213000004/arg-12311210xq.htm"
    },
    {
        "date": "2012-09-30",
        "symbol": "ARG",
        "reportedCurrency": "USD",
        "cik": "0000804212",
        "fillingDate": "2012-11-07",
        "acceptedDate": "2012-11-07 14:16:28",
        "calendarYear": "2012",
        "period": "Q2",
        "revenue": 1229610000,
        "costOfRevenue": 552313000,
        "grossProfit": 677297000,
        "grossProfitRatio": 0.5508226186,
        "researchAndDevelopmentExpenses": 0,
        "generalAndAdministrativeExpenses": -15880000,
        "sellingAndMarketingExpenses": 458301000,
        "sellingGeneralAndAdministrativeExpenses": 442421000,
        "otherExpenses": 0,
        "operatingExpenses": 442421000,
        "costAndExpenses": 1084424000,
        "interestIncome": 0,
        "interestExpense": 0,
        "depreciationAndAmortization": 71367000,
        "ebitda": 201834000,
        "ebitdaratio": 0.1641447288,
        "operatingIncome": 145186000,
        "operatingIncomeRatio": 0.1180748367,
        "totalOtherIncomeExpensesNet": -14719000,
        "incomeBeforeTax": 130467000,
        "incomeBeforeTaxRatio": 0.1061043746,
        "incomeTaxExpense": 49447000,
        "netIncome": 81020000,
        "netIncomeRatio": 0.0658908109,
        "eps": 1.05,
        "epsdiluted": 1.03,
        "weightedAverageShsOut": 76973000,
        "weightedAverageShsOutDil": 78860000,
        "link": "https://www.sec.gov/Archives/edgar/data/804212/000080421212000048/0000804212-12-000048-index.htm",
        "finalLink": "https://www.sec.gov/Archives/edgar/data/804212/000080421212000048/arg-9301210xq.htm"
    },
    {
        "date": "2012-06-30",
        "symbol": "ARG",
        "reportedCurrency": "USD",
        "cik": "0000804212",
        "fillingDate": "2012-08-08",
        "acceptedDate": "2012-08-08 15:04:38",
        "calendarYear": "2012",
        "period": "Q1",
        "revenue": 1257256000,
        "costOfRevenue": 568738000,
        "grossProfit": 688518000,
        "grossProfitRatio": 0.5476354855,
        "researchAndDevelopmentExpenses": 0,
        "generalAndAdministrativeExpenses": -15750000,
        "sellingAndMarketingExpenses": 460131000,
        "sellingGeneralAndAdministrativeExpenses": 444381000,
        "otherExpenses": 0,
        "operatingExpenses": 444381000,
        "costAndExpenses": 1105566000,
        "interestIncome": 0,
        "interestExpense": 0,
        "depreciationAndAmortization": 70985000,
        "ebitda": 215288000,
        "ebitdaratio": 0.1712364069,
        "operatingIncome": 151690000,
        "operatingIncomeRatio": 0.1206516414,
        "totalOtherIncomeExpensesNet": -7387000,
        "incomeBeforeTax": 144303000,
        "incomeBeforeTaxRatio": 0.1147761474,
        "incomeTaxExpense": 53505000,
        "netIncome": 90798000,
        "netIncomeRatio": 0.0722191821,
        "eps": 1.18,
        "epsdiluted": 1.15,
        "weightedAverageShsOut": 76833000,
        "weightedAverageShsOutDil": 78799000,
        "link": "https://www.sec.gov/Archives/edgar/data/804212/000080421212000028/0000804212-12-000028-index.htm",
        "finalLink": "https://www.sec.gov/Archives/edgar/data/804212/000080421212000028/arg-6301210xq.htm"
    },
    {
        "date": "2012-03-31",
        "symbol": "ARG",
        "reportedCurrency": "USD",
        "cik": "0000804212",
        "fillingDate": "2012-05-29",
        "acceptedDate": "2012-05-29 17:12:37",
        "calendarYear": "2011",
        "period": "Q4",
        "revenue": 1241149000,
        "costOfRevenue": 571253000,
        "grossProfit": 669896000,
        "grossProfitRatio": 0.5397385809,
        "researchAndDevelopmentExpenses": 0,
        "generalAndAdministrativeExpenses": -16522000,
        "sellingAndMarketingExpenses": 447836000,
        "sellingGeneralAndAdministrativeExpenses": 431314000,
        "otherExpenses": 0,
        "operatingExpenses": 431314000,
        "costAndExpenses": 1094496000,
        "interestIncome": 0,
        "interestExpense": 68846000,
        "depreciationAndAmortization": 69220000,
        "ebitda": 268955000,
        "ebitdaratio": 0.216698398,
        "operatingIncome": 146653000,
        "operatingIncomeRatio": 0.1181590607,
        "totalOtherIncomeExpensesNet": -15764000,
        "incomeBeforeTax": 130889000,
        "incomeBeforeTaxRatio": 0.1054579265,
        "incomeTaxExpense": 42364000,
        "netIncome": 88525000,
        "netIncomeRatio": 0.0713250383,
        "eps": 1.16,
        "epsdiluted": 1.13,
        "weightedAverageShsOut": 76586000,
        "weightedAverageShsOutDil": 78324000,
        "link": "https://www.sec.gov/Archives/edgar/data/804212/000080421212000016/0000804212-12-000016-index.htm",
        "finalLink": "https://www.sec.gov/Archives/edgar/data/804212/000080421212000016/arg-3311210xk.htm"
    },
    {
        "date": "2011-12-31",
        "symbol": "ARG",
        "reportedCurrency": "USD",
        "cik": "0000804212",
        "fillingDate": "2012-02-08",
        "acceptedDate": "2012-02-08 13:53:04",
        "calendarYear": "2011",
        "period": "Q3",
        "revenue": 1153751000,
        "costOfRevenue": 1604177000,
        "grossProfit": -450426000,
        "grossProfitRatio": -0.3904013951,
        "researchAndDevelopmentExpenses": 0,
        "generalAndAdministrativeExpenses": -83889000,
        "sellingAndMarketingExpenses": 433050000,
        "sellingGeneralAndAdministrativeExpenses": 349161000,
        "otherExpenses": 0,
        "operatingExpenses": 349161000,
        "costAndExpenses": 1023139000,
        "interestIncome": 0,
        "interestExpense": -34074000,
        "depreciationAndAmortization": 68012000,
        "ebitda": 150184000,
        "ebitdaratio": 0.1301702014,
        "operatingIncome": 130612000,
        "operatingIncomeRatio": 0.1132064024,
        "totalOtherIncomeExpensesNet": -14366000,
        "incomeBeforeTax": 116246000,
        "incomeBeforeTaxRatio": 0.1007548422,
        "incomeTaxExpense": 43941000,
        "netIncome": 72305000,
        "netIncomeRatio": 0.0626695015,
        "eps": 0.94,
        "epsdiluted": 0.92,
        "weightedAverageShsOut": 76632000,
        "weightedAverageShsOutDil": 78340000,
        "link": "https://www.sec.gov/Archives/edgar/data/804212/000080421212000005/0000804212-12-000005-index.htm",
        "finalLink": "https://www.sec.gov/Archives/edgar/data/804212/000080421212000005/arg-12312011xq3.htm"
    },
    {
        "date": "2011-09-30",
        "symbol": "ARG",
        "reportedCurrency": "USD",
        "cik": "0000804212",
        "fillingDate": "2011-11-08",
        "acceptedDate": "2011-11-08 15:40:46",
        "calendarYear": "2011",
        "period": "Q2",
        "revenue": 1187083000,
        "costOfRevenue": 552581000,
        "grossProfit": 634502000,
        "grossProfitRatio": 0.5345051694,
        "researchAndDevelopmentExpenses": 0,
        "generalAndAdministrativeExpenses": 17424000,
        "sellingAndMarketingExpenses": 423437000,
        "sellingGeneralAndAdministrativeExpenses": 440861000,
        "otherExpenses": 0,
        "operatingExpenses": 440861000,
        "costAndExpenses": 1045155000,
        "interestIncome": 0,
        "interestExpense": 17424000,
        "depreciationAndAmortization": 66637000,
        "ebitda": 207984000,
        "ebitdaratio": 0.175205946,
        "operatingIncome": 141928000,
        "operatingIncomeRatio": 0.1195603003,
        "totalOtherIncomeExpensesNet": -18005000,
        "incomeBeforeTax": 123923000,
        "incomeBeforeTaxRatio": 0.1043928689,
        "incomeTaxExpense": 46224000,
        "netIncome": 77699000,
        "netIncomeRatio": 0.0654537214,
        "eps": 1.01,
        "epsdiluted": 0.99,
        "weightedAverageShsOut": 76980000,
        "weightedAverageShsOutDil": 78672000,
        "link": "https://www.sec.gov/Archives/edgar/data/804212/000119312511302024/0001193125-11-302024-index.htm",
        "finalLink": "https://www.sec.gov/Archives/edgar/data/804212/000119312511302024/d237215d10q.htm"
    },
    {
        "date": "2011-06-30",
        "symbol": "ARG",
        "reportedCurrency": "USD",
        "cik": "0000804212",
        "fillingDate": "2011-08-08",
        "acceptedDate": "2011-08-08 15:26:41",
        "calendarYear": "2011",
        "period": "Q1",
        "revenue": 1164300000,
        "costOfRevenue": 530780000,
        "grossProfit": 633520000,
        "grossProfitRatio": 0.544120931,
        "researchAndDevelopmentExpenses": 0,
        "generalAndAdministrativeExpenses": 16650000,
        "sellingAndMarketingExpenses": 423446000,
        "sellingGeneralAndAdministrativeExpenses": 440096000,
        "otherExpenses": 0,
        "operatingExpenses": 440096000,
        "costAndExpenses": 1027272000,
        "interestIncome": 0,
        "interestExpense": 16650000,
        "depreciationAndAmortization": 66416000,
        "ebitda": 204174000,
        "ebitdaratio": 0.1753620201,
        "operatingIncome": 137028000,
        "operatingIncomeRatio": 0.1176913167,
        "totalOtherIncomeExpensesNet": -15920000,
        "incomeBeforeTax": 121108000,
        "incomeBeforeTaxRatio": 0.1040178648,
        "incomeTaxExpense": 46263000,
        "netIncome": 74845000,
        "netIncomeRatio": 0.0642832603,
        "eps": 0.96,
        "epsdiluted": 0.93,
        "weightedAverageShsOut": 78346000,
        "weightedAverageShsOutDil": 80097000,
        "link": "https://www.sec.gov/Archives/edgar/data/804212/000119312511214118/0001193125-11-214118-index.htm",
        "finalLink": "https://www.sec.gov/Archives/edgar/data/804212/000119312511214118/d10q.htm"
    },
    {
        "date": "2011-03-31",
        "symbol": "ARG",
        "reportedCurrency": "USD",
        "cik": "0000804212",
        "fillingDate": "2011-05-26",
        "acceptedDate": "2011-05-26 10:44:30",
        "calendarYear": "2010",
        "period": "Q4",
        "revenue": 1102684000,
        "costOfRevenue": 504599000,
        "grossProfit": 598085000,
        "grossProfitRatio": 0.5423902043,
        "researchAndDevelopmentExpenses": 0,
        "generalAndAdministrativeExpenses": 14239000,
        "sellingAndMarketingExpenses": 398947000,
        "sellingGeneralAndAdministrativeExpenses": 413186000,
        "otherExpenses": 0,
        "operatingExpenses": 413186000,
        "costAndExpenses": 987185000,
        "interestIncome": 0,
        "interestExpense": 16904000,
        "depreciationAndAmortization": 65265000,
        "ebitda": 184109000,
        "ebitdaratio": 0.166964425,
        "operatingIncome": 115499000,
        "operatingIncomeRatio": 0.1047435167,
        "totalOtherIncomeExpensesNet": -13559000,
        "incomeBeforeTax": 101940000,
        "incomeBeforeTaxRatio": 0.0924471562,
        "incomeTaxExpense": 39369000,
        "netIncome": 62571000,
        "netIncomeRatio": 0.0567442713,
        "eps": 0.75,
        "epsdiluted": 0.73,
        "weightedAverageShsOut": 83487000,
        "weightedAverageShsOutDil": 85252000,
        "link": "https://www.sec.gov/Archives/edgar/data/804212/000119312511151211/0001193125-11-151211-index.htm",
        "finalLink": "https://www.sec.gov/Archives/edgar/data/804212/000119312511151211/d10k.htm"
    },
    {
        "date": "2010-12-31",
        "symbol": "ARG",
        "reportedCurrency": "USD",
        "cik": "0000804212",
        "fillingDate": "2011-02-04",
        "acceptedDate": "2011-02-04 13:33:44",
        "calendarYear": "2010",
        "period": "Q3",
        "revenue": 1034464000,
        "costOfRevenue": 458217000,
        "grossProfit": 576247000,
        "grossProfitRatio": 0.5570488678,
        "researchAndDevelopmentExpenses": 0,
        "generalAndAdministrativeExpenses": 18471000,
        "sellingAndMarketingExpenses": 387962000,
        "sellingGeneralAndAdministrativeExpenses": 406433000,
        "otherExpenses": 0,
        "operatingExpenses": 406433000,
        "costAndExpenses": 926098000,
        "interestIncome": 0,
        "interestExpense": 18471000,
        "depreciationAndAmortization": 62361000,
        "ebitda": 171763000,
        "ebitdaratio": 0.1660405775,
        "operatingIncome": 108366000,
        "operatingIncomeRatio": 0.1047556996,
        "totalOtherIncomeExpensesNet": -17435000,
        "incomeBeforeTax": 90931000,
        "incomeBeforeTaxRatio": 0.0879015606,
        "incomeTaxExpense": 35100000,
        "netIncome": 55831000,
        "netIncomeRatio": 0.0539709453,
        "eps": 0.67,
        "epsdiluted": 0.65,
        "weightedAverageShsOut": 83739000,
        "weightedAverageShsOutDil": 85549000,
        "link": "https://www.sec.gov/Archives/edgar/data/804212/000119312511024257/0001193125-11-024257-index.htm",
        "finalLink": "https://www.sec.gov/Archives/edgar/data/804212/000119312511024257/d10q.htm"
    },
    {
        "date": "2010-09-30",
        "symbol": "ARG",
        "reportedCurrency": "USD",
        "cik": "0000804212",
        "fillingDate": "2010-11-05",
        "acceptedDate": "2010-11-05 13:59:35",
        "calendarYear": "2010",
        "period": "Q2",
        "revenue": 1061663000,
        "costOfRevenue": 476172000,
        "grossProfit": 585491000,
        "grossProfitRatio": 0.5514847932,
        "researchAndDevelopmentExpenses": 0,
        "generalAndAdministrativeExpenses": 14025000,
        "sellingAndMarketingExpenses": 396614000,
        "sellingGeneralAndAdministrativeExpenses": 410639000,
        "otherExpenses": 0,
        "operatingExpenses": 410639000,
        "costAndExpenses": 939898000,
        "interestIncome": 0,
        "interestExpense": 14025000,
        "depreciationAndAmortization": 62425000,
        "ebitda": 183821000,
        "ebitdaratio": 0.173144397,
        "operatingIncome": 121765000,
        "operatingIncomeRatio": 0.1146927038,
        "totalOtherIncomeExpensesNet": -14394000,
        "incomeBeforeTax": 107371000,
        "incomeBeforeTaxRatio": 0.1011347292,
        "incomeTaxExpense": 40806000,
        "netIncome": 66565000,
        "netIncomeRatio": 0.0626988037,
        "eps": 0.8,
        "epsdiluted": 0.78,
        "weightedAverageShsOut": 83580000,
        "weightedAverageShsOutDil": 85408000,
        "link": "https://www.sec.gov/Archives/edgar/data/804212/000119312510249784/0001193125-10-249784-index.htm",
        "finalLink": "https://www.sec.gov/Archives/edgar/data/804212/000119312510249784/d10q.htm"
    },
    {
        "date": "2010-06-30",
        "symbol": "ARG",
        "reportedCurrency": "USD",
        "cik": "0000804212",
        "fillingDate": "2010-08-06",
        "acceptedDate": "2010-08-06 10:23:35",
        "calendarYear": "2010",
        "period": "Q1",
        "revenue": 1052656000,
        "costOfRevenue": 475102000,
        "grossProfit": 577554000,
        "grossProfitRatio": 0.548663571,
        "researchAndDevelopmentExpenses": 0,
        "generalAndAdministrativeExpenses": 13319000,
        "sellingAndMarketingExpenses": 390549000,
        "sellingGeneralAndAdministrativeExpenses": 403868000,
        "otherExpenses": 0,
        "operatingExpenses": 403868000,
        "costAndExpenses": 929905000,
        "interestIncome": 0,
        "interestExpense": 13319000,
        "depreciationAndAmortization": 60467000,
        "ebitda": 179667000,
        "ebitdaratio": 0.1706796902,
        "operatingIncome": 122751000,
        "operatingIncomeRatio": 0.1166107446,
        "totalOtherIncomeExpensesNet": -16870000,
        "incomeBeforeTax": 105881000,
        "incomeBeforeTaxRatio": 0.1005846164,
        "incomeTaxExpense": 41082000,
        "netIncome": 64799000,
        "netIncomeRatio": 0.0615576219,
        "eps": 0.78,
        "epsdiluted": 0.76,
        "weightedAverageShsOut": 83457000,
        "weightedAverageShsOutDil": 85281000,
        "link": "https://www.sec.gov/Archives/edgar/data/804212/000119312510180609/0001193125-10-180609-index.htm",
        "finalLink": "https://www.sec.gov/Archives/edgar/data/804212/000119312510180609/d10q.htm"
    },
    {
        "date": "2010-03-31",
        "symbol": "ARG",
        "reportedCurrency": "USD",
        "cik": "0000804212",
        "fillingDate": "2010-05-27",
        "acceptedDate": "2010-05-27 14:57:12",
        "calendarYear": "2009",
        "period": "Q4",
        "revenue": 980375000,
        "costOfRevenue": 449791000,
        "grossProfit": 530584000,
        "grossProfitRatio": 0.5412051511,
        "researchAndDevelopmentExpenses": 0,
        "generalAndAdministrativeExpenses": 0,
        "sellingAndMarketingExpenses": 364293000,
        "sellingGeneralAndAdministrativeExpenses": 364293000,
        "otherExpenses": 0,
        "operatingExpenses": 364293000,
        "costAndExpenses": 898492000,
        "interestIncome": 0,
        "interestExpense": 13566000,
        "depreciationAndAmortization": 54846000,
        "ebitda": 126832000,
        "ebitdaratio": 0.129370904,
        "operatingIncome": 81883000,
        "operatingIncomeRatio": 0.0835221216,
        "totalOtherIncomeExpensesNet": -23463000,
        "incomeBeforeTax": 58420000,
        "incomeBeforeTaxRatio": 0.0595894428,
        "incomeTaxExpense": 0,
        "netIncome": 58420000,
        "netIncomeRatio": 0.0595894428,
        "eps": 0.71,
        "epsdiluted": 0.7,
        "weightedAverageShsOut": 82129000,
        "weightedAverageShsOutDil": 83787000,
        "link": "https://www.sec.gov/Archives/edgar/data/804212/000119312510130586/0001193125-10-130586-index.htm",
        "finalLink": "https://www.sec.gov/Archives/edgar/data/804212/000119312510130586/d10k.htm"
    },
    {
        "date": "2009-12-31",
        "symbol": "ARG",
        "reportedCurrency": "USD",
        "cik": "0000804212",
        "fillingDate": "2010-02-08",
        "acceptedDate": "2010-02-08 11:54:27",
        "calendarYear": "2009",
        "period": "Q3",
        "revenue": 942107000,
        "costOfRevenue": 416364000,
        "grossProfit": 525743000,
        "grossProfitRatio": 0.5580502002,
        "researchAndDevelopmentExpenses": 0,
        "generalAndAdministrativeExpenses": 0,
        "sellingAndMarketingExpenses": 366301000,
        "sellingGeneralAndAdministrativeExpenses": 366301000,
        "otherExpenses": 0,
        "operatingExpenses": 366301000,
        "costAndExpenses": 842118000,
        "interestIncome": 0,
        "interestExpense": 15034000,
        "depreciationAndAmortization": 53642000,
        "ebitda": 145503000,
        "ebitdaratio": 0.1544442404,
        "operatingIncome": 99989000,
        "operatingIncomeRatio": 0.1061333798,
        "totalOtherIncomeExpensesNet": -23162000,
        "incomeBeforeTax": 76827000,
        "incomeBeforeTaxRatio": 0.081548062,
        "incomeTaxExpense": 0,
        "netIncome": 76827000,
        "netIncomeRatio": 0.081548062,
        "eps": 0.94,
        "epsdiluted": 0.92,
        "weightedAverageShsOut": 81895000,
        "weightedAverageShsOutDil": 83576000,
        "link": "https://www.sec.gov/Archives/edgar/data/804212/000119312510024040/0001193125-10-024040-index.htm",
        "finalLink": "https://www.sec.gov/Archives/edgar/data/804212/000119312510024040/d10q.htm"
    },
    {
        "date": "2009-09-30",
        "symbol": "ARG",
        "reportedCurrency": "USD",
        "cik": "0000804212",
        "fillingDate": "2009-11-09",
        "acceptedDate": "2009-11-09 11:55:19",
        "calendarYear": "2009",
        "period": "Q2",
        "revenue": 962266000,
        "costOfRevenue": 426433000,
        "grossProfit": 535833000,
        "grossProfitRatio": 0.5568449888,
        "researchAndDevelopmentExpenses": 0,
        "generalAndAdministrativeExpenses": 0,
        "sellingAndMarketingExpenses": 367892000,
        "sellingGeneralAndAdministrativeExpenses": 367892000,
        "otherExpenses": 0,
        "operatingExpenses": 367892000,
        "costAndExpenses": 852449000,
        "interestIncome": 0,
        "interestExpense": 16343000,
        "depreciationAndAmortization": 52647000,
        "ebitda": 158711000,
        "ebitdaratio": 0.1649346439,
        "operatingIncome": 109817000,
        "operatingIncomeRatio": 0.1141233297,
        "totalOtherIncomeExpensesNet": -20096000,
        "incomeBeforeTax": 89721000,
        "incomeBeforeTaxRatio": 0.0932392914,
        "incomeTaxExpense": 0,
        "netIncome": 89721000,
        "netIncomeRatio": 0.0932392914,
        "eps": 1.1,
        "epsdiluted": 1.08,
        "weightedAverageShsOut": 81646000,
        "weightedAverageShsOutDil": 83258000,
        "link": "https://www.sec.gov/Archives/edgar/data/804212/000119312509228852/0001193125-09-228852-index.htm",
        "finalLink": "https://www.sec.gov/Archives/edgar/data/804212/000119312509228852/d10q.htm"
    },
    {
        "date": "2009-06-30",
        "symbol": "ARG",
        "reportedCurrency": "USD",
        "cik": "0000804212",
        "fillingDate": "2009-08-07",
        "acceptedDate": "2009-08-07 10:00:33",
        "calendarYear": "2009",
        "period": "Q1",
        "revenue": 979257000,
        "costOfRevenue": 439836000,
        "grossProfit": 539421000,
        "grossProfitRatio": 0.550847224,
        "researchAndDevelopmentExpenses": 0,
        "generalAndAdministrativeExpenses": 0,
        "sellingAndMarketingExpenses": 375113000,
        "sellingGeneralAndAdministrativeExpenses": 375113000,
        "otherExpenses": 0,
        "operatingExpenses": 375113000,
        "costAndExpenses": 871348000,
        "interestIncome": 0,
        "interestExpense": 18367000,
        "depreciationAndAmortization": 51583000,
        "ebitda": 159082000,
        "ebitdaratio": 0.1624517364,
        "operatingIncome": 107909000,
        "operatingIncomeRatio": 0.1101947701,
        "totalOtherIncomeExpensesNet": -18777000,
        "incomeBeforeTax": 89132000,
        "incomeBeforeTaxRatio": 0.0910200285,
        "incomeTaxExpense": -410000,
        "netIncome": 89132000,
        "netIncomeRatio": 0.0910200285,
        "eps": 1.09,
        "epsdiluted": 1.07,
        "weightedAverageShsOut": 81618000,
        "weightedAverageShsOutDil": 83287000,
        "link": "https://www.sec.gov/Archives/edgar/data/804212/000095012309031751/0000950123-09-031751-index.htm",
        "finalLink": "https://www.sec.gov/Archives/edgar/data/804212/000095012309031751/c88799e10vq.htm"
    },
    {
        "date": "2009-03-31",
        "symbol": "ARG",
        "reportedCurrency": "USD",
        "cik": "0000804212",
        "fillingDate": "2009-06-01",
        "acceptedDate": "2009-06-01 17:19:33",
        "calendarYear": "2008",
        "period": "Q4",
        "revenue": 992100000,
        "costOfRevenue": 447729000,
        "grossProfit": 544371000,
        "grossProfitRatio": 0.5487057756,
        "researchAndDevelopmentExpenses": 0,
        "generalAndAdministrativeExpenses": 0,
        "sellingAndMarketingExpenses": 372324000,
        "sellingGeneralAndAdministrativeExpenses": 372324000,
        "otherExpenses": 0,
        "operatingExpenses": 372324000,
        "costAndExpenses": 877594000,
        "interestIncome": 0,
        "interestExpense": 20002000,
        "depreciationAndAmortization": 51266000,
        "ebitda": 164164000,
        "ebitdaratio": 0.1654712227,
        "operatingIncome": 114506000,
        "operatingIncomeRatio": 0.1154178006,
        "totalOtherIncomeExpensesNet": -21610000,
        "incomeBeforeTax": 92896000,
        "incomeBeforeTaxRatio": 0.0936357222,
        "incomeTaxExpense": 0,
        "netIncome": 92896000,
        "netIncomeRatio": 0.0936357222,
        "eps": 1.13,
        "epsdiluted": 1.11,
        "weightedAverageShsOut": 81926000,
        "weightedAverageShsOutDil": 83816000,
        "link": "https://www.sec.gov/Archives/edgar/data/804212/000095012309010143/0000950123-09-010143-index.htm",
        "finalLink": "https://www.sec.gov/Archives/edgar/data/804212/000095012309010143/w74288e10vk.htm"
    },
    {
        "date": "2008-12-31",
        "symbol": "ARG",
        "reportedCurrency": "USD",
        "cik": "0000804212",
        "fillingDate": "2009-02-09",
        "acceptedDate": "2009-02-09 16:18:51",
        "calendarYear": "2008",
        "period": "Q3",
        "revenue": 1078707000,
        "costOfRevenue": 502399000,
        "grossProfit": 576308000,
        "grossProfitRatio": 0.5342581442,
        "researchAndDevelopmentExpenses": 0,
        "generalAndAdministrativeExpenses": 0,
        "sellingAndMarketingExpenses": 391071000,
        "sellingGeneralAndAdministrativeExpenses": 391071000,
        "otherExpenses": 0,
        "operatingExpenses": 391071000,
        "costAndExpenses": 1056724000,
        "interestIncome": 0,
        "interestExpense": 23266000,
        "depreciationAndAmortization": 49739000,
        "ebitda": 176464000,
        "ebitdaratio": 0.1635884443,
        "operatingIncome": 130496000,
        "operatingIncomeRatio": 0.1209744629,
        "totalOtherIncomeExpensesNet": -27037000,
        "incomeBeforeTax": 103459000,
        "incomeBeforeTaxRatio": 0.0959101962,
        "incomeTaxExpense": 0,
        "netIncome": 103459000,
        "netIncomeRatio": 0.0959101962,
        "eps": 1.26,
        "epsdiluted": 1.23,
        "weightedAverageShsOut": 82121000,
        "weightedAverageShsOutDil": 84161000,
        "link": "https://www.sec.gov/Archives/edgar/data/804212/000089322009000223/0000893220-09-000223-index.htm",
        "finalLink": "https://www.sec.gov/Archives/edgar/data/804212/000089322009000223/w72649e10vq.htm"
    },
    {
        "date": "2008-09-30",
        "symbol": "ARG",
        "reportedCurrency": "USD",
        "cik": "0000804212",
        "fillingDate": "2008-11-10",
        "acceptedDate": "2008-11-10 15:44:23",
        "calendarYear": "2008",
        "period": "Q2",
        "revenue": 1161947000,
        "costOfRevenue": 557197000,
        "grossProfit": 604750000,
        "grossProfitRatio": 0.5204626373,
        "researchAndDevelopmentExpenses": 0,
        "generalAndAdministrativeExpenses": 0,
        "sellingAndMarketingExpenses": 404732000,
        "sellingGeneralAndAdministrativeExpenses": 404732000,
        "otherExpenses": 0,
        "operatingExpenses": 404732000,
        "costAndExpenses": 908427000,
        "interestIncome": 0,
        "interestExpense": 22043000,
        "depreciationAndAmortization": 48931000,
        "ebitda": 190864000,
        "ebitdaratio": 0.1642622254,
        "operatingIncome": 145007000,
        "operatingIncomeRatio": 0.1247965699,
        "totalOtherIncomeExpensesNet": -25117000,
        "incomeBeforeTax": 119890000,
        "incomeBeforeTaxRatio": 0.1031802655,
        "incomeTaxExpense": 0,
        "netIncome": 119890000,
        "netIncomeRatio": 0.1031802655,
        "eps": 1.45,
        "epsdiluted": 1.41,
        "weightedAverageShsOut": 82581000,
        "weightedAverageShsOutDil": 84848000,
        "link": "https://www.sec.gov/Archives/edgar/data/804212/000089322008002951/0000893220-08-002951-index.htm",
        "finalLink": "https://www.sec.gov/Archives/edgar/data/804212/000089322008002951/w71525e10vq.htm"
    },
    {
        "date": "2008-06-30",
        "symbol": "ARG",
        "reportedCurrency": "USD",
        "cik": "0000804212",
        "fillingDate": "2008-08-11",
        "acceptedDate": "2008-08-11 15:23:43",
        "calendarYear": "2008",
        "period": "Q1",
        "revenue": 1116701000,
        "costOfRevenue": 537695000,
        "grossProfit": 579006000,
        "grossProfitRatio": 0.518496894,
        "researchAndDevelopmentExpenses": 0,
        "generalAndAdministrativeExpenses": 0,
        "sellingAndMarketingExpenses": 390645000,
        "sellingGeneralAndAdministrativeExpenses": 390645000,
        "otherExpenses": 0,
        "operatingExpenses": 390645000,
        "costAndExpenses": 981842000,
        "interestIncome": 0,
        "interestExpense": 19084000,
        "depreciationAndAmortization": 48097000,
        "ebitda": 180289000,
        "ebitdaratio": 0.1614478719,
        "operatingIncome": 134859000,
        "operatingIncomeRatio": 0.1207655406,
        "totalOtherIncomeExpensesNet": -21751000,
        "incomeBeforeTax": 113108000,
        "incomeBeforeTaxRatio": 0.1012876321,
        "incomeTaxExpense": 0,
        "netIncome": 113108000,
        "netIncomeRatio": 0.1012876321,
        "eps": 1.37,
        "epsdiluted": 1.33,
        "weightedAverageShsOut": 82687000,
        "weightedAverageShsOutDil": 85017000,
        "link": "https://www.sec.gov/Archives/edgar/data/804212/000089322008002354/0000893220-08-002354-index.htm",
        "finalLink": "https://www.sec.gov/Archives/edgar/data/804212/000089322008002354/w65226e10vq.htm"
    },
    {
        "date": "2008-03-31",
        "symbol": "ARG",
        "reportedCurrency": "USD",
        "cik": "0000804212",
        "fillingDate": "2008-05-30",
        "acceptedDate": "2008-05-29 18:18:30",
        "calendarYear": "2007",
        "period": "Q4",
        "revenue": 1086597000,
        "costOfRevenue": 523077000,
        "grossProfit": 563520000,
        "grossProfitRatio": 0.5186099354,
        "researchAndDevelopmentExpenses": 0,
        "generalAndAdministrativeExpenses": 0,
        "sellingAndMarketingExpenses": 383842000,
        "sellingGeneralAndAdministrativeExpenses": 383842000,
        "otherExpenses": 0,
        "operatingExpenses": 383842000,
        "costAndExpenses": 955552000,
        "interestIncome": 0,
        "interestExpense": 21690000,
        "depreciationAndAmortization": 46235000,
        "ebitda": 173555000,
        "ebitdaratio": 0.1597234301,
        "operatingIncome": 131045000,
        "operatingIncomeRatio": 0.1206012901,
        "totalOtherIncomeExpensesNet": -25415000,
        "incomeBeforeTax": 105630000,
        "incomeBeforeTaxRatio": 0.0972117538,
        "incomeTaxExpense": 0,
        "netIncome": 105630000,
        "netIncomeRatio": 0.0972117538,
        "eps": 1.3,
        "epsdiluted": 1.25,
        "weightedAverageShsOut": 81402000,
        "weightedAverageShsOutDil": 84235000,
        "link": "https://www.sec.gov/Archives/edgar/data/804212/000089322008001693/0000893220-08-001693-index.htm",
        "finalLink": "https://www.sec.gov/Archives/edgar/data/804212/000089322008001693/w59310e10vk.htm"
    },
    {
        "date": "2007-12-31",
        "symbol": "ARG",
        "reportedCurrency": "USD",
        "cik": "0000804212",
        "fillingDate": "2008-02-11",
        "acceptedDate": "2008-02-11 14:14:03",
        "calendarYear": "2007",
        "period": "Q3",
        "revenue": 1008045000,
        "costOfRevenue": 479817000,
        "grossProfit": 528228000,
        "grossProfitRatio": 0.5240123209,
        "researchAndDevelopmentExpenses": 0,
        "generalAndAdministrativeExpenses": 0,
        "sellingAndMarketingExpenses": 361681000,
        "sellingGeneralAndAdministrativeExpenses": 361681000,
        "otherExpenses": 0,
        "operatingExpenses": 361681000,
        "costAndExpenses": 889570000,
        "interestIncome": 0,
        "interestExpense": 23172000,
        "depreciationAndAmortization": 43235000,
        "ebitda": 157629000,
        "ebitdaratio": 0.1563709953,
        "operatingIncome": 118475000,
        "operatingIncomeRatio": 0.1175294754,
        "totalOtherIncomeExpensesNet": -27253000,
        "incomeBeforeTax": 91222000,
        "incomeBeforeTaxRatio": 0.090493976,
        "incomeTaxExpense": 0,
        "netIncome": 91222000,
        "netIncomeRatio": 0.090493976,
        "eps": 1.12,
        "epsdiluted": 1.08,
        "weightedAverageShsOut": 81145000,
        "weightedAverageShsOutDil": 84209000,
        "link": "https://www.sec.gov/Archives/edgar/data/804212/000089322008000282/0000893220-08-000282-index.htm",
        "finalLink": "https://www.sec.gov/Archives/edgar/data/804212/000089322008000282/w48346e10vq.htm"
    },
    {
        "date": "2007-09-30",
        "symbol": "ARG",
        "reportedCurrency": "USD",
        "cik": "0000804212",
        "fillingDate": "2007-11-09",
        "acceptedDate": "2007-11-09 15:36:00",
        "calendarYear": "2007",
        "period": "Q2",
        "revenue": 1007283000,
        "costOfRevenue": 485554000,
        "grossProfit": 521729000,
        "grossProfitRatio": 0.5179567212,
        "researchAndDevelopmentExpenses": 0,
        "generalAndAdministrativeExpenses": 0,
        "sellingAndMarketingExpenses": 357742000,
        "sellingGeneralAndAdministrativeExpenses": 357742000,
        "otherExpenses": 0,
        "operatingExpenses": 357742000,
        "costAndExpenses": 891894000,
        "interestIncome": 0,
        "interestExpense": 24490000,
        "depreciationAndAmortization": 44767000,
        "ebitda": 156641000,
        "ebitdaratio": 0.1555084321,
        "operatingIncome": 115389000,
        "operatingIncomeRatio": 0.1145546981,
        "totalOtherIncomeExpensesNet": -28005000,
        "incomeBeforeTax": 87384000,
        "incomeBeforeTaxRatio": 0.0867521838,
        "incomeTaxExpense": 0,
        "netIncome": 87384000,
        "netIncomeRatio": 0.0867521838,
        "eps": 1.09,
        "epsdiluted": 1.04,
        "weightedAverageShsOut": 80480000,
        "weightedAverageShsOutDil": 83955000,
        "link": "https://www.sec.gov/Archives/edgar/data/804212/000089322007003630/0000893220-07-003630-index.htm",
        "finalLink": "https://www.sec.gov/Archives/edgar/data/804212/000089322007003630/w42298e10vq.htm"
    },
    {
        "date": "2007-06-30",
        "symbol": "ARG",
        "reportedCurrency": "USD",
        "cik": "0000804212",
        "fillingDate": "2007-08-09",
        "acceptedDate": "2007-08-09 16:32:14",
        "calendarYear": "2007",
        "period": "Q1",
        "revenue": 915099000,
        "costOfRevenue": 437978000,
        "grossProfit": 477121000,
        "grossProfitRatio": 0.5213873035,
        "researchAndDevelopmentExpenses": 0,
        "generalAndAdministrativeExpenses": 0,
        "sellingAndMarketingExpenses": 321412000,
        "sellingGeneralAndAdministrativeExpenses": 321412000,
        "otherExpenses": 0,
        "operatingExpenses": 321412000,
        "costAndExpenses": 803862000,
        "interestIncome": 0,
        "interestExpense": 20508000,
        "depreciationAndAmortization": 41565000,
        "ebitda": 148599000,
        "ebitdaratio": 0.1623857091,
        "operatingIncome": 111237000,
        "operatingIncomeRatio": 0.1215573397,
        "totalOtherIncomeExpensesNet": -24711000,
        "incomeBeforeTax": 86526000,
        "incomeBeforeTaxRatio": 0.094553704,
        "incomeTaxExpense": 0,
        "netIncome": 86526000,
        "netIncomeRatio": 0.094553704,
        "eps": 1.1,
        "epsdiluted": 1.03,
        "weightedAverageShsOut": 79004000,
        "weightedAverageShsOutDil": 83630000,
        "link": "https://www.sec.gov/Archives/edgar/data/804212/000089322007002783/0000893220-07-002783-index.htm",
        "finalLink": "https://www.sec.gov/Archives/edgar/data/804212/000089322007002783/w38084e10vq.htm"
    },
    {
        "date": "2007-03-31",
        "symbol": "ARG",
        "reportedCurrency": "USD",
        "cik": "0000804212",
        "fillingDate": "2007-05-30",
        "acceptedDate": "2007-05-30 17:10:26",
        "calendarYear": "2006",
        "period": "Q4",
        "revenue": 853861000,
        "costOfRevenue": 419342000,
        "grossProfit": 434519000,
        "grossProfitRatio": 0.5088872779,
        "researchAndDevelopmentExpenses": 0,
        "generalAndAdministrativeExpenses": 0,
        "sellingAndMarketingExpenses": 303163000,
        "sellingGeneralAndAdministrativeExpenses": 303163000,
        "otherExpenses": 0,
        "operatingExpenses": 303163000,
        "costAndExpenses": 760908000,
        "interestIncome": 0,
        "interestExpense": 17107000,
        "depreciationAndAmortization": 36595000,
        "ebitda": 126653000,
        "ebitdaratio": 0.1483297633,
        "operatingIncome": 92953000,
        "operatingIncomeRatio": 0.108861981,
        "totalOtherIncomeExpensesNet": -20002000,
        "incomeBeforeTax": 72951000,
        "incomeBeforeTaxRatio": 0.0854366226,
        "incomeTaxExpense": 0,
        "netIncome": 72951000,
        "netIncomeRatio": 0.0854366226,
        "eps": 0.93,
        "epsdiluted": 0.88,
        "weightedAverageShsOut": 78025000,
        "weightedAverageShsOutDil": 82566000,
        "link": "https://www.sec.gov/Archives/edgar/data/804212/000089322007002057/0000893220-07-002057-index.htm",
        "finalLink": "https://www.sec.gov/Archives/edgar/data/804212/000089322007002057/w35445e10vk.htm"
    },
    {
        "date": "2006-12-31",
        "symbol": "ARG",
        "reportedCurrency": "USD",
        "cik": "0000804212",
        "fillingDate": "2007-02-09",
        "acceptedDate": "2007-02-08 18:57:26",
        "calendarYear": "2006",
        "period": "Q3",
        "revenue": 787407000,
        "costOfRevenue": 378152000,
        "grossProfit": 409255000,
        "grossProfitRatio": 0.5197502689,
        "researchAndDevelopmentExpenses": 0,
        "generalAndAdministrativeExpenses": 0,
        "sellingAndMarketingExpenses": 286102000,
        "sellingGeneralAndAdministrativeExpenses": 286102000,
        "otherExpenses": 0,
        "operatingExpenses": 286102000,
        "costAndExpenses": 702077000,
        "interestIncome": 0,
        "interestExpense": 14743000,
        "depreciationAndAmortization": 34909000,
        "ebitda": 105124000,
        "ebitdaratio": 0.1335065601,
        "operatingIncome": 85330000,
        "operatingIncomeRatio": 0.1083683533,
        "totalOtherIncomeExpensesNet": -29858000,
        "incomeBeforeTax": 55472000,
        "incomeBeforeTaxRatio": 0.0704489546,
        "incomeTaxExpense": 0,
        "netIncome": 55472000,
        "netIncomeRatio": 0.0704489546,
        "eps": 0.71,
        "epsdiluted": 0.67,
        "weightedAverageShsOut": 77836000,
        "weightedAverageShsOutDil": 82734000,
        "link": "https://www.sec.gov/Archives/edgar/data/804212/000089322007000250/0000893220-07-000250-index.htm",
        "finalLink": "https://www.sec.gov/Archives/edgar/data/804212/000089322007000250/w30163e10vq.htm"
    },
    {
        "date": "2006-09-30",
        "symbol": "ARG",
        "reportedCurrency": "USD",
        "cik": "0000804212",
        "fillingDate": "2006-11-09",
        "acceptedDate": "2006-11-09 14:26:39",
        "calendarYear": "2006",
        "period": "Q2",
        "revenue": 790747000,
        "costOfRevenue": 386377000,
        "grossProfit": 404370000,
        "grossProfitRatio": 0.5113772167,
        "researchAndDevelopmentExpenses": 0,
        "generalAndAdministrativeExpenses": 0,
        "sellingAndMarketingExpenses": 283924000,
        "sellingGeneralAndAdministrativeExpenses": 283924000,
        "otherExpenses": 0,
        "operatingExpenses": 283924000,
        "costAndExpenses": 706484000,
        "interestIncome": 0,
        "interestExpense": 14654000,
        "depreciationAndAmortization": 34152000,
        "ebitda": 115420000,
        "ebitdaratio": 0.1459632474,
        "operatingIncome": 84263000,
        "operatingIncomeRatio": 0.1065612642,
        "totalOtherIncomeExpensesNet": -17649000,
        "incomeBeforeTax": 66614000,
        "incomeBeforeTaxRatio": 0.0842418624,
        "incomeTaxExpense": 0,
        "netIncome": 66614000,
        "netIncomeRatio": 0.0842418624,
        "eps": 0.86,
        "epsdiluted": 0.81,
        "weightedAverageShsOut": 77685000,
        "weightedAverageShsOutDil": 82553000,
        "link": "https://www.sec.gov/Archives/edgar/data/804212/000089322006002389/0000893220-06-002389-index.htm",
        "finalLink": "https://www.sec.gov/Archives/edgar/data/804212/000089322006002389/w26929e10vq.htm"
    },
    {
        "date": "2006-06-30",
        "symbol": "ARG",
        "reportedCurrency": "USD",
        "cik": "0000804212",
        "fillingDate": "2006-08-09",
        "acceptedDate": "2006-08-09 15:00:45",
        "calendarYear": "2006",
        "period": "Q1",
        "revenue": 773036000,
        "costOfRevenue": 383219000,
        "grossProfit": 389817000,
        "grossProfitRatio": 0.5042675891,
        "researchAndDevelopmentExpenses": 0,
        "generalAndAdministrativeExpenses": 0,
        "sellingAndMarketingExpenses": 275977000,
        "sellingGeneralAndAdministrativeExpenses": 275977000,
        "otherExpenses": 0,
        "operatingExpenses": 275977000,
        "costAndExpenses": 694130000,
        "interestIncome": 0,
        "interestExpense": 13676000,
        "depreciationAndAmortization": 33162000,
        "ebitda": 108945000,
        "ebitdaratio": 0.1409313408,
        "operatingIncome": 78906000,
        "operatingIncomeRatio": 0.1020728659,
        "totalOtherIncomeExpensesNet": -16799000,
        "incomeBeforeTax": 62107000,
        "incomeBeforeTaxRatio": 0.0803416658,
        "incomeTaxExpense": 0,
        "netIncome": 62107000,
        "netIncomeRatio": 0.0803416658,
        "eps": 0.8,
        "epsdiluted": 0.75,
        "weightedAverageShsOut": 77557000,
        "weightedAverageShsOutDil": 82436000,
        "link": "https://www.sec.gov/Archives/edgar/data/804212/000089322006001797/0000893220-06-001797-index.htm",
        "finalLink": "https://www.sec.gov/Archives/edgar/data/804212/000089322006001797/w24067e10vq.htm"
    },
    {
        "date": "2006-03-31",
        "symbol": "ARG",
        "reportedCurrency": "USD",
        "cik": "0000804212",
        "fillingDate": "2006-06-14",
        "acceptedDate": "2006-06-14 14:55:18",
        "calendarYear": "2005",
        "period": "Q4",
        "revenue": 746896000,
        "costOfRevenue": 373915000,
        "grossProfit": 372981000,
        "grossProfitRatio": 0.4993747456,
        "researchAndDevelopmentExpenses": 0,
        "generalAndAdministrativeExpenses": 0,
        "sellingAndMarketingExpenses": 266159000,
        "sellingGeneralAndAdministrativeExpenses": 266159000,
        "otherExpenses": 0,
        "operatingExpenses": 266159000,
        "costAndExpenses": 673154000,
        "interestIncome": 0,
        "interestExpense": 13281000,
        "depreciationAndAmortization": 31881000,
        "ebitda": 103765000,
        "ebitdaratio": 0.1389283113,
        "operatingIncome": 73742000,
        "operatingIncomeRatio": 0.0987312825,
        "totalOtherIncomeExpensesNet": -15139000,
        "incomeBeforeTax": 58603000,
        "incomeBeforeTaxRatio": 0.0784620617,
        "incomeTaxExpense": 0,
        "netIncome": 58603000,
        "netIncomeRatio": 0.0784620617,
        "eps": 0.76,
        "epsdiluted": 0.72,
        "weightedAverageShsOut": 76624000,
        "weightedAverageShsOutDil": 81152000,
        "link": "https://www.sec.gov/Archives/edgar/data/804212/000089322006001397/0000893220-06-001397-index.htm",
        "finalLink": "https://www.sec.gov/Archives/edgar/data/804212/000089322006001397/w22163e10vk.htm"
    },
    {
        "date": "2005-12-31",
        "symbol": "ARG",
        "reportedCurrency": "USD",
        "cik": "0000804212",
        "fillingDate": "2006-02-08",
        "acceptedDate": "2006-02-08 16:49:18",
        "calendarYear": "2005",
        "period": "Q3",
        "revenue": 677613000,
        "costOfRevenue": 329666000,
        "grossProfit": 347947000,
        "grossProfitRatio": 0.513489263,
        "researchAndDevelopmentExpenses": 0,
        "generalAndAdministrativeExpenses": 0,
        "sellingAndMarketingExpenses": 247459000,
        "sellingGeneralAndAdministrativeExpenses": 247459000,
        "otherExpenses": 0,
        "operatingExpenses": 247459000,
        "costAndExpenses": 609386000,
        "interestIncome": 0,
        "interestExpense": 13334000,
        "depreciationAndAmortization": 30921000,
        "ebitda": 96699000,
        "ebitdaratio": 0.1427053495,
        "operatingIncome": 68227000,
        "operatingIncomeRatio": 0.1006872654,
        "totalOtherIncomeExpensesNet": -15783000,
        "incomeBeforeTax": 52444000,
        "incomeBeforeTaxRatio": 0.0773952094,
        "incomeTaxExpense": 0,
        "netIncome": 52444000,
        "netIncomeRatio": 0.0773952094,
        "eps": 0.68,
        "epsdiluted": 0.65,
        "weightedAverageShsOut": 76646000,
        "weightedAverageShsOutDil": 80995000,
        "link": "https://www.sec.gov/Archives/edgar/data/804212/000089322006000228/0000893220-06-000228-index.htm",
        "finalLink": "https://www.sec.gov/Archives/edgar/data/804212/000089322006000228/w17240e10vq.htm"
    },
    {
        "date": "2005-09-30",
        "symbol": "ARG",
        "reportedCurrency": "USD",
        "cik": "0000804212",
        "fillingDate": "2005-11-08",
        "acceptedDate": "2005-11-08 17:02:16",
        "calendarYear": "2005",
        "period": "Q2",
        "revenue": 714426000,
        "costOfRevenue": 355533000,
        "grossProfit": 358893000,
        "grossProfitRatio": 0.5023515382,
        "researchAndDevelopmentExpenses": 0,
        "generalAndAdministrativeExpenses": 0,
        "sellingAndMarketingExpenses": 263769000,
        "sellingGeneralAndAdministrativeExpenses": 263769000,
        "otherExpenses": 0,
        "operatingExpenses": 263769000,
        "costAndExpenses": 650945000,
        "interestIncome": 0,
        "interestExpense": 13252000,
        "depreciationAndAmortization": 30335000,
        "ebitda": 92151000,
        "ebitdaratio": 0.1289860671,
        "operatingIncome": 63481000,
        "operatingIncomeRatio": 0.0888559487,
        "totalOtherIncomeExpensesNet": -14917000,
        "incomeBeforeTax": 48564000,
        "incomeBeforeTaxRatio": 0.0679762495,
        "incomeTaxExpense": 0,
        "netIncome": 48564000,
        "netIncomeRatio": 0.0679762495,
        "eps": 0.64,
        "epsdiluted": 0.6,
        "weightedAverageShsOut": 76400000,
        "weightedAverageShsOutDil": 80700000,
        "link": "https://www.sec.gov/Archives/edgar/data/804212/000089322005002564/0000893220-05-002564-index.htm",
        "finalLink": "https://www.sec.gov/Archives/edgar/data/804212/000089322005002564/w14417e10vq.htm"
    },
    {
        "date": "2005-06-30",
        "symbol": "ARG",
        "reportedCurrency": "USD",
        "cik": "0000804212",
        "fillingDate": "2005-08-09",
        "acceptedDate": "2005-08-09 13:25:35",
        "calendarYear": "2005",
        "period": "Q1",
        "revenue": 690675000,
        "costOfRevenue": 342864000,
        "grossProfit": 347811000,
        "grossProfitRatio": 0.5035812792,
        "researchAndDevelopmentExpenses": 0,
        "generalAndAdministrativeExpenses": 0,
        "sellingAndMarketingExpenses": 253945000,
        "sellingGeneralAndAdministrativeExpenses": 253945000,
        "otherExpenses": 0,
        "operatingExpenses": 253945000,
        "costAndExpenses": 627367000,
        "interestIncome": 0,
        "interestExpense": 13945000,
        "depreciationAndAmortization": 29259000,
        "ebitda": 91630000,
        "ebitdaratio": 0.1326673182,
        "operatingIncome": 63308000,
        "operatingIncomeRatio": 0.0916610562,
        "totalOtherIncomeExpensesNet": -14882000,
        "incomeBeforeTax": 48426000,
        "incomeBeforeTaxRatio": 0.0701140189,
        "incomeTaxExpense": 0,
        "netIncome": 48426000,
        "netIncomeRatio": 0.0701140189,
        "eps": 0.63,
        "epsdiluted": 0.62,
        "weightedAverageShsOut": 76300000,
        "weightedAverageShsOutDil": 78000000,
        "link": "https://www.sec.gov/Archives/edgar/data/804212/000089322005001889/0000893220-05-001889-index.htm",
        "finalLink": "https://www.sec.gov/Archives/edgar/data/804212/000089322005001889/w11678e10vq.htm"
    },
    {
        "date": "2005-03-31",
        "symbol": "ARG",
        "reportedCurrency": "USD",
        "cik": "0000804212",
        "fillingDate": "2005-06-14",
        "acceptedDate": "2005-06-14 16:00:45",
        "calendarYear": "2004",
        "period": "Q4",
        "revenue": 656069000,
        "costOfRevenue": 323640000,
        "grossProfit": 332429000,
        "grossProfitRatio": 0.5066982284,
        "researchAndDevelopmentExpenses": 0,
        "generalAndAdministrativeExpenses": 0,
        "sellingAndMarketingExpenses": 248940000,
        "sellingGeneralAndAdministrativeExpenses": 248940000,
        "otherExpenses": 0,
        "operatingExpenses": 248940000,
        "costAndExpenses": 603182000,
        "interestIncome": 0,
        "interestExpense": 13285000,
        "depreciationAndAmortization": 29283000,
        "ebitda": 81109000,
        "ebitdaratio": 0.1236287647,
        "operatingIncome": 52887000,
        "operatingIncomeRatio": 0.0806119478,
        "totalOtherIncomeExpensesNet": -14346000,
        "incomeBeforeTax": 38541000,
        "incomeBeforeTaxRatio": 0.0587453454,
        "incomeTaxExpense": 0,
        "netIncome": 38541000,
        "netIncomeRatio": 0.0587453454,
        "eps": 0.51,
        "epsdiluted": 0.5,
        "weightedAverageShsOut": 74900000,
        "weightedAverageShsOutDil": 77000000,
        "link": "https://www.sec.gov/Archives/edgar/data/804212/000089322005001394/0000893220-05-001394-index.htm",
        "finalLink": "https://www.sec.gov/Archives/edgar/data/804212/000089322005001394/w09866e10vk.htm"
    },
    {
        "date": "2004-12-31",
        "symbol": "ARG",
        "reportedCurrency": "USD",
        "cik": "0000804212",
        "fillingDate": "2005-02-08",
        "acceptedDate": "2005-02-08 16:47:49",
        "calendarYear": "2004",
        "period": "Q3",
        "revenue": 611540000,
        "costOfRevenue": 296103000,
        "grossProfit": 315437000,
        "grossProfitRatio": 0.5158076332,
        "researchAndDevelopmentExpenses": 0,
        "generalAndAdministrativeExpenses": 0,
        "sellingAndMarketingExpenses": 236159000,
        "sellingGeneralAndAdministrativeExpenses": 236159000,
        "otherExpenses": 0,
        "operatingExpenses": 236159000,
        "costAndExpenses": 560518000,
        "interestIncome": 0,
        "interestExpense": 13437000,
        "depreciationAndAmortization": 27064000,
        "ebitda": 77099000,
        "ebitdaratio": 0.1260735193,
        "operatingIncome": 51022000,
        "operatingIncomeRatio": 0.0834319914,
        "totalOtherIncomeExpensesNet": -14424000,
        "incomeBeforeTax": 36598000,
        "incomeBeforeTaxRatio": 0.0598456356,
        "incomeTaxExpense": 0,
        "netIncome": 36598000,
        "netIncomeRatio": 0.0598456356,
        "eps": 0.49,
        "epsdiluted": 0.48,
        "weightedAverageShsOut": 74700000,
        "weightedAverageShsOutDil": 76700000,
        "link": "https://www.sec.gov/Archives/edgar/data/804212/000089322005000260/0000893220-05-000260-index.htm",
        "finalLink": "https://www.sec.gov/Archives/edgar/data/804212/000089322005000260/w05488e10vq.htm"
    },
    {
        "date": "2004-09-30",
        "symbol": "ARG",
        "reportedCurrency": "USD",
        "cik": "0000804212",
        "fillingDate": "2004-11-09",
        "acceptedDate": "2004-11-09 11:30:33",
        "calendarYear": "2004",
        "period": "Q2",
        "revenue": 599783000,
        "costOfRevenue": 293081000,
        "grossProfit": 306702000,
        "grossProfitRatio": 0.51135494,
        "researchAndDevelopmentExpenses": 0,
        "generalAndAdministrativeExpenses": 0,
        "sellingAndMarketingExpenses": 228386000,
        "sellingGeneralAndAdministrativeExpenses": 228386000,
        "otherExpenses": 0,
        "operatingExpenses": 228386000,
        "costAndExpenses": 548831000,
        "interestIncome": 0,
        "interestExpense": 12668000,
        "depreciationAndAmortization": 25844000,
        "ebitda": 75677000,
        "ebitdaratio": 0.1261739663,
        "operatingIncome": 50952000,
        "operatingIncomeRatio": 0.0849507238,
        "totalOtherIncomeExpensesNet": -13787000,
        "incomeBeforeTax": 37165000,
        "incomeBeforeTaxRatio": 0.061964077,
        "incomeTaxExpense": 0,
        "netIncome": 37165000,
        "netIncomeRatio": 0.061964077,
        "eps": 0.5,
        "epsdiluted": 0.49,
        "weightedAverageShsOut": 74400000,
        "weightedAverageShsOutDil": 76400000,
        "link": "https://www.sec.gov/Archives/edgar/data/804212/000089322004002417/0000893220-04-002417-index.htm",
        "finalLink": "https://www.sec.gov/Archives/edgar/data/804212/000089322004002417/w68492ae10vq.htm"
    },
    {
        "date": "2004-06-30",
        "symbol": "ARG",
        "reportedCurrency": "USD",
        "cik": "0000804212",
        "fillingDate": "2004-08-06",
        "acceptedDate": "2004-08-06 11:58:30",
        "calendarYear": "2004",
        "period": "Q1",
        "revenue": 544017000,
        "costOfRevenue": 266221000,
        "grossProfit": 277796000,
        "grossProfitRatio": 0.5106384543,
        "researchAndDevelopmentExpenses": 0,
        "generalAndAdministrativeExpenses": 0,
        "sellingAndMarketingExpenses": 204062000,
        "sellingGeneralAndAdministrativeExpenses": 204062000,
        "otherExpenses": 0,
        "operatingExpenses": 204062000,
        "costAndExpenses": 495645000,
        "interestIncome": 0,
        "interestExpense": 11855000,
        "depreciationAndAmortization": 23929000,
        "ebitda": 71893000,
        "ebitdaratio": 0.1321521202,
        "operatingIncome": 48372000,
        "operatingIncomeRatio": 0.088916339,
        "totalOtherIncomeExpensesNet": -12263000,
        "incomeBeforeTax": 36109000,
        "incomeBeforeTaxRatio": 0.066374764,
        "incomeTaxExpense": 0,
        "netIncome": 36109000,
        "netIncomeRatio": 0.066374764,
        "eps": 0.49,
        "epsdiluted": 0.47,
        "weightedAverageShsOut": 74200000,
        "weightedAverageShsOutDil": 76200000,
        "link": "https://www.sec.gov/Archives/edgar/data/804212/000089322004001620/0000893220-04-001620-index.htm",
        "finalLink": "https://www.sec.gov/Archives/edgar/data/804212/000089322004001620/w99844xe10vq.htm"
    },
    {
        "date": "2004-03-31",
        "symbol": "ARG",
        "reportedCurrency": "USD",
        "cik": "0000804212",
        "fillingDate": "2004-06-14",
        "acceptedDate": "2004-06-14 15:53:09",
        "calendarYear": "2003",
        "period": "Q4",
        "revenue": 522091000,
        "costOfRevenue": 253587000,
        "grossProfit": 268504000,
        "grossProfitRatio": 0.5142858237,
        "researchAndDevelopmentExpenses": 0,
        "generalAndAdministrativeExpenses": 0,
        "sellingAndMarketingExpenses": 198736000,
        "sellingGeneralAndAdministrativeExpenses": 198736000,
        "otherExpenses": 0,
        "operatingExpenses": 198736000,
        "costAndExpenses": 476019000,
        "interestIncome": 0,
        "interestExpense": 11367000,
        "depreciationAndAmortization": 23318000,
        "ebitda": 69358000,
        "ebitdaratio": 0.1328465727,
        "operatingIncome": 46072000,
        "operatingIncomeRatio": 0.0882451527,
        "totalOtherIncomeExpensesNet": -11399000,
        "incomeBeforeTax": 34673000,
        "incomeBeforeTaxRatio": 0.0664117941,
        "incomeTaxExpense": -32000,
        "netIncome": 34673000,
        "netIncomeRatio": 0.0664117941,
        "eps": 0.48,
        "epsdiluted": 0.46,
        "weightedAverageShsOut": 72800000,
        "weightedAverageShsOutDil": 74700000,
        "link": "https://www.sec.gov/Archives/edgar/data/804212/000089322004001186/0000893220-04-001186-index.htm",
        "finalLink": "https://www.sec.gov/Archives/edgar/data/804212/000089322004001186/w98118e10vk.htm"
    },
    {
        "date": "2003-12-31",
        "symbol": "ARG",
        "reportedCurrency": "USD",
        "cik": "0000804212",
        "fillingDate": "2004-02-12",
        "acceptedDate": "2004-02-12 15:42:31",
        "calendarYear": "2003",
        "period": "Q3",
        "revenue": 451869000,
        "costOfRevenue": 213600000,
        "grossProfit": 238269000,
        "grossProfitRatio": 0.527296628,
        "researchAndDevelopmentExpenses": 0,
        "generalAndAdministrativeExpenses": 0,
        "sellingAndMarketingExpenses": 176455000,
        "sellingGeneralAndAdministrativeExpenses": 176455000,
        "otherExpenses": 0,
        "operatingExpenses": 176455000,
        "costAndExpenses": 411582000,
        "interestIncome": 0,
        "interestExpense": 10260000,
        "depreciationAndAmortization": 20134000,
        "ebitda": 62716000,
        "ebitdaratio": 0.1387924376,
        "operatingIncome": 40287000,
        "operatingIncomeRatio": 0.0891563705,
        "totalOtherIncomeExpensesNet": -7965000,
        "incomeBeforeTax": 32322000,
        "incomeBeforeTaxRatio": 0.0715295805,
        "incomeTaxExpense": 0,
        "netIncome": 32322000,
        "netIncomeRatio": 0.0715295805,
        "eps": 0.45,
        "epsdiluted": 0.43,
        "weightedAverageShsOut": 72500000,
        "weightedAverageShsOutDil": 74400000,
        "link": "https://www.sec.gov/Archives/edgar/data/804212/000089322004000190/0000893220-04-000190-index.htm",
        "finalLink": "https://www.sec.gov/Archives/edgar/data/804212/000089322004000190/w94083e10vq.htm"
    },
    {
        "date": "2003-09-30",
        "symbol": "ARG",
        "reportedCurrency": "USD",
        "cik": "0000804212",
        "fillingDate": "2003-11-13",
        "acceptedDate": "2003-11-13 10:31:40",
        "calendarYear": "2003",
        "period": "Q2",
        "revenue": 460452000,
        "costOfRevenue": 220361000,
        "grossProfit": 240091000,
        "grossProfitRatio": 0.5214246002,
        "researchAndDevelopmentExpenses": 0,
        "generalAndAdministrativeExpenses": 0,
        "sellingAndMarketingExpenses": 178175000,
        "sellingGeneralAndAdministrativeExpenses": 178175000,
        "otherExpenses": 0,
        "operatingExpenses": 178175000,
        "costAndExpenses": 419691000,
        "interestIncome": 0,
        "interestExpense": 10295000,
        "depreciationAndAmortization": 19824000,
        "ebitda": 60946000,
        "ebitdaratio": 0.132361245,
        "operatingIncome": 40761000,
        "operatingIncomeRatio": 0.0885238852,
        "totalOtherIncomeExpensesNet": -9934000,
        "incomeBeforeTax": 30827000,
        "incomeBeforeTaxRatio": 0.0669494323,
        "incomeTaxExpense": 0,
        "netIncome": 30827000,
        "netIncomeRatio": 0.0669494323,
        "eps": 0.43,
        "epsdiluted": 0.42,
        "weightedAverageShsOut": 72200000,
        "weightedAverageShsOutDil": 74100000,
        "link": "https://www.sec.gov/Archives/edgar/data/804212/000089322003001910/0000893220-03-001910-index.htm",
        "finalLink": "https://www.sec.gov/Archives/edgar/data/804212/000089322003001910/w91645e10vq.htm"
    },
    {
        "date": "2003-06-30",
        "symbol": "ARG",
        "reportedCurrency": "USD",
        "cik": "0000804212",
        "fillingDate": "2003-08-12",
        "acceptedDate": "2003-08-12 17:19:09",
        "calendarYear": "2003",
        "period": "Q1",
        "revenue": 461056000,
        "costOfRevenue": 221133000,
        "grossProfit": 239923000,
        "grossProfitRatio": 0.5203771342,
        "researchAndDevelopmentExpenses": 0,
        "generalAndAdministrativeExpenses": 0,
        "sellingAndMarketingExpenses": 178461000,
        "sellingGeneralAndAdministrativeExpenses": 178461000,
        "otherExpenses": 0,
        "operatingExpenses": 178461000,
        "costAndExpenses": 420396000,
        "interestIncome": 0,
        "interestExpense": 10435000,
        "depreciationAndAmortization": 19291000,
        "ebitda": 59610000,
        "ebitdaratio": 0.1292901513,
        "operatingIncome": 40660000,
        "operatingIncomeRatio": 0.0881888534,
        "totalOtherIncomeExpensesNet": -10776000,
        "incomeBeforeTax": 29884000,
        "incomeBeforeTaxRatio": 0.0648164214,
        "incomeTaxExpense": 0,
        "netIncome": 29884000,
        "netIncomeRatio": 0.0648164214,
        "eps": 0.42,
        "epsdiluted": 0.4,
        "weightedAverageShsOut": 71900000,
        "weightedAverageShsOutDil": 73900000,
        "link": "https://www.sec.gov/Archives/edgar/data/804212/000089322003001409/0000893220-03-001409-index.htm",
        "finalLink": "https://www.sec.gov/Archives/edgar/data/804212/000089322003001409/w89243e10vq.htm"
    }
]