[
    {
        "date": "2025-06-30",
        "symbol": "ASC",
        "reportedCurrency": "USD",
        "cik": "0001577437",
        "fillingDate": "2025-07-30",
        "acceptedDate": "2025-07-30 08:06:52",
        "calendarYear": "2025",
        "period": "Q2",
        "revenue": 72046000,
        "costOfRevenue": 55485000,
        "grossProfit": 16561000,
        "grossProfitRatio": 0.2298670294,
        "researchAndDevelopmentExpenses": 0,
        "generalAndAdministrativeExpenses": 0,
        "sellingAndMarketingExpenses": 0,
        "sellingGeneralAndAdministrativeExpenses": 6083000,
        "otherExpenses": 0,
        "operatingExpenses": 6083000,
        "costAndExpenses": 61568000,
        "interestIncome": 306000,
        "interestExpense": 1043000,
        "depreciationAndAmortization": 9155000,
        "ebitda": 19939000,
        "ebitdaratio": 0.2767537407,
        "operatingIncome": 10478000,
        "operatingIncomeRatio": 0.1454348611,
        "totalOtherIncomeExpensesNet": -840000,
        "incomeBeforeTax": 9638000,
        "incomeBeforeTaxRatio": 0.1337756433,
        "incomeTaxExpense": 39000,
        "netIncome": 9599000,
        "netIncomeRatio": 0.1332343225,
        "eps": 0.22,
        "epsdiluted": 0.22,
        "weightedAverageShsOut": 40630651,
        "weightedAverageShsOutDil": 40689775,
        "link": "https://www.sec.gov/Archives/edgar/data/1577437/000155837025009775/0001558370-25-009775-index.htm",
        "finalLink": "https://www.sec.gov/Archives/edgar/data/1577437/000155837025009775/asc-20250630x6k.htm"
    },
    {
        "date": "2025-03-31",
        "symbol": "ASC",
        "reportedCurrency": "USD",
        "cik": "0001577437",
        "fillingDate": "2025-05-07",
        "acceptedDate": "2025-05-07 08:05:18",
        "calendarYear": "2025",
        "period": "Q1",
        "revenue": 73996000,
        "costOfRevenue": 52986000,
        "grossProfit": 21010000,
        "grossProfitRatio": 0.2839342667,
        "researchAndDevelopmentExpenses": 0,
        "generalAndAdministrativeExpenses": 4950000,
        "sellingAndMarketingExpenses": 1237000,
        "sellingGeneralAndAdministrativeExpenses": 6187000,
        "otherExpenses": 0,
        "operatingExpenses": 6187000,
        "costAndExpenses": 59173000,
        "interestIncome": 108000,
        "interestExpense": 935000,
        "depreciationAndAmortization": 7653000,
        "ebitda": 14823000,
        "ebitdaratio": 0.200321639,
        "operatingIncome": 14823000,
        "operatingIncomeRatio": 0.200321639,
        "totalOtherIncomeExpensesNet": -8544000,
        "incomeBeforeTax": 6279000,
        "incomeBeforeTaxRatio": 0.0848559382,
        "incomeTaxExpense": 26000,
        "netIncome": 6253000,
        "netIncomeRatio": 0.0845045678,
        "eps": 0.14,
        "epsdiluted": 0.14,
        "weightedAverageShsOut": 40472079,
        "weightedAverageShsOutDil": 40620908,
        "link": "https://www.sec.gov/Archives/edgar/data/1577437/000155837025006618/0001558370-25-006618-index.htm",
        "finalLink": "https://www.sec.gov/Archives/edgar/data/1577437/000155837025006618/asc-20250331x6k.htm"
    },
    {
        "date": "2024-12-31",
        "symbol": "ASC",
        "reportedCurrency": "USD",
        "cik": "0001577437",
        "fillingDate": "2025-03-07",
        "acceptedDate": "2025-03-07 16:06:09",
        "calendarYear": "2024",
        "period": "Q4",
        "revenue": 82039000,
        "costOfRevenue": 58514000,
        "grossProfit": 23525000,
        "grossProfitRatio": 0.286753861,
        "researchAndDevelopmentExpenses": 0,
        "generalAndAdministrativeExpenses": 8096000,
        "sellingAndMarketingExpenses": 0,
        "sellingGeneralAndAdministrativeExpenses": 8096000,
        "otherExpenses": 3016000,
        "operatingExpenses": 11112000,
        "costAndExpenses": 62740000,
        "interestIncome": 435000,
        "interestExpense": 1104000,
        "depreciationAndAmortization": 7830000,
        "ebitda": 19277000,
        "ebitdaratio": 0.2349736101,
        "operatingIncome": 19299000,
        "operatingIncomeRatio": 0.2352417753,
        "totalOtherIncomeExpensesNet": -12352000,
        "incomeBeforeTax": 6947000,
        "incomeBeforeTaxRatio": 0.0846792379,
        "incomeTaxExpense": 12000,
        "netIncome": 6935000,
        "netIncomeRatio": 0.084532966,
        "eps": 0.12,
        "epsdiluted": 0.12,
        "weightedAverageShsOut": 41631336,
        "weightedAverageShsOutDil": 41762430,
        "link": "https://www.sec.gov/Archives/edgar/data/1577437/000155837025002500/0001558370-25-002500-index.htm",
        "finalLink": "https://www.sec.gov/Archives/edgar/data/1577437/000155837025002500/asc-20241231x20f.htm"
    },
    {
        "date": "2024-09-30",
        "symbol": "ASC",
        "reportedCurrency": "USD",
        "cik": "0001577437",
        "fillingDate": "2024-11-06",
        "acceptedDate": "2024-11-06 08:07:20",
        "calendarYear": "2024",
        "period": "Q3",
        "revenue": 96118000,
        "costOfRevenue": 59212000,
        "grossProfit": 36906000,
        "grossProfitRatio": 0.3839655424,
        "researchAndDevelopmentExpenses": 0,
        "generalAndAdministrativeExpenses": 7486000,
        "sellingAndMarketingExpenses": 1212000,
        "sellingGeneralAndAdministrativeExpenses": 7486000,
        "otherExpenses": 3082000,
        "operatingExpenses": 10568000,
        "costAndExpenses": 69780000,
        "interestIncome": 226000,
        "interestExpense": 1103000,
        "depreciationAndAmortization": 7833000,
        "ebitda": 33374000,
        "ebitdaratio": 0.3472190433,
        "operatingIncome": 25341000,
        "operatingIncomeRatio": 0.2636446867,
        "totalOtherIncomeExpensesNet": -1123000,
        "incomeBeforeTax": 24218000,
        "incomeBeforeTaxRatio": 0.2519611311,
        "incomeTaxExpense": 74000,
        "netIncome": 24144000,
        "netIncomeRatio": 0.2511912441,
        "eps": 0.55,
        "epsdiluted": 0.55,
        "weightedAverageShsOut": 42135165,
        "weightedAverageShsOutDil": 42362193,
        "link": "https://www.sec.gov/Archives/edgar/data/1577437/000155837024014529/0001558370-24-014529-index.htm",
        "finalLink": "https://www.sec.gov/Archives/edgar/data/1577437/000155837024014529/0001558370-24-014529.txt"
    },
    {
        "date": "2024-06-30",
        "symbol": "ASC",
        "reportedCurrency": "USD",
        "cik": "0001577437",
        "fillingDate": "2024-07-31",
        "acceptedDate": "2024-07-31 08:07:23",
        "calendarYear": "2024",
        "period": "Q2",
        "revenue": 121325000,
        "costOfRevenue": 61212000,
        "grossProfit": 60113000,
        "grossProfitRatio": 0.4954708428,
        "researchAndDevelopmentExpenses": 0,
        "generalAndAdministrativeExpenses": 5307000,
        "sellingAndMarketingExpenses": 1020999,
        "sellingGeneralAndAdministrativeExpenses": 6328000,
        "otherExpenses": 0,
        "operatingExpenses": 6328000,
        "costAndExpenses": 70435000,
        "interestIncome": 612000,
        "interestExpense": 2044000,
        "depreciationAndAmortization": 7606000,
        "ebitda": 57557000,
        "ebitdaratio": 0.4744034618,
        "operatingIncome": 49951000,
        "operatingIncomeRatio": 0.4117123429,
        "totalOtherIncomeExpensesNet": 12322000,
        "incomeBeforeTax": 62273000,
        "incomeBeforeTaxRatio": 0.5132742633,
        "incomeTaxExpense": 49000,
        "netIncome": 62692000,
        "netIncomeRatio": 0.5167277972,
        "eps": 1.48,
        "epsdiluted": 1.47,
        "weightedAverageShsOut": 41747977,
        "weightedAverageShsOutDil": 42010724,
        "link": "https://www.sec.gov/Archives/edgar/data/1577437/000155837024010428/0001558370-24-010428-index.htm",
        "finalLink": "https://www.sec.gov/Archives/edgar/data/1577437/000155837024010428/0001558370-24-010428.txt"
    },
    {
        "date": "2024-03-31",
        "symbol": "ASC",
        "reportedCurrency": "USD",
        "cik": "0001577437",
        "fillingDate": "2024-05-08",
        "acceptedDate": "2024-05-08 08:08:10",
        "calendarYear": "2024",
        "period": "Q1",
        "revenue": 106301000,
        "costOfRevenue": 58644000,
        "grossProfit": 47657000,
        "grossProfitRatio": 0.4483212764,
        "researchAndDevelopmentExpenses": 0,
        "generalAndAdministrativeExpenses": 5067000,
        "sellingAndMarketingExpenses": 1063000,
        "sellingGeneralAndAdministrativeExpenses": 6130000,
        "otherExpenses": 0,
        "operatingExpenses": 6130000,
        "costAndExpenses": 64774000,
        "interestIncome": 544000,
        "interestExpense": 2526000,
        "depreciationAndAmortization": 7731000,
        "ebitda": 49258000,
        "ebitdaratio": 0.4633822824,
        "operatingIncome": 41527000,
        "operatingIncomeRatio": 0.3906548386,
        "totalOtherIncomeExpensesNet": -1982000,
        "incomeBeforeTax": 39545000,
        "incomeBeforeTaxRatio": 0.3720096707,
        "incomeTaxExpense": 79000,
        "netIncome": 39237000,
        "netIncomeRatio": 0.3691122379,
        "eps": 0.93,
        "epsdiluted": 0.92,
        "weightedAverageShsOut": 41371887,
        "weightedAverageShsOutDil": 41916276,
        "link": "https://www.sec.gov/Archives/edgar/data/1577437/000155837024007202/0001558370-24-007202-index.htm",
        "finalLink": "https://www.sec.gov/Archives/edgar/data/1577437/000155837024007202/asc-20240508xex99d1.htm"
    },
    {
        "date": "2023-12-31",
        "symbol": "ASC",
        "reportedCurrency": "USD",
        "cik": "0001577437",
        "fillingDate": "2024-02-15",
        "acceptedDate": "2024-02-15 08:05:20",
        "calendarYear": "2023",
        "period": "Q4",
        "revenue": 98878000,
        "costOfRevenue": 62052000,
        "grossProfit": 36826000,
        "grossProfitRatio": 0.3724387629,
        "researchAndDevelopmentExpenses": 0,
        "generalAndAdministrativeExpenses": 5663000,
        "sellingAndMarketingExpenses": 1366000,
        "sellingGeneralAndAdministrativeExpenses": 7029000,
        "otherExpenses": 0,
        "operatingExpenses": 7029000,
        "costAndExpenses": 69081000,
        "interestIncome": 555000,
        "interestExpense": 2722000,
        "depreciationAndAmortization": 8042000,
        "ebitda": 38163000,
        "ebitdaratio": 0.3859604765,
        "operatingIncome": 29797000,
        "operatingIncomeRatio": 0.30135116,
        "totalOtherIncomeExpensesNet": -9534000,
        "incomeBeforeTax": 27399000,
        "incomeBeforeTaxRatio": 0.2770990514,
        "incomeTaxExpense": 88000,
        "netIncome": 27009000,
        "netIncomeRatio": 0.2731547968,
        "eps": 0.63,
        "epsdiluted": 0.63,
        "weightedAverageShsOut": 41300425,
        "weightedAverageShsOutDil": 41811455,
        "link": "https://www.sec.gov/Archives/edgar/data/1577437/000155837024001198/0001558370-24-001198-index.htm",
        "finalLink": "https://www.sec.gov/Archives/edgar/data/1577437/000155837024001198/asc-20240215xex99d1.htm"
    },
    {
        "date": "2023-09-30",
        "symbol": "ASC",
        "reportedCurrency": "USD",
        "cik": "0001577437",
        "fillingDate": "2023-11-07",
        "acceptedDate": "2023-11-07 08:06:17",
        "calendarYear": "2023",
        "period": "Q3",
        "revenue": 86940000,
        "costOfRevenue": 39514000,
        "grossProfit": 47426000,
        "grossProfitRatio": 0.5455026455,
        "researchAndDevelopmentExpenses": 0,
        "generalAndAdministrativeExpenses": 5081000,
        "sellingAndMarketingExpenses": 1087000,
        "sellingGeneralAndAdministrativeExpenses": 6168000,
        "otherExpenses": -733000,
        "operatingExpenses": 23443000,
        "costAndExpenses": 62957000,
        "interestIncome": 418000,
        "interestExpense": 2998000,
        "depreciationAndAmortization": 7661000,
        "ebitda": 32062000,
        "ebitdaratio": 0.3687830688,
        "operatingIncome": 24401000,
        "operatingIncomeRatio": 0.2806648263,
        "totalOtherIncomeExpensesNet": -9508000,
        "incomeBeforeTax": 21403000,
        "incomeBeforeTaxRatio": 0.2461812744,
        "incomeTaxExpense": 50000,
        "netIncome": 21203000,
        "netIncomeRatio": 0.2438808374,
        "eps": 0.49,
        "epsdiluted": 0.49,
        "weightedAverageShsOut": 41296128,
        "weightedAverageShsOutDil": 41754259,
        "link": "https://www.sec.gov/Archives/edgar/data/1577437/000095017023059779/0000950170-23-059779-index.htm",
        "finalLink": "https://www.sec.gov/Archives/edgar/data/1577437/000095017023059779/asc-ex99_1.htm"
    },
    {
        "date": "2023-06-30",
        "symbol": "ASC",
        "reportedCurrency": "USD",
        "cik": "0001577437",
        "fillingDate": "2023-08-01",
        "acceptedDate": "2023-08-01 08:00:28",
        "calendarYear": "2023",
        "period": "Q2",
        "revenue": 91927000,
        "costOfRevenue": 40416000,
        "grossProfit": 51511000,
        "grossProfitRatio": 0.5603467969,
        "researchAndDevelopmentExpenses": 0,
        "generalAndAdministrativeExpenses": 4760000,
        "sellingAndMarketingExpenses": 1052000,
        "sellingGeneralAndAdministrativeExpenses": 5812000,
        "otherExpenses": -895000,
        "operatingExpenses": 24214000,
        "costAndExpenses": 64630000,
        "interestIncome": 606000,
        "interestExpense": 2825000,
        "depreciationAndAmortization": 7709000,
        "ebitda": 35612000,
        "ebitdaratio": 0.3873943455,
        "operatingIncome": 27903000,
        "operatingIncomeRatio": 0.3035343262,
        "totalOtherIncomeExpensesNet": -3114000,
        "incomeBeforeTax": 25078000,
        "incomeBeforeTaxRatio": 0.2728034201,
        "incomeTaxExpense": 240000,
        "netIncome": 24507000,
        "netIncomeRatio": 0.2665919697,
        "eps": 0.57,
        "epsdiluted": 0.57,
        "weightedAverageShsOut": 41192894,
        "weightedAverageShsOutDil": 41706251,
        "link": "https://www.sec.gov/Archives/edgar/data/1577437/000095017023036171/0000950170-23-036171-index.htm",
        "finalLink": "https://www.sec.gov/Archives/edgar/data/1577437/000095017023036171/asc-ex99_1.htm"
    },
    {
        "date": "2023-03-31",
        "symbol": "ASC",
        "reportedCurrency": "USD",
        "cik": "0001577437",
        "fillingDate": "2023-05-09",
        "acceptedDate": "2023-05-09 12:15:08",
        "calendarYear": "2023",
        "period": "Q1",
        "revenue": 118233000,
        "costOfRevenue": 46141000,
        "grossProfit": 72092000,
        "grossProfitRatio": 0.6097451642,
        "researchAndDevelopmentExpenses": 0,
        "generalAndAdministrativeExpenses": 5060000,
        "sellingAndMarketingExpenses": 1171000,
        "sellingGeneralAndAdministrativeExpenses": 6231000,
        "otherExpenses": 18809000,
        "operatingExpenses": 25040000,
        "costAndExpenses": 71181000,
        "interestIncome": 239000,
        "interestExpense": 2864000,
        "depreciationAndAmortization": 6942000,
        "ebitda": 53994000,
        "ebitdaratio": 0.4566745325,
        "operatingIncome": 47291000,
        "operatingIncomeRatio": 0.3999813927,
        "totalOtherIncomeExpensesNet": -3663000,
        "incomeBeforeTax": 44396000,
        "incomeBeforeTaxRatio": 0.375495843,
        "incomeTaxExpense": 57000,
        "netIncome": 44090000,
        "netIncomeRatio": 0.372907733,
        "eps": 1.06,
        "epsdiluted": 1.04,
        "weightedAverageShsOut": 40722735,
        "weightedAverageShsOutDil": 41679650,
        "link": "https://www.sec.gov/Archives/edgar/data/1577437/000095017023019320/0000950170-23-019320-index.htm",
        "finalLink": "https://www.sec.gov/Archives/edgar/data/1577437/000095017023019320/asc-ex99_1.htm"
    },
    {
        "date": "2022-12-31",
        "symbol": "ASC",
        "reportedCurrency": "USD",
        "cik": "0001577437",
        "fillingDate": "2023-02-14",
        "acceptedDate": "2023-02-14 08:01:25",
        "calendarYear": "2022",
        "period": "Q4",
        "revenue": 132831000,
        "costOfRevenue": 63824000,
        "grossProfit": 69007000,
        "grossProfitRatio": 0.519509753,
        "researchAndDevelopmentExpenses": 0,
        "generalAndAdministrativeExpenses": 5348000,
        "sellingAndMarketingExpenses": 1308000,
        "sellingGeneralAndAdministrativeExpenses": 6656000,
        "otherExpenses": 4145000,
        "operatingExpenses": 10800000,
        "costAndExpenses": 74624000,
        "interestIncome": 251000,
        "interestExpense": 2035000,
        "depreciationAndAmortization": 8250000,
        "ebitda": 64517000,
        "ebitdaratio": 0.4857074026,
        "operatingIncome": 51207000,
        "operatingIncomeRatio": 0.3855048897,
        "totalOtherIncomeExpensesNet": -4973000,
        "incomeBeforeTax": 54232000,
        "incomeBeforeTaxRatio": 0.4082781881,
        "incomeTaxExpense": 136000,
        "netIncome": 53936000,
        "netIncomeRatio": 0.4060497926,
        "eps": 1.31,
        "epsdiluted": 1.28,
        "weightedAverageShsOut": 40591137,
        "weightedAverageShsOutDil": 41493367,
        "link": "https://www.sec.gov/Archives/edgar/data/1577437/000095017023002705/0000950170-23-002705-index.htm",
        "finalLink": "https://www.sec.gov/Archives/edgar/data/1577437/000095017023002705/asc-ex99_1.htm"
    },
    {
        "date": "2022-09-30",
        "symbol": "ASC",
        "reportedCurrency": "USD",
        "cik": "0001577437",
        "fillingDate": "2022-11-02",
        "acceptedDate": "2022-11-02 08:05:35",
        "calendarYear": "2022",
        "period": "Q3",
        "revenue": 142417000,
        "costOfRevenue": 55358000,
        "grossProfit": 87059000,
        "grossProfitRatio": 0.6112964042,
        "researchAndDevelopmentExpenses": 0,
        "generalAndAdministrativeExpenses": 5830000,
        "sellingAndMarketingExpenses": 919000,
        "sellingGeneralAndAdministrativeExpenses": 6749000,
        "otherExpenses": 16642000,
        "operatingExpenses": 23391000,
        "costAndExpenses": 78749000,
        "interestIncome": 191000,
        "interestExpense": 4548000,
        "depreciationAndAmortization": 8259000,
        "ebitda": 75482000,
        "ebitdaratio": 0.5300069514,
        "operatingIncome": 63859000,
        "operatingIncomeRatio": 0.4483945035,
        "totalOtherIncomeExpensesNet": -8857000,
        "incomeBeforeTax": 62064000,
        "incomeBeforeTaxRatio": 0.4357906711,
        "incomeTaxExpense": 27000,
        "netIncome": 61832000,
        "netIncomeRatio": 0.434161652,
        "eps": 1.59,
        "epsdiluted": 1.54,
        "weightedAverageShsOut": 38766186,
        "weightedAverageShsOutDil": 40115511,
        "link": "https://www.sec.gov/Archives/edgar/data/1577437/000155837022015908/0001558370-22-015908-index.htm",
        "finalLink": "https://www.sec.gov/Archives/edgar/data/1577437/000155837022015908/0001558370-22-015908.txt"
    },
    {
        "date": "2022-06-30",
        "symbol": "ASC",
        "reportedCurrency": "USD",
        "cik": "0001577437",
        "fillingDate": "2022-07-27",
        "acceptedDate": "2022-07-27 08:34:03",
        "calendarYear": "2022",
        "period": "Q2",
        "revenue": 107125000,
        "costOfRevenue": 49300000,
        "grossProfit": 57825000,
        "grossProfitRatio": 0.539789965,
        "researchAndDevelopmentExpenses": 0,
        "generalAndAdministrativeExpenses": 4291000,
        "sellingAndMarketingExpenses": 1053000,
        "sellingGeneralAndAdministrativeExpenses": 5344000,
        "otherExpenses": 18140000,
        "operatingExpenses": 23484000,
        "costAndExpenses": 72784000,
        "interestIncome": 20000,
        "interestExpense": 4816000,
        "depreciationAndAmortization": 7941000,
        "ebitda": 42598000,
        "ebitdaratio": 0.3976476079,
        "operatingIncome": 34361000,
        "operatingIncomeRatio": 0.320756126,
        "totalOtherIncomeExpensesNet": -5537000,
        "incomeBeforeTax": 29763000,
        "incomeBeforeTaxRatio": 0.2778343057,
        "incomeTaxExpense": 9000,
        "netIncome": 29687000,
        "netIncomeRatio": 0.2771248541,
        "eps": 0.85,
        "epsdiluted": 0.83,
        "weightedAverageShsOut": 35071435,
        "weightedAverageShsOutDil": 35574082,
        "link": "https://www.sec.gov/Archives/edgar/data/1577437/000156459022026583/0001564590-22-026583-index.htm",
        "finalLink": "https://www.sec.gov/Archives/edgar/data/1577437/000156459022026583/asc-ex991_46.htm"
    },
    {
        "date": "2022-03-31",
        "symbol": "ASC",
        "reportedCurrency": "USD",
        "cik": "0001577437",
        "fillingDate": "2022-03-31",
        "acceptedDate": "2022-03-31 00:00:00",
        "calendarYear": "2022",
        "period": "Q1",
        "revenue": 63368000,
        "costOfRevenue": 36988000,
        "grossProfit": 26380000,
        "grossProfitRatio": 0.4162984472,
        "researchAndDevelopmentExpenses": 0,
        "generalAndAdministrativeExpenses": 4468000,
        "sellingAndMarketingExpenses": 891000,
        "sellingGeneralAndAdministrativeExpenses": 5359000,
        "otherExpenses": 17784000,
        "operatingExpenses": 23143000,
        "costAndExpenses": 60131000,
        "interestIncome": 10000,
        "interestExpense": 4138000,
        "depreciationAndAmortization": 8987000,
        "ebitda": 5921000,
        "ebitdaratio": 0.0934383285,
        "operatingIncome": 3247000,
        "operatingIncomeRatio": 0.0512403737,
        "totalOtherIncomeExpensesNet": -11638000,
        "incomeBeforeTax": -7204000,
        "incomeBeforeTaxRatio": -0.1136851408,
        "incomeTaxExpense": 34000,
        "netIncome": -7238000,
        "netIncomeRatio": -0.1142216892,
        "eps": -0.21,
        "epsdiluted": -0.21,
        "weightedAverageShsOut": 34130583,
        "weightedAverageShsOutDil": 34429106,
        "link": null,
        "finalLink": null
    },
    {
        "date": "2021-12-31",
        "symbol": "ASC",
        "reportedCurrency": "USD",
        "cik": "0001577437",
        "fillingDate": "2022-02-15",
        "acceptedDate": "2022-02-15 08:01:22",
        "calendarYear": "2021",
        "period": "Q4",
        "revenue": 52459069,
        "costOfRevenue": 50486948,
        "grossProfit": 1972121,
        "grossProfitRatio": 0.0375935189,
        "researchAndDevelopmentExpenses": 0,
        "generalAndAdministrativeExpenses": 3341000,
        "sellingAndMarketingExpenses": 928000,
        "sellingGeneralAndAdministrativeExpenses": 4269000,
        "otherExpenses": 1284161,
        "operatingExpenses": 5553984,
        "costAndExpenses": 56040932,
        "interestIncome": 16097,
        "interestExpense": 4300143,
        "depreciationAndAmortization": 9293551,
        "ebitda": 4443624,
        "ebitdaratio": 0.0847064976,
        "operatingIncome": -3602345,
        "operatingIncomeRatio": -0.0686696327,
        "totalOtherIncomeExpensesNet": -4299655,
        "incomeBeforeTax": -7644296,
        "incomeBeforeTaxRatio": -0.1457192464,
        "incomeTaxExpense": 13587,
        "netIncome": -7916075,
        "netIncomeRatio": -0.1509000284,
        "eps": -0.23,
        "epsdiluted": -0.23,
        "weightedAverageShsOut": 34363884,
        "weightedAverageShsOutDil": 34363884,
        "link": "https://www.sec.gov/Archives/edgar/data/1577437/000156459022005088/0001564590-22-005088-index.htm",
        "finalLink": "https://www.sec.gov/Archives/edgar/data/1577437/000156459022005088/d239446dex991.htm"
    },
    {
        "date": "2021-09-30",
        "symbol": "ASC",
        "reportedCurrency": "USD",
        "cik": "0001577437",
        "fillingDate": "2021-11-10",
        "acceptedDate": "2021-11-10 08:01:35",
        "calendarYear": "2021",
        "period": "Q3",
        "revenue": 47199860,
        "costOfRevenue": 33360389,
        "grossProfit": 13839471,
        "grossProfitRatio": 0.293210001,
        "researchAndDevelopmentExpenses": 0,
        "generalAndAdministrativeExpenses": 4294000,
        "sellingAndMarketingExpenses": 750000,
        "sellingGeneralAndAdministrativeExpenses": 5044000,
        "otherExpenses": 16645468,
        "operatingExpenses": 21689500,
        "costAndExpenses": 55049889,
        "interestIncome": 9000,
        "interestExpense": 4383322,
        "depreciationAndAmortization": 9112584,
        "ebitda": 1246161,
        "ebitdaratio": 0.0264017944,
        "operatingIncome": -7850029,
        "operatingIncomeRatio": -0.166314667,
        "totalOtherIncomeExpensesNet": -5592745,
        "incomeBeforeTax": -12249745,
        "incomeBeforeTaxRatio": -0.2595292656,
        "incomeTaxExpense": 44792,
        "netIncome": -12294537,
        "netIncomeRatio": -0.2604782514,
        "eps": -0.36,
        "epsdiluted": -0.36,
        "weightedAverageShsOut": 34363884,
        "weightedAverageShsOutDil": 34363884,
        "link": "https://www.sec.gov/Archives/edgar/data/1577437/000156459021055939/0001564590-21-055939-index.htm",
        "finalLink": "https://www.sec.gov/Archives/edgar/data/1577437/000156459021055939/d267481dex991.htm"
    },
    {
        "date": "2021-06-30",
        "symbol": "ASC",
        "reportedCurrency": "USD",
        "cik": "0001577437",
        "fillingDate": "2021-07-27",
        "acceptedDate": "2021-07-27 08:45:11",
        "calendarYear": "2021",
        "period": "Q2",
        "revenue": 47274052,
        "costOfRevenue": 29759293,
        "grossProfit": 17514759,
        "grossProfitRatio": 0.3704941349,
        "researchAndDevelopmentExpenses": 0,
        "generalAndAdministrativeExpenses": 4260000,
        "sellingAndMarketingExpenses": 686000,
        "sellingGeneralAndAdministrativeExpenses": 4946000,
        "otherExpenses": 16344633,
        "operatingExpenses": 21291522,
        "costAndExpenses": 51050815,
        "interestIncome": 17397,
        "interestExpense": 4311306,
        "depreciationAndAmortization": 9174227,
        "ebitda": 4125000,
        "ebitdaratio": 0.0872571702,
        "operatingIncome": -3776763,
        "operatingIncomeRatio": -0.0798908247,
        "totalOtherIncomeExpensesNet": -5583000,
        "incomeBeforeTax": -8092195,
        "incomeBeforeTaxRatio": -0.1711762512,
        "incomeTaxExpense": 33373,
        "netIncome": -8125568,
        "netIncomeRatio": -0.1718821987,
        "eps": -0.24,
        "epsdiluted": -0.24,
        "weightedAverageShsOut": 33500030,
        "weightedAverageShsOutDil": 33500030,
        "link": "https://www.sec.gov/Archives/edgar/data/1577437/000156459021038081/0001564590-21-038081-index.htm",
        "finalLink": "https://www.sec.gov/Archives/edgar/data/1577437/000156459021038081/d191460dex991.htm"
    },
    {
        "date": "2021-03-31",
        "symbol": "ASC",
        "reportedCurrency": "USD",
        "cik": "0001577437",
        "fillingDate": "2021-05-05",
        "acceptedDate": "2021-05-05 08:52:52",
        "calendarYear": "2021",
        "period": "Q1",
        "revenue": 45551320,
        "costOfRevenue": 29405254,
        "grossProfit": 16146066,
        "grossProfitRatio": 0.354458795,
        "researchAndDevelopmentExpenses": 0,
        "generalAndAdministrativeExpenses": 4176999,
        "sellingAndMarketingExpenses": 760000,
        "sellingGeneralAndAdministrativeExpenses": 4937000,
        "otherExpenses": 15985732,
        "operatingExpenses": 20922427,
        "costAndExpenses": 50327681,
        "interestIncome": 12594,
        "interestExpense": 3776427,
        "depreciationAndAmortization": 9291469,
        "ebitda": 4629274,
        "ebitdaratio": 0.1016276586,
        "operatingIncome": -4776361,
        "operatingIncomeRatio": -0.1048566979,
        "totalOtherIncomeExpensesNet": -5144000,
        "incomeBeforeTax": -8438622,
        "incomeBeforeTaxRatio": -0.1852552681,
        "incomeTaxExpense": 57841,
        "netIncome": -8496463,
        "netIncomeRatio": -0.1865250667,
        "eps": -0.26,
        "epsdiluted": -0.26,
        "weightedAverageShsOut": 33286808,
        "weightedAverageShsOutDil": 33286809,
        "link": "https://www.sec.gov/Archives/edgar/data/1577437/000156459021023668/0001564590-21-023668-index.htm",
        "finalLink": "https://www.sec.gov/Archives/edgar/data/1577437/000156459021023668/d408436dex991.htm"
    },
    {
        "date": "2020-12-31",
        "symbol": "ASC",
        "reportedCurrency": "USD",
        "cik": "0001577437",
        "fillingDate": "2021-02-10",
        "acceptedDate": "2021-02-10 08:00:43",
        "calendarYear": "2020",
        "period": "Q4",
        "revenue": 41725326,
        "costOfRevenue": 31081389,
        "grossProfit": 10643937,
        "grossProfitRatio": 0.2550953586,
        "researchAndDevelopmentExpenses": 0,
        "generalAndAdministrativeExpenses": 3068290,
        "sellingAndMarketingExpenses": 234651,
        "sellingGeneralAndAdministrativeExpenses": 3302941,
        "otherExpenses": -1712360,
        "operatingExpenses": 19725365,
        "costAndExpenses": 50806754,
        "interestIncome": 25776,
        "interestExpense": 3915885,
        "depreciationAndAmortization": 8268960,
        "ebitda": -5547229,
        "ebitdaratio": -0.132946331,
        "operatingIncome": -9081428,
        "operatingIncomeRatio": -0.2176478621,
        "totalOtherIncomeExpensesNet": -12075366,
        "incomeBeforeTax": -19444434,
        "incomeBeforeTaxRatio": -0.4660103554,
        "incomeTaxExpense": 70968,
        "netIncome": -19515402,
        "netIncomeRatio": -0.467711193,
        "eps": -0.59,
        "epsdiluted": -0.59,
        "weightedAverageShsOut": 33237265,
        "weightedAverageShsOutDil": 33237297,
        "link": "https://www.sec.gov/Archives/edgar/data/1577437/000156459021005137/0001564590-21-005137-index.htm",
        "finalLink": "https://www.sec.gov/Archives/edgar/data/1577437/000156459021005137/d53616dex991.htm"
    },
    {
        "date": "2020-09-30",
        "symbol": "ASC",
        "reportedCurrency": "USD",
        "cik": "0001577437",
        "fillingDate": "2020-11-04",
        "acceptedDate": "2020-11-04 08:00:31",
        "calendarYear": "2020",
        "period": "Q3",
        "revenue": 45206271,
        "costOfRevenue": 25104485,
        "grossProfit": 20101786,
        "grossProfitRatio": 0.444668086,
        "researchAndDevelopmentExpenses": 0,
        "generalAndAdministrativeExpenses": 4116489,
        "sellingAndMarketingExpenses": 791220,
        "sellingGeneralAndAdministrativeExpenses": 4907710,
        "otherExpenses": -1708215,
        "operatingExpenses": 22740844,
        "costAndExpenses": 47845329,
        "interestIncome": 37652,
        "interestExpense": 4023165,
        "depreciationAndAmortization": 8117971,
        "ebitda": 5527854,
        "ebitdaratio": 0.1222806898,
        "operatingIncome": -2639058,
        "operatingIncomeRatio": -0.0583781396,
        "totalOtherIncomeExpensesNet": -5682439,
        "incomeBeforeTax": -6613282,
        "incomeBeforeTaxRatio": -0.1462912524,
        "incomeTaxExpense": 19715,
        "netIncome": -6632997,
        "netIncomeRatio": -0.1467273644,
        "eps": -0.2,
        "epsdiluted": -0.2,
        "weightedAverageShsOut": 33164985,
        "weightedAverageShsOutDil": 33285255,
        "link": "https://www.sec.gov/Archives/edgar/data/1577437/000156459020050192/0001564590-20-050192-index.htm",
        "finalLink": "https://www.sec.gov/Archives/edgar/data/1577437/000156459020050192/d75930dex991.htm"
    },
    {
        "date": "2020-06-30",
        "symbol": "ASC",
        "reportedCurrency": "USD",
        "cik": "0001577437",
        "fillingDate": "2020-07-28",
        "acceptedDate": "2020-07-28 09:13:28",
        "calendarYear": "2020",
        "period": "Q2",
        "revenue": 67932494,
        "costOfRevenue": 28817199,
        "grossProfit": 39115295,
        "grossProfitRatio": 0.57579654,
        "researchAndDevelopmentExpenses": 0,
        "generalAndAdministrativeExpenses": 3987796,
        "sellingAndMarketingExpenses": 852364,
        "sellingGeneralAndAdministrativeExpenses": 4840160,
        "otherExpenses": -1492328,
        "operatingExpenses": 20645724,
        "costAndExpenses": 49462923,
        "interestIncome": 73988,
        "interestExpense": 4782484,
        "depreciationAndAmortization": 7945434,
        "ebitda": 27882029,
        "ebitdaratio": 0.4104372938,
        "operatingIncome": 18469571,
        "operatingIncomeRatio": 0.2718812443,
        "totalOtherIncomeExpensesNet": -6300116,
        "incomeBeforeTax": 13661783,
        "incomeBeforeTaxRatio": 0.2011082208,
        "incomeTaxExpense": 78260,
        "netIncome": 13583523,
        "netIncomeRatio": 0.1999561947,
        "eps": 0.41,
        "epsdiluted": 0.41,
        "weightedAverageShsOut": 33247848,
        "weightedAverageShsOutDil": 33356978,
        "link": "https://www.sec.gov/Archives/edgar/data/1577437/000156459020033704/0001564590-20-033704-index.htm",
        "finalLink": "https://www.sec.gov/Archives/edgar/data/1577437/000156459020033704/d56417dex991.htm"
    },
    {
        "date": "2020-03-31",
        "symbol": "ASC",
        "reportedCurrency": "USD",
        "cik": "0001577437",
        "fillingDate": "2020-05-05",
        "acceptedDate": "2020-05-05 07:30:43",
        "calendarYear": "2020",
        "period": "Q1",
        "revenue": 65193515,
        "costOfRevenue": 31517351,
        "grossProfit": 33676164,
        "grossProfitRatio": 0.5165569612,
        "researchAndDevelopmentExpenses": 0,
        "generalAndAdministrativeExpenses": 3985678,
        "sellingAndMarketingExpenses": 867387,
        "sellingGeneralAndAdministrativeExpenses": 4853065,
        "otherExpenses": -1285342,
        "operatingExpenses": 21824561,
        "costAndExpenses": 53341912,
        "interestIncome": 144202,
        "interestExpense": 5446621,
        "depreciationAndAmortization": 7854959,
        "ebitda": 21136106,
        "ebitdaratio": 0.3242056514,
        "operatingIncome": 11851603,
        "operatingIncomeRatio": 0.1817911337,
        "totalOtherIncomeExpensesNet": -6587761,
        "incomeBeforeTax": 6549184,
        "incomeBeforeTaxRatio": 0.1004575992,
        "incomeTaxExpense": 30503,
        "netIncome": 6518681,
        "netIncomeRatio": 0.0999897152,
        "eps": 0.2,
        "epsdiluted": 0.2,
        "weightedAverageShsOut": 33196917,
        "weightedAverageShsOutDil": 33317114,
        "link": "https://www.sec.gov/Archives/edgar/data/1577437/000156459020020998/0001564590-20-020998-index.htm",
        "finalLink": "https://www.sec.gov/Archives/edgar/data/1577437/000156459020020998/d902728dex991.htm"
    },
    {
        "date": "2019-12-31",
        "symbol": "ASC",
        "reportedCurrency": "USD",
        "cik": "0001577437",
        "fillingDate": "2020-02-11",
        "acceptedDate": "2020-02-11 11:18:36",
        "calendarYear": "2019",
        "period": "Q4",
        "revenue": 60685029,
        "costOfRevenue": 30639427,
        "grossProfit": 30045602,
        "grossProfitRatio": 0.4951073188,
        "researchAndDevelopmentExpenses": 0,
        "generalAndAdministrativeExpenses": 3561327,
        "sellingAndMarketingExpenses": 700846,
        "sellingGeneralAndAdministrativeExpenses": 4262173,
        "otherExpenses": -1359418,
        "operatingExpenses": 21593276,
        "costAndExpenses": 52232703,
        "interestIncome": 159979,
        "interestExpense": 6651968,
        "depreciationAndAmortization": 9392372,
        "ebitda": 18004677,
        "ebitdaratio": 0.296690589,
        "operatingIncome": 8603737,
        "operatingIncomeRatio": 0.1417769282,
        "totalOtherIncomeExpensesNet": -6643400,
        "incomeBeforeTax": 1960337,
        "incomeBeforeTaxRatio": 0.0323034698,
        "incomeTaxExpense": 12092,
        "netIncome": 1948245,
        "netIncomeRatio": 0.0321042114,
        "eps": 0.06,
        "epsdiluted": 0.06,
        "weightedAverageShsOut": 33097831,
        "weightedAverageShsOutDil": 33097831,
        "link": "https://www.sec.gov/Archives/edgar/data/1577437/000156459020004162/0001564590-20-004162-index.htm",
        "finalLink": "https://www.sec.gov/Archives/edgar/data/1577437/000156459020004162/d86354dex991.htm"
    },
    {
        "date": "2019-09-30",
        "symbol": "ASC",
        "reportedCurrency": "USD",
        "cik": "0001577437",
        "fillingDate": "2019-11-05",
        "acceptedDate": "2019-11-05 08:32:11",
        "calendarYear": "2019",
        "period": "Q3",
        "revenue": 52098723,
        "costOfRevenue": 32137481,
        "grossProfit": 19961242,
        "grossProfitRatio": 0.3831426348,
        "researchAndDevelopmentExpenses": 0,
        "generalAndAdministrativeExpenses": 3897939,
        "sellingAndMarketingExpenses": 843692,
        "sellingGeneralAndAdministrativeExpenses": 4741631,
        "otherExpenses": 0,
        "operatingExpenses": 19599526,
        "costAndExpenses": 51737007,
        "interestIncome": 235212,
        "interestExpense": 6344892,
        "depreciationAndAmortization": 8026856,
        "ebitda": 9813792,
        "ebitdaratio": 0.1883691468,
        "operatingIncome": 361716,
        "operatingIncomeRatio": 0.0069428957,
        "totalOtherIncomeExpensesNet": -7299688,
        "incomeBeforeTax": -5747964,
        "incomeBeforeTaxRatio": -0.1103283088,
        "incomeTaxExpense": -35246,
        "netIncome": -5712718,
        "netIncomeRatio": -0.1096517855,
        "eps": -0.17,
        "epsdiluted": -0.17,
        "weightedAverageShsOut": 33097831,
        "weightedAverageShsOutDil": 33097831,
        "link": "https://www.sec.gov/Archives/edgar/data/1577437/000110465919059836/0001104659-19-059836-index.htm",
        "finalLink": "https://www.sec.gov/Archives/edgar/data/1577437/000110465919059836/tm1921857d1_ex99-1.htm"
    },
    {
        "date": "2019-06-30",
        "symbol": "ASC",
        "reportedCurrency": "USD",
        "cik": "0001577437",
        "fillingDate": "2019-07-31",
        "acceptedDate": "2019-07-31 08:31:17",
        "calendarYear": "2019",
        "period": "Q2",
        "revenue": 54992101,
        "costOfRevenue": 31311570,
        "grossProfit": 23680531,
        "grossProfitRatio": 0.4306169535,
        "researchAndDevelopmentExpenses": 0,
        "generalAndAdministrativeExpenses": 3909557,
        "sellingAndMarketingExpenses": 593059,
        "sellingGeneralAndAdministrativeExpenses": 4502616,
        "otherExpenses": -1114880,
        "operatingExpenses": 20496234,
        "costAndExpenses": 51807804,
        "interestIncome": 318661,
        "interestExpense": 6805234,
        "depreciationAndAmortization": 8032393,
        "ebitda": 6057801,
        "ebitdaratio": 0.110157657,
        "operatingIncome": 3184297,
        "operatingIncomeRatio": 0.0579046252,
        "totalOtherIncomeExpensesNet": -13079002,
        "incomeBeforeTax": -9894705,
        "incomeBeforeTaxRatio": -0.1799295684,
        "incomeTaxExpense": 48300,
        "netIncome": -9943005,
        "netIncomeRatio": -0.1808078764,
        "eps": -0.3,
        "epsdiluted": -0.3,
        "weightedAverageShsOut": 33097831,
        "weightedAverageShsOutDil": 33097831,
        "link": "https://www.sec.gov/Archives/edgar/data/1577437/000114420419036759/0001144204-19-036759-index.htm",
        "finalLink": "https://www.sec.gov/Archives/edgar/data/1577437/000114420419036759/tv526272_ex99-1.htm"
    },
    {
        "date": "2019-03-31",
        "symbol": "ASC",
        "reportedCurrency": "USD",
        "cik": "0001577437",
        "fillingDate": "2019-05-01",
        "acceptedDate": "2019-05-01 08:31:09",
        "calendarYear": "2019",
        "period": "Q1",
        "revenue": 62266387,
        "costOfRevenue": 35480616,
        "grossProfit": 26785771,
        "grossProfitRatio": 0.4301802672,
        "researchAndDevelopmentExpenses": 0,
        "generalAndAdministrativeExpenses": 3583173,
        "sellingAndMarketingExpenses": 1056621,
        "sellingGeneralAndAdministrativeExpenses": 4639794,
        "otherExpenses": -1138763,
        "operatingExpenses": 22616845,
        "costAndExpenses": 58097461,
        "interestIncome": 238338,
        "interestExpense": 6957660,
        "depreciationAndAmortization": 8230492,
        "ebitda": 7206759,
        "ebitdaratio": 0.1157407607,
        "operatingIncome": 4168926,
        "operatingIncomeRatio": 0.0669530737,
        "totalOtherIncomeExpensesNet": -13289085,
        "incomeBeforeTax": -9120159,
        "incomeBeforeTaxRatio": -0.1464700208,
        "incomeTaxExpense": 33620,
        "netIncome": -9153779,
        "netIncomeRatio": -0.147009959,
        "eps": -0.28,
        "epsdiluted": -0.28,
        "weightedAverageShsOut": 32692067,
        "weightedAverageShsOutDil": 33097831,
        "link": "https://www.sec.gov/Archives/edgar/data/1577437/000114420419022678/0001144204-19-022678-index.htm",
        "finalLink": "https://www.sec.gov/Archives/edgar/data/1577437/000114420419022678/tv520277_ex99-1.htm"
    },
    {
        "date": "2018-12-31",
        "symbol": "ASC",
        "reportedCurrency": "USD",
        "cik": "0001577437",
        "fillingDate": "2019-02-06",
        "acceptedDate": "2019-02-06 08:31:15",
        "calendarYear": "2018",
        "period": "Q4",
        "revenue": 58421019,
        "costOfRevenue": 38888352,
        "grossProfit": 19532667,
        "grossProfitRatio": 0.3343431411,
        "researchAndDevelopmentExpenses": 0,
        "generalAndAdministrativeExpenses": 2527729,
        "sellingAndMarketingExpenses": 639524,
        "sellingGeneralAndAdministrativeExpenses": 3167253,
        "otherExpenses": -1042200,
        "operatingExpenses": 21559938,
        "costAndExpenses": 60448290,
        "interestIncome": 194916,
        "interestExpense": 6893202,
        "depreciationAndAmortization": 1042200,
        "ebitda": -208694,
        "ebitdaratio": -0.0035722417,
        "operatingIncome": -2027271,
        "operatingIncomeRatio": -0.0347010551,
        "totalOtherIncomeExpensesNet": -14911657,
        "incomeBeforeTax": -16938928,
        "incomeBeforeTaxRatio": -0.2899457813,
        "incomeTaxExpense": 25000,
        "netIncome": -16963928,
        "netIncomeRatio": -0.2903737095,
        "eps": -0.51,
        "epsdiluted": -0.51,
        "weightedAverageShsOut": 33097831,
        "weightedAverageShsOutDil": 33097831,
        "link": "https://www.sec.gov/Archives/edgar/data/1577437/000114420419005139/0001144204-19-005139-index.htm",
        "finalLink": "https://www.sec.gov/Archives/edgar/data/1577437/000114420419005139/tv512527_ex99-1.htm"
    },
    {
        "date": "2018-09-30",
        "symbol": "ASC",
        "reportedCurrency": "USD",
        "cik": "0001577437",
        "fillingDate": "2018-11-07",
        "acceptedDate": "2018-11-07 08:31:09",
        "calendarYear": "2018",
        "period": "Q3",
        "revenue": 48923231,
        "costOfRevenue": 33271292,
        "grossProfit": 15651939,
        "grossProfitRatio": 0.3199285632,
        "researchAndDevelopmentExpenses": 0,
        "generalAndAdministrativeExpenses": 3432622,
        "sellingAndMarketingExpenses": 1012235,
        "sellingGeneralAndAdministrativeExpenses": 4444858,
        "otherExpenses": -943926,
        "operatingExpenses": 21644063,
        "costAndExpenses": 54915355,
        "interestIncome": 144760,
        "interestExpense": 6317760,
        "depreciationAndAmortization": 8910486,
        "ebitda": 2918362,
        "ebitdaratio": 0.0596518656,
        "operatingIncome": -5992124,
        "operatingIncomeRatio": -0.1224801363,
        "totalOtherIncomeExpensesNet": -6173000,
        "incomeBeforeTax": -12165124,
        "incomeBeforeTaxRatio": -0.2486574119,
        "incomeTaxExpense": 60197,
        "netIncome": -12225321,
        "netIncomeRatio": -0.2498878498,
        "eps": -0.37,
        "epsdiluted": -0.37,
        "weightedAverageShsOut": 33097831,
        "weightedAverageShsOutDil": 33097831,
        "link": "https://www.sec.gov/Archives/edgar/data/1577437/000114420418057765/0001144204-18-057765-index.htm",
        "finalLink": "https://www.sec.gov/Archives/edgar/data/1577437/000114420418057765/tv506545_ex99-1.htm"
    },
    {
        "date": "2018-06-30",
        "symbol": "ASC",
        "reportedCurrency": "USD",
        "cik": "0001577437",
        "fillingDate": "2018-07-31",
        "acceptedDate": "2018-07-31 08:31:37",
        "calendarYear": "2018",
        "period": "Q2",
        "revenue": 52363407,
        "costOfRevenue": 32936396,
        "grossProfit": 19427011,
        "grossProfitRatio": 0.3710035713,
        "researchAndDevelopmentExpenses": 0,
        "generalAndAdministrativeExpenses": 3729573,
        "sellingAndMarketingExpenses": 772135,
        "sellingGeneralAndAdministrativeExpenses": 4501708,
        "otherExpenses": -818506,
        "operatingExpenses": 21464623,
        "costAndExpenses": 54401019,
        "interestIncome": 152224,
        "interestExpense": 6640097,
        "depreciationAndAmortization": 8771091,
        "ebitda": 5866857,
        "ebitdaratio": 0.1120411626,
        "operatingIncome": -2037612,
        "operatingIncomeRatio": -0.0389128996,
        "totalOtherIncomeExpensesNet": -6487873,
        "incomeBeforeTax": -8525485,
        "incomeBeforeTaxRatio": -0.1628137948,
        "incomeTaxExpense": 51646,
        "netIncome": -8577131,
        "netIncomeRatio": -0.1638000942,
        "eps": -0.26,
        "epsdiluted": -0.26,
        "weightedAverageShsOut": 32703717,
        "weightedAverageShsOutDil": 32703717,
        "link": "https://www.sec.gov/Archives/edgar/data/1577437/000114420418040901/0001144204-18-040901-index.htm",
        "finalLink": "https://www.sec.gov/Archives/edgar/data/1577437/000114420418040901/tv499704_ex99-1.htm"
    },
    {
        "date": "2018-03-31",
        "symbol": "ASC",
        "reportedCurrency": "USD",
        "cik": "0001577437",
        "fillingDate": "2018-05-02",
        "acceptedDate": "2018-05-02 07:01:14",
        "calendarYear": "2018",
        "period": "Q1",
        "revenue": 50471524,
        "costOfRevenue": 28184294,
        "grossProfit": 22287230,
        "grossProfitRatio": 0.4415802859,
        "researchAndDevelopmentExpenses": 0,
        "generalAndAdministrativeExpenses": 2936449,
        "sellingAndMarketingExpenses": 809993,
        "sellingGeneralAndAdministrativeExpenses": 3746442,
        "otherExpenses": -832644,
        "operatingExpenses": 21846545,
        "costAndExpenses": 50030839,
        "interestIncome": 114765,
        "interestExpense": 5701991,
        "depreciationAndAmortization": 8661475,
        "ebitda": 9102160,
        "ebitdaratio": 0.1803424838,
        "operatingIncome": 440685,
        "operatingIncomeRatio": 0.0087313591,
        "totalOtherIncomeExpensesNet": -5587226,
        "incomeBeforeTax": -5146541,
        "incomeBeforeTaxRatio": -0.1019692015,
        "incomeTaxExpense": 26080,
        "netIncome": -5172621,
        "netIncomeRatio": -0.1024859285,
        "eps": -0.16,
        "epsdiluted": -0.16,
        "weightedAverageShsOut": 32445415,
        "weightedAverageShsOutDil": 32445415,
        "link": "https://www.sec.gov/Archives/edgar/data/1577437/000114420418024570/0001144204-18-024570-index.htm",
        "finalLink": "https://www.sec.gov/Archives/edgar/data/1577437/000114420418024570/tv492753_ex99-1.htm"
    },
    {
        "date": "2017-12-31",
        "symbol": "ASC",
        "reportedCurrency": "USD",
        "cik": "0001577437",
        "fillingDate": "2018-02-07",
        "acceptedDate": "2018-02-07 08:31:17",
        "calendarYear": "2017",
        "period": "Q4",
        "revenue": 47766635,
        "costOfRevenue": 26183684,
        "grossProfit": 21582951,
        "grossProfitRatio": 0.4518415626,
        "researchAndDevelopmentExpenses": 0,
        "generalAndAdministrativeExpenses": 2494822,
        "sellingAndMarketingExpenses": 607414,
        "sellingGeneralAndAdministrativeExpenses": 3102236,
        "otherExpenses": -952818,
        "operatingExpenses": 20159156,
        "costAndExpenses": 46342840,
        "interestIncome": 109179,
        "interestExpense": 5350638,
        "depreciationAndAmortization": 952818,
        "ebitda": 11131501,
        "ebitdaratio": 0.2330392543,
        "operatingIncome": 1423795,
        "operatingIncomeRatio": 0.0298073122,
        "totalOtherIncomeExpensesNet": -5241459,
        "incomeBeforeTax": -3817664,
        "incomeBeforeTaxRatio": -0.0799232351,
        "incomeTaxExpense": 11728,
        "netIncome": -3829392,
        "netIncomeRatio": -0.0801687621,
        "eps": -0.12,
        "epsdiluted": -0.12,
        "weightedAverageShsOut": 33045043,
        "weightedAverageShsOutDil": 33045043,
        "link": "https://www.sec.gov/Archives/edgar/data/1577437/000114420418006106/0001144204-18-006106-index.htm",
        "finalLink": "https://www.sec.gov/Archives/edgar/data/1577437/000114420418006106/tv485042_ex99-1.htm"
    },
    {
        "date": "2017-09-30",
        "symbol": "ASC",
        "reportedCurrency": "USD",
        "cik": "0001577437",
        "fillingDate": "2017-11-01",
        "acceptedDate": "2017-11-01 08:31:22",
        "calendarYear": "2017",
        "period": "Q3",
        "revenue": 48652951,
        "costOfRevenue": 26937856,
        "grossProfit": 21715095,
        "grossProfitRatio": 0.4463263698,
        "researchAndDevelopmentExpenses": 0,
        "generalAndAdministrativeExpenses": 3244179,
        "sellingAndMarketingExpenses": 703583,
        "sellingGeneralAndAdministrativeExpenses": 3947762,
        "otherExpenses": -771037,
        "operatingExpenses": 21049155,
        "costAndExpenses": 47987011,
        "interestIncome": 136198,
        "interestExpense": 5425243,
        "depreciationAndAmortization": 8638740,
        "ebitda": 9440878,
        "ebitdaratio": 0.1940453314,
        "operatingIncome": 665940,
        "operatingIncomeRatio": 0.0136875562,
        "totalOtherIncomeExpensesNet": -5289045,
        "incomeBeforeTax": -4623105,
        "incomeBeforeTaxRatio": -0.0950220882,
        "incomeTaxExpense": 16500,
        "netIncome": -4639605,
        "netIncomeRatio": -0.0953612249,
        "eps": -0.14,
        "epsdiluted": -0.14,
        "weightedAverageShsOut": 33575610,
        "weightedAverageShsOutDil": 33575610,
        "link": "https://www.sec.gov/Archives/edgar/data/1577437/000114420417055345/0001144204-17-055345-index.htm",
        "finalLink": "https://www.sec.gov/Archives/edgar/data/1577437/000114420417055345/tv478268_ex99-1.htm"
    },
    {
        "date": "2017-06-30",
        "symbol": "ASC",
        "reportedCurrency": "USD",
        "cik": "0001577437",
        "fillingDate": "2017-08-02",
        "acceptedDate": "2017-08-02 08:32:12",
        "calendarYear": "2017",
        "period": "Q2",
        "revenue": 49850796,
        "costOfRevenue": 26661244,
        "grossProfit": 23189552,
        "grossProfitRatio": 0.4651791719,
        "researchAndDevelopmentExpenses": 0,
        "generalAndAdministrativeExpenses": 3201825,
        "sellingAndMarketingExpenses": 647328,
        "sellingGeneralAndAdministrativeExpenses": 3849153,
        "otherExpenses": -586983,
        "operatingExpenses": 19433701,
        "costAndExpenses": 46094945,
        "interestIncome": 100204,
        "interestExpense": 5693363,
        "depreciationAndAmortization": 8539890,
        "ebitda": 12395945,
        "ebitdaratio": 0.2486609241,
        "operatingIncome": 3755851,
        "operatingIncomeRatio": 0.0753418461,
        "totalOtherIncomeExpensesNet": -5593159,
        "incomeBeforeTax": -1837308,
        "incomeBeforeTaxRatio": -0.0368561417,
        "incomeTaxExpense": 16839,
        "netIncome": -1854147,
        "netIncomeRatio": -0.0371939297,
        "eps": -0.0552,
        "epsdiluted": -0.0552,
        "weightedAverageShsOut": 33575610,
        "weightedAverageShsOutDil": 33575610,
        "link": "https://www.sec.gov/Archives/edgar/data/1577437/000114420417039722/0001144204-17-039722-index.htm",
        "finalLink": "https://www.sec.gov/Archives/edgar/data/1577437/000114420417039722/v472120_ex99-1.htm"
    },
    {
        "date": "2017-03-31",
        "symbol": "ASC",
        "reportedCurrency": "USD",
        "cik": "0001577437",
        "fillingDate": "2017-05-03",
        "acceptedDate": "2017-05-03 08:30:39",
        "calendarYear": "2017",
        "period": "Q1",
        "revenue": 49665010,
        "costOfRevenue": 27226209,
        "grossProfit": 22438801,
        "grossProfitRatio": 0.4518030098,
        "researchAndDevelopmentExpenses": 0,
        "generalAndAdministrativeExpenses": 3038191,
        "sellingAndMarketingExpenses": 661423,
        "sellingGeneralAndAdministrativeExpenses": 3699614,
        "otherExpenses": -613193,
        "operatingExpenses": 19771185,
        "costAndExpenses": 46997394,
        "interestIncome": 90614,
        "interestExpense": 4910921,
        "depreciationAndAmortization": 8446753,
        "ebitda": 11114369,
        "ebitdaratio": 0.2237867062,
        "operatingIncome": 2667616,
        "operatingIncomeRatio": 0.0537121809,
        "totalOtherIncomeExpensesNet": -4820307,
        "incomeBeforeTax": -2152691,
        "incomeBeforeTaxRatio": -0.0433442176,
        "incomeTaxExpense": 14500,
        "netIncome": -2167191,
        "netIncomeRatio": -0.0436361736,
        "eps": -0.0645,
        "epsdiluted": -0.0645,
        "weightedAverageShsOut": 33575610,
        "weightedAverageShsOutDil": 33575610,
        "link": "https://www.sec.gov/Archives/edgar/data/1577437/000114420417024055/0001144204-17-024055-index.htm",
        "finalLink": "https://www.sec.gov/Archives/edgar/data/1577437/000114420417024055/v465904_ex99-1.htm"
    },
    {
        "date": "2016-12-31",
        "symbol": "ASC",
        "reportedCurrency": "USD",
        "cik": "0001577437",
        "fillingDate": "2017-02-07",
        "acceptedDate": "2017-02-07 08:36:27",
        "calendarYear": "2016",
        "period": "Q4",
        "revenue": 43179031,
        "costOfRevenue": 21871681,
        "grossProfit": 21307350,
        "grossProfitRatio": 0.4934652193,
        "researchAndDevelopmentExpenses": 0,
        "generalAndAdministrativeExpenses": 1125024,
        "sellingAndMarketingExpenses": 785540,
        "sellingGeneralAndAdministrativeExpenses": 1910564,
        "otherExpenses": -665018,
        "operatingExpenses": 19609847,
        "costAndExpenses": 41481528,
        "interestIncome": 57204,
        "interestExpense": 5459297,
        "depreciationAndAmortization": 665018,
        "ebitda": 11135298,
        "ebitdaratio": 0.2578867043,
        "operatingIncome": 1697503,
        "operatingIncomeRatio": 0.0393131333,
        "totalOtherIncomeExpensesNet": -5402093,
        "incomeBeforeTax": -3704590,
        "incomeBeforeTaxRatio": -0.085796043,
        "incomeTaxExpense": -16816,
        "netIncome": -3687774,
        "netIncomeRatio": -0.0854065947,
        "eps": -0.11,
        "epsdiluted": -0.11,
        "weightedAverageShsOut": 33575611,
        "weightedAverageShsOutDil": 33575611,
        "link": "https://www.sec.gov/Archives/edgar/data/1577437/000114420417006338/0001144204-17-006338-index.htm",
        "finalLink": "https://www.sec.gov/Archives/edgar/data/1577437/000114420417006338/v458500_ex99-1.htm"
    },
    {
        "date": "2016-09-30",
        "symbol": "ASC",
        "reportedCurrency": "USD",
        "cik": "0001577437",
        "fillingDate": "2016-11-02",
        "acceptedDate": "2016-11-02 09:39:39",
        "calendarYear": "2016",
        "period": "Q3",
        "revenue": 37969400,
        "costOfRevenue": 17352128,
        "grossProfit": 20617272,
        "grossProfitRatio": 0.542997045,
        "researchAndDevelopmentExpenses": 0,
        "generalAndAdministrativeExpenses": 3554134,
        "sellingAndMarketingExpenses": 470155,
        "sellingGeneralAndAdministrativeExpenses": 4024288,
        "otherExpenses": -771282,
        "operatingExpenses": 18534593,
        "costAndExpenses": 35886721,
        "interestIncome": 66174,
        "interestExpense": 3901112,
        "depreciationAndAmortization": 7340499,
        "ebitda": 7232214,
        "ebitdaratio": 0.1904748034,
        "operatingIncome": 2082679,
        "operatingIncomeRatio": 0.054851512,
        "totalOtherIncomeExpensesNet": -6863354,
        "incomeBeforeTax": -4780675,
        "incomeBeforeTaxRatio": -0.1259086264,
        "incomeTaxExpense": 19250,
        "netIncome": -4799925,
        "netIncomeRatio": -0.1264156136,
        "eps": -0.14,
        "epsdiluted": -0.14,
        "weightedAverageShsOut": 33518013,
        "weightedAverageShsOutDil": 33518013,
        "link": "https://www.sec.gov/Archives/edgar/data/1577437/000114420416130964/0001144204-16-130964-index.htm",
        "finalLink": "https://www.sec.gov/Archives/edgar/data/1577437/000114420416130964/v451993_ex99-1.htm"
    },
    {
        "date": "2016-06-30",
        "symbol": "ASC",
        "reportedCurrency": "USD",
        "cik": "0001577437",
        "fillingDate": "2016-08-02",
        "acceptedDate": "2016-08-02 08:32:02",
        "calendarYear": "2016",
        "period": "Q2",
        "revenue": 39719211,
        "costOfRevenue": 13529350,
        "grossProfit": 26189861,
        "grossProfitRatio": 0.6593751573,
        "researchAndDevelopmentExpenses": 0,
        "generalAndAdministrativeExpenses": 3629032,
        "sellingAndMarketingExpenses": 0,
        "sellingGeneralAndAdministrativeExpenses": 3629032,
        "otherExpenses": -684958,
        "operatingExpenses": 17167707,
        "costAndExpenses": 30697057,
        "interestIncome": 20111,
        "interestExpense": 3960098,
        "depreciationAndAmortization": 7185808,
        "ebitda": 16207961,
        "ebitdaratio": 0.4080635187,
        "operatingIncome": 9022154,
        "operatingIncomeRatio": 0.2271483691,
        "totalOtherIncomeExpensesNet": -3488025,
        "incomeBeforeTax": 5534129,
        "incomeBeforeTaxRatio": 0.1393312924,
        "incomeTaxExpense": 38000,
        "netIncome": 5496129,
        "netIncomeRatio": 0.1383745765,
        "eps": 0.2,
        "epsdiluted": 0.2,
        "weightedAverageShsOut": 27339539,
        "weightedAverageShsOutDil": 27339539,
        "link": "https://www.sec.gov/Archives/edgar/data/1577437/000114420416115812/0001144204-16-115812-index.htm",
        "finalLink": "https://www.sec.gov/Archives/edgar/data/1577437/000114420416115812/v445664_ex99-1.htm"
    },
    {
        "date": "2016-03-31",
        "symbol": "ASC",
        "reportedCurrency": "USD",
        "cik": "0001577437",
        "fillingDate": "2016-03-31",
        "acceptedDate": "2016-03-31 00:00:00",
        "calendarYear": "2016",
        "period": "Q1",
        "revenue": 43536296,
        "costOfRevenue": 14459476,
        "grossProfit": 29076820,
        "grossProfitRatio": 0.6678753746,
        "researchAndDevelopmentExpenses": 0,
        "generalAndAdministrativeExpenses": 3613327,
        "sellingAndMarketingExpenses": 0,
        "sellingGeneralAndAdministrativeExpenses": 3613327,
        "otherExpenses": -593851,
        "operatingExpenses": 17904847,
        "costAndExpenses": 32364323,
        "interestIncome": 21140,
        "interestExpense": 3833148,
        "depreciationAndAmortization": 7051829,
        "ebitda": 18223802,
        "ebitdaratio": 0.4185887104,
        "operatingIncome": 11171973,
        "operatingIncomeRatio": 0.2566128501,
        "totalOtherIncomeExpensesNet": -4412471,
        "incomeBeforeTax": 6759502,
        "incomeBeforeTaxRatio": 0.155261302,
        "incomeTaxExpense": 20000,
        "netIncome": 6739502,
        "netIncomeRatio": 0.1548019152,
        "eps": 0.26,
        "epsdiluted": 0.26,
        "weightedAverageShsOut": 26059879,
        "weightedAverageShsOutDil": 26059879,
        "link": null,
        "finalLink": null
    },
    {
        "date": "2015-12-31",
        "symbol": "ASC",
        "reportedCurrency": "USD",
        "cik": "0001577437",
        "fillingDate": "2016-02-03",
        "acceptedDate": "2016-02-03 08:31:29",
        "calendarYear": "2015",
        "period": "Q4",
        "revenue": 41771399,
        "costOfRevenue": 14415214,
        "grossProfit": 27356185,
        "grossProfitRatio": 0.6549022933,
        "researchAndDevelopmentExpenses": 0,
        "generalAndAdministrativeExpenses": 3112688,
        "sellingAndMarketingExpenses": 0,
        "sellingGeneralAndAdministrativeExpenses": 3112688,
        "otherExpenses": -503175,
        "operatingExpenses": 17622331,
        "costAndExpenses": 32037545,
        "interestIncome": 4883,
        "interestExpense": 4337015,
        "depreciationAndAmortization": 503175,
        "ebitda": 16638855,
        "ebitdaratio": 0.398331284,
        "operatingIncome": 9733854,
        "operatingIncomeRatio": 0.2330267655,
        "totalOtherIncomeExpensesNet": -4332132,
        "incomeBeforeTax": 5401722,
        "incomeBeforeTaxRatio": 0.1293162817,
        "incomeTaxExpense": 36172,
        "netIncome": 5365550,
        "netIncomeRatio": 0.1284503303,
        "eps": 0.21,
        "epsdiluted": 0.21,
        "weightedAverageShsOut": 26159808,
        "weightedAverageShsOutDil": 26159808,
        "link": "https://www.sec.gov/Archives/edgar/data/1577437/000114420416078638/0001144204-16-078638-index.htm",
        "finalLink": "https://www.sec.gov/Archives/edgar/data/1577437/000114420416078638/v430451_ex99-1.htm"
    },
    {
        "date": "2015-09-30",
        "symbol": "ASC",
        "reportedCurrency": "USD",
        "cik": "0001577437",
        "fillingDate": "2015-10-27",
        "acceptedDate": "2015-10-27 07:31:20",
        "calendarYear": "2015",
        "period": "Q3",
        "revenue": 47182310,
        "costOfRevenue": 14589240,
        "grossProfit": 32593070,
        "grossProfitRatio": 0.690790044,
        "researchAndDevelopmentExpenses": 0,
        "generalAndAdministrativeExpenses": 2792312,
        "sellingAndMarketingExpenses": 0,
        "sellingGeneralAndAdministrativeExpenses": 2792312,
        "otherExpenses": -447775,
        "operatingExpenses": 15172193,
        "costAndExpenses": 29761433,
        "interestIncome": 4665,
        "interestExpense": 3806461,
        "depreciationAndAmortization": 6629516,
        "ebitda": 24050393,
        "ebitdaratio": 0.5097332666,
        "operatingIncome": 17420877,
        "operatingIncomeRatio": 0.3692247582,
        "totalOtherIncomeExpensesNet": -3801796,
        "incomeBeforeTax": 13619081,
        "incomeBeforeTaxRatio": 0.2886480336,
        "incomeTaxExpense": 17102,
        "netIncome": 13601979,
        "netIncomeRatio": 0.2882855672,
        "eps": 0.52,
        "epsdiluted": 0.52,
        "weightedAverageShsOut": 26079260,
        "weightedAverageShsOutDil": 26079260,
        "link": "https://www.sec.gov/Archives/edgar/data/1577437/000114420415060864/0001144204-15-060864-index.htm",
        "finalLink": "https://www.sec.gov/Archives/edgar/data/1577437/000114420415060864/v422885_ex99-1.htm"
    },
    {
        "date": "2015-06-30",
        "symbol": "ASC",
        "reportedCurrency": "USD",
        "cik": "0001577437",
        "fillingDate": "2015-08-04",
        "acceptedDate": "2015-08-04 07:31:59",
        "calendarYear": "2015",
        "period": "Q2",
        "revenue": 39312613,
        "costOfRevenue": 14260290,
        "grossProfit": 25052323,
        "grossProfitRatio": 0.6372591667,
        "researchAndDevelopmentExpenses": 0,
        "generalAndAdministrativeExpenses": 2727980,
        "sellingAndMarketingExpenses": 0,
        "sellingGeneralAndAdministrativeExpenses": 2727980,
        "otherExpenses": -607394,
        "operatingExpenses": 14593002,
        "costAndExpenses": 28853292,
        "interestIncome": 4389,
        "interestExpense": 2529459,
        "depreciationAndAmortization": 5713901,
        "ebitda": 16173222,
        "ebitdaratio": 0.411400331,
        "operatingIncome": 10459321,
        "operatingIncomeRatio": 0.2660550953,
        "totalOtherIncomeExpensesNet": -2525070,
        "incomeBeforeTax": 7934251,
        "incomeBeforeTaxRatio": 0.2018245645,
        "incomeTaxExpense": 14098,
        "netIncome": 7920153,
        "netIncomeRatio": 0.2014659519,
        "eps": 0.3,
        "epsdiluted": 0.3,
        "weightedAverageShsOut": 26014629,
        "weightedAverageShsOutDil": 26014629,
        "link": "https://www.sec.gov/Archives/edgar/data/1577437/000114420415045935/0001144204-15-045935-index.htm",
        "finalLink": "https://www.sec.gov/Archives/edgar/data/1577437/000114420415045935/0001144204-15-045935.txt"
    },
    {
        "date": "2015-03-31",
        "symbol": "ASC",
        "reportedCurrency": "USD",
        "cik": "0001577437",
        "fillingDate": "2015-05-05",
        "acceptedDate": "2015-05-05 08:30:23",
        "calendarYear": "2015",
        "period": "Q1",
        "revenue": 29615937,
        "costOfRevenue": 11029451,
        "grossProfit": 18586486,
        "grossProfitRatio": 0.6275839255,
        "researchAndDevelopmentExpenses": 0,
        "generalAndAdministrativeExpenses": 2115642,
        "sellingAndMarketingExpenses": 0,
        "sellingGeneralAndAdministrativeExpenses": 2115642,
        "otherExpenses": -562630,
        "operatingExpenses": 11898580,
        "costAndExpenses": 22928031,
        "interestIncome": 1634,
        "interestExpense": 1609769,
        "depreciationAndAmortization": 4908604,
        "ebitda": 11596510,
        "ebitdaratio": 0.3915631641,
        "operatingIncome": 6687906,
        "operatingIncomeRatio": 0.2258211854,
        "totalOtherIncomeExpensesNet": -1608135,
        "incomeBeforeTax": 5079771,
        "incomeBeforeTaxRatio": 0.1715215359,
        "incomeTaxExpense": 12488,
        "netIncome": 5067283,
        "netIncomeRatio": 0.171099871,
        "eps": 0.2,
        "epsdiluted": 0.2,
        "weightedAverageShsOut": 25980600,
        "weightedAverageShsOutDil": 25980600,
        "link": "https://www.sec.gov/Archives/edgar/data/1577437/000115752315001560/0001157523-15-001560-index.htm",
        "finalLink": "https://www.sec.gov/Archives/edgar/data/1577437/000115752315001560/a51095028ex99_1.htm"
    },
    {
        "date": "2014-12-31",
        "symbol": "ASC",
        "reportedCurrency": "USD",
        "cik": "0001577437",
        "fillingDate": "2015-02-03",
        "acceptedDate": "2015-02-03 07:30:32",
        "calendarYear": "2014",
        "period": "Q4",
        "revenue": 22250566,
        "costOfRevenue": 7737935,
        "grossProfit": 14512631,
        "grossProfitRatio": 0.6522364869,
        "researchAndDevelopmentExpenses": 0,
        "generalAndAdministrativeExpenses": 1890432,
        "sellingAndMarketingExpenses": 0,
        "sellingGeneralAndAdministrativeExpenses": 1890432,
        "otherExpenses": -564013,
        "operatingExpenses": 11471643,
        "costAndExpenses": 19209578,
        "interestIncome": 3067,
        "interestExpense": 1172531,
        "depreciationAndAmortization": 564013,
        "ebitda": 7390842,
        "ebitdaratio": 0.3321642245,
        "operatingIncome": 3040988,
        "operatingIncomeRatio": 0.1366701413,
        "totalOtherIncomeExpensesNet": -1169464,
        "incomeBeforeTax": 1871524,
        "incomeBeforeTaxRatio": 0.0841112986,
        "incomeTaxExpense": 9641,
        "netIncome": 1861883,
        "netIncomeRatio": 0.0836780062,
        "eps": 0.07,
        "epsdiluted": 0.07,
        "weightedAverageShsOut": 26047244,
        "weightedAverageShsOutDil": 26047244,
        "link": "https://www.sec.gov/Archives/edgar/data/1577437/000115752315000324/0001157523-15-000324-index.htm",
        "finalLink": "https://www.sec.gov/Archives/edgar/data/1577437/000115752315000324/a51031545ex99_1.htm"
    },
    {
        "date": "2014-09-30",
        "symbol": "ASC",
        "reportedCurrency": "USD",
        "cik": "0001577437",
        "fillingDate": "2014-11-04",
        "acceptedDate": "2014-11-04 07:30:18",
        "calendarYear": "2014",
        "period": "Q3",
        "revenue": 18861206,
        "costOfRevenue": 7152181,
        "grossProfit": 11709025,
        "grossProfitRatio": 0.6207993805,
        "researchAndDevelopmentExpenses": 0,
        "generalAndAdministrativeExpenses": 2091411,
        "sellingAndMarketingExpenses": 0,
        "sellingGeneralAndAdministrativeExpenses": 2091411,
        "otherExpenses": -511249,
        "operatingExpenses": 10527020,
        "costAndExpenses": 17679201,
        "interestIncome": 3077,
        "interestExpense": 1056730,
        "depreciationAndAmortization": 4081901,
        "ebitda": 5263906,
        "ebitdaratio": 0.2790863956,
        "operatingIncome": 1182005,
        "operatingIncomeRatio": 0.0626685802,
        "totalOtherIncomeExpensesNet": -1053653,
        "incomeBeforeTax": 128352,
        "incomeBeforeTaxRatio": 0.0068050792,
        "incomeTaxExpense": 11054,
        "netIncome": 117298,
        "netIncomeRatio": 0.0062190085,
        "eps": 0.004,
        "epsdiluted": 0.004,
        "weightedAverageShsOut": 26100000,
        "weightedAverageShsOutDil": 26100000,
        "link": "https://www.sec.gov/Archives/edgar/data/1577437/000115752314004321/0001157523-14-004321-index.htm",
        "finalLink": "https://www.sec.gov/Archives/edgar/data/1577437/000115752314004321/a50975944ex99_1.htm"
    },
    {
        "date": "2014-06-30",
        "symbol": "ASC",
        "reportedCurrency": "USD",
        "cik": "0001577437",
        "fillingDate": "2014-07-29",
        "acceptedDate": "2014-07-29 11:59:22",
        "calendarYear": "2014",
        "period": "Q2",
        "revenue": 13828598,
        "costOfRevenue": 3700453,
        "grossProfit": 10128145,
        "grossProfitRatio": 0.7324057724,
        "researchAndDevelopmentExpenses": 0,
        "generalAndAdministrativeExpenses": 1907557,
        "sellingAndMarketingExpenses": 0,
        "sellingGeneralAndAdministrativeExpenses": 1907557,
        "otherExpenses": -514253,
        "operatingExpenses": 9028137,
        "costAndExpenses": 12728590,
        "interestIncome": 8278,
        "interestExpense": 1000036,
        "depreciationAndAmortization": 3401368,
        "ebitda": 4501376,
        "ebitdaratio": 0.3255121018,
        "operatingIncome": 1100008,
        "operatingIncomeRatio": 0.0795458802,
        "totalOtherIncomeExpensesNet": -991758,
        "incomeBeforeTax": 108250,
        "incomeBeforeTaxRatio": 0.0078279808,
        "incomeTaxExpense": 13505,
        "netIncome": 94745,
        "netIncomeRatio": 0.0068513815,
        "eps": 0.004,
        "epsdiluted": 0.004,
        "weightedAverageShsOut": 26100000,
        "weightedAverageShsOutDil": 26100000,
        "link": "https://www.sec.gov/Archives/edgar/data/1577437/000115752314003048/0001157523-14-003048-index.htm",
        "finalLink": "https://www.sec.gov/Archives/edgar/data/1577437/000115752314003048/a50914291-ex991.htm"
    },
    {
        "date": "2014-03-31",
        "symbol": "ASC",
        "reportedCurrency": "USD",
        "cik": "0001577437",
        "fillingDate": "2014-05-13",
        "acceptedDate": "2014-05-13 07:30:38",
        "calendarYear": "2014",
        "period": "Q1",
        "revenue": 12386264,
        "costOfRevenue": 3268361,
        "grossProfit": 9117903,
        "grossProfitRatio": 0.7361302004,
        "researchAndDevelopmentExpenses": 0,
        "generalAndAdministrativeExpenses": 2289266,
        "sellingAndMarketingExpenses": 0,
        "sellingGeneralAndAdministrativeExpenses": 2289266,
        "otherExpenses": -441585,
        "operatingExpenses": 8630842,
        "costAndExpenses": 11899203,
        "interestIncome": 2022,
        "interestExpense": 889986,
        "depreciationAndAmortization": 3021762,
        "ebitda": 3508823,
        "ebitdaratio": 0.2832834017,
        "operatingIncome": 487061,
        "operatingIncomeRatio": 0.0393226723,
        "totalOtherIncomeExpensesNet": -887964,
        "incomeBeforeTax": -400903,
        "incomeBeforeTaxRatio": -0.0323667411,
        "incomeTaxExpense": 12549,
        "netIncome": -413452,
        "netIncomeRatio": -0.0333798795,
        "eps": -0.0208,
        "epsdiluted": -0.0208,
        "weightedAverageShsOut": 19858333,
        "weightedAverageShsOutDil": 19858333,
        "link": "https://www.sec.gov/Archives/edgar/data/1577437/000115752314002124/0001157523-14-002124-index.htm",
        "finalLink": "https://www.sec.gov/Archives/edgar/data/1577437/000115752314002124/a50863996_ex991.htm"
    },
    {
        "date": "2013-12-31",
        "symbol": "ASC",
        "reportedCurrency": "USD",
        "cik": "0001577437",
        "fillingDate": "2014-04-24",
        "acceptedDate": "2014-04-24 16:32:50",
        "calendarYear": "2013",
        "period": "Q4",
        "revenue": 9626591,
        "costOfRevenue": 3348084,
        "grossProfit": 6278507,
        "grossProfitRatio": 0.652204607,
        "researchAndDevelopmentExpenses": 0,
        "generalAndAdministrativeExpenses": 1954548,
        "sellingAndMarketingExpenses": 0,
        "sellingGeneralAndAdministrativeExpenses": 1954548,
        "otherExpenses": -365520,
        "operatingExpenses": 7502218,
        "costAndExpenses": 10850302,
        "interestIncome": 1548,
        "interestExpense": 460737,
        "depreciationAndAmortization": 365520,
        "ebitda": 329194,
        "ebitdaratio": 0.0341963214,
        "operatingIncome": -1223711,
        "operatingIncomeRatio": -0.1271177928,
        "totalOtherIncomeExpensesNet": -459189,
        "incomeBeforeTax": -1682900,
        "incomeBeforeTaxRatio": -0.1748178561,
        "incomeTaxExpense": 9784,
        "netIncome": -1692684,
        "netIncomeRatio": -0.1758342076,
        "eps": -0.0938,
        "epsdiluted": -0.0938,
        "weightedAverageShsOut": 18050000,
        "weightedAverageShsOutDil": 18050000,
        "link": "https://www.sec.gov/Archives/edgar/data/1577437/000091957414002723/0000919574-14-002723-index.htm",
        "finalLink": "https://www.sec.gov/Archives/edgar/data/1577437/000091957414002723/d1464439_20-f.htm"
    },
    {
        "date": "2013-09-30",
        "symbol": "ASC",
        "reportedCurrency": "USD",
        "cik": "0001577437",
        "fillingDate": "2013-09-30",
        "acceptedDate": "2013-09-30 00:00:00",
        "calendarYear": "2013",
        "period": "Q3",
        "revenue": 10620399,
        "costOfRevenue": 3510958,
        "grossProfit": 7109441,
        "grossProfitRatio": 0.6694137386,
        "researchAndDevelopmentExpenses": 0,
        "generalAndAdministrativeExpenses": 1817851,
        "sellingAndMarketingExpenses": 0,
        "sellingGeneralAndAdministrativeExpenses": 1817851,
        "otherExpenses": -340872,
        "operatingExpenses": 6961908,
        "costAndExpenses": 10472866,
        "interestIncome": 2320,
        "interestExpense": 1060320,
        "depreciationAndAmortization": 2335138,
        "ebitda": 2851546,
        "ebitdaratio": 0.2684970687,
        "operatingIncome": 147533,
        "operatingIncomeRatio": 0.0138914743,
        "totalOtherIncomeExpensesNet": -1058000,
        "incomeBeforeTax": -910467,
        "incomeBeforeTaxRatio": -0.0857281351,
        "incomeTaxExpense": 9560,
        "netIncome": -920027,
        "netIncomeRatio": -0.0866282896,
        "eps": -0.0627,
        "epsdiluted": -0.0627,
        "weightedAverageShsOut": 14680435,
        "weightedAverageShsOutDil": 14680435,
        "link": null,
        "finalLink": null
    },
    {
        "date": "2013-06-30",
        "symbol": "ASC",
        "reportedCurrency": "USD",
        "cik": "0001577437",
        "fillingDate": "2013-08-26",
        "acceptedDate": "2013-08-26 17:02:57",
        "calendarYear": "2013",
        "period": "Q2",
        "revenue": 8345281,
        "costOfRevenue": 2173255,
        "grossProfit": 6172026,
        "grossProfitRatio": 0.7395827654,
        "researchAndDevelopmentExpenses": 0,
        "generalAndAdministrativeExpenses": 1235520,
        "sellingAndMarketingExpenses": 0,
        "sellingGeneralAndAdministrativeExpenses": 1235520,
        "otherExpenses": -365526,
        "operatingExpenses": 5954389,
        "costAndExpenses": 8127644,
        "interestIncome": 1310,
        "interestExpense": 1400413,
        "depreciationAndAmortization": 2024909,
        "ebitda": 2243856,
        "ebitdaratio": 0.2688772253,
        "operatingIncome": 217637,
        "operatingIncomeRatio": 0.0260790499,
        "totalOtherIncomeExpensesNet": -1399103,
        "incomeBeforeTax": -1181466,
        "incomeBeforeTaxRatio": -0.141572944,
        "incomeTaxExpense": 7734,
        "netIncome": -1189200,
        "netIncomeRatio": -0.1424996953,
        "eps": -0.0659,
        "epsdiluted": -0.0659,
        "weightedAverageShsOut": 18050000,
        "weightedAverageShsOutDil": 18050000,
        "link": "https://www.sec.gov/Archives/edgar/data/1577437/000091957413005339/0000919574-13-005339-index.htm",
        "finalLink": "https://www.sec.gov/Archives/edgar/data/1577437/000091957413005339/0000919574-13-005339.txt"
    },
    {
        "date": "2013-03-31",
        "symbol": "ASC",
        "reportedCurrency": "USD",
        "cik": "0001577437",
        "fillingDate": "2013-03-31",
        "acceptedDate": "2013-03-30 20:00:00",
        "calendarYear": "2013",
        "period": "Q1",
        "revenue": 7275085,
        "costOfRevenue": 1879753,
        "grossProfit": 5395332,
        "grossProfitRatio": 0.7416177268,
        "researchAndDevelopmentExpenses": 0,
        "generalAndAdministrativeExpenses": 662016,
        "sellingAndMarketingExpenses": 0,
        "sellingGeneralAndAdministrativeExpenses": 662016,
        "otherExpenses": -348896,
        "operatingExpenses": 4887721,
        "costAndExpenses": 6767474,
        "interestIncome": 881,
        "interestExpense": 542536,
        "depreciationAndAmortization": 1704017,
        "ebitda": 2212509,
        "ebitdaratio": 0.3041213951,
        "operatingIncome": 507611,
        "operatingIncomeRatio": 0.0697738927,
        "totalOtherIncomeExpensesNet": -541655,
        "incomeBeforeTax": -34044,
        "incomeBeforeTaxRatio": -0.004679533,
        "incomeTaxExpense": 6648,
        "netIncome": -40692,
        "netIncomeRatio": -0.0055933367,
        "eps": -0.0051,
        "epsdiluted": -0.0051,
        "weightedAverageShsOut": 8050000,
        "weightedAverageShsOutDil": 8050000,
        "link": "",
        "finalLink": ""
    },
    {
        "date": "2012-12-31",
        "symbol": "ASC",
        "reportedCurrency": "USD",
        "cik": "0001577437",
        "fillingDate": "2012-12-31",
        "acceptedDate": "2012-12-30 19:00:00",
        "calendarYear": "2012",
        "period": "Q4",
        "revenue": 5740283,
        "costOfRevenue": 1793452,
        "grossProfit": 3946831,
        "grossProfitRatio": 0.6875673203,
        "researchAndDevelopmentExpenses": 0,
        "generalAndAdministrativeExpenses": 817241,
        "sellingAndMarketingExpenses": 0,
        "sellingGeneralAndAdministrativeExpenses": 817241,
        "otherExpenses": -365714,
        "operatingExpenses": 4901450,
        "costAndExpenses": 6694902,
        "interestIncome": 1757,
        "interestExpense": 146621,
        "depreciationAndAmortization": 1542381,
        "ebitda": 334972,
        "ebitdaratio": 0.0583546142,
        "operatingIncome": -954619,
        "operatingIncomeRatio": -0.1663017311,
        "totalOtherIncomeExpensesNet": -399411,
        "incomeBeforeTax": -1354030,
        "incomeBeforeTaxRatio": -0.2358820985,
        "incomeTaxExpense": 29186,
        "netIncome": -1383216,
        "netIncomeRatio": -0.2409665168,
        "eps": -0.17,
        "epsdiluted": -0.17,
        "weightedAverageShsOut": 8049535,
        "weightedAverageShsOutDil": 8050000,
        "link": "",
        "finalLink": ""
    },
    {
        "date": "2012-09-30",
        "symbol": "ASC",
        "reportedCurrency": "USD",
        "cik": "0001577437",
        "fillingDate": "2012-09-30",
        "acceptedDate": "2012-09-29 20:00:00",
        "calendarYear": "2012",
        "period": "Q3",
        "revenue": 5619280,
        "costOfRevenue": 1758378,
        "grossProfit": 3860902,
        "grossProfitRatio": 0.6870812631,
        "researchAndDevelopmentExpenses": 0,
        "generalAndAdministrativeExpenses": 751423,
        "sellingAndMarketingExpenses": 0,
        "sellingGeneralAndAdministrativeExpenses": 751423,
        "otherExpenses": -75777,
        "operatingExpenses": 4667945,
        "costAndExpenses": 6426323,
        "interestIncome": 1290,
        "interestExpense": 604848,
        "depreciationAndAmortization": 1549347,
        "ebitda": 743594,
        "ebitdaratio": 0.1323290528,
        "operatingIncome": -807043,
        "operatingIncomeRatio": -0.1436203571,
        "totalOtherIncomeExpensesNet": -603558,
        "incomeBeforeTax": -1410601,
        "incomeBeforeTaxRatio": -0.2510287795,
        "incomeTaxExpense": 6510,
        "netIncome": -1417111,
        "netIncomeRatio": -0.2521872909,
        "eps": -0.18,
        "epsdiluted": -0.18,
        "weightedAverageShsOut": 8050000,
        "weightedAverageShsOutDil": 8050000,
        "link": "",
        "finalLink": ""
    },
    {
        "date": "2012-06-30",
        "symbol": "ASC",
        "reportedCurrency": "USD",
        "cik": "0001577437",
        "fillingDate": "2012-06-30",
        "acceptedDate": "2012-06-29 20:00:00",
        "calendarYear": "2012",
        "period": "Q2",
        "revenue": 7034352,
        "costOfRevenue": 2509342,
        "grossProfit": 4525010,
        "grossProfitRatio": 0.6432731828,
        "researchAndDevelopmentExpenses": 0,
        "generalAndAdministrativeExpenses": 685270,
        "sellingAndMarketingExpenses": 0,
        "sellingGeneralAndAdministrativeExpenses": 685270,
        "otherExpenses": 0,
        "operatingExpenses": 4053555,
        "costAndExpenses": 6562897,
        "interestIncome": 838,
        "interestExpense": 963585,
        "depreciationAndAmortization": 1552632,
        "ebitda": 2024925,
        "ebitdaratio": 0.2878623361,
        "operatingIncome": 471455,
        "operatingIncomeRatio": 0.0670218095,
        "totalOtherIncomeExpensesNet": -962747,
        "incomeBeforeTax": -491292,
        "incomeBeforeTaxRatio": -0.0698418276,
        "incomeTaxExpense": 7769,
        "netIncome": -499061,
        "netIncomeRatio": -0.0709462648,
        "eps": -0.062,
        "epsdiluted": -0.062,
        "weightedAverageShsOut": 8050000,
        "weightedAverageShsOutDil": 8050000,
        "link": "",
        "finalLink": ""
    },
    {
        "date": "2012-03-31",
        "symbol": "ASC",
        "reportedCurrency": "USD",
        "cik": "0001577437",
        "fillingDate": "2012-03-31",
        "acceptedDate": "2012-03-30 20:00:00",
        "calendarYear": "2012",
        "period": "Q1",
        "revenue": 6778739,
        "costOfRevenue": 2623336,
        "grossProfit": 4155403,
        "grossProfitRatio": 0.6130053097,
        "researchAndDevelopmentExpenses": 0,
        "generalAndAdministrativeExpenses": 721205,
        "sellingAndMarketingExpenses": 0,
        "sellingGeneralAndAdministrativeExpenses": 721205,
        "otherExpenses": 0,
        "operatingExpenses": 4391751,
        "costAndExpenses": 7015087,
        "interestIncome": 828,
        "interestExpense": 996413,
        "depreciationAndAmortization": 1551056,
        "ebitda": 1315536,
        "ebitdaratio": 0.1940679528,
        "operatingIncome": -236348,
        "operatingIncomeRatio": -0.0348660717,
        "totalOtherIncomeExpensesNet": -995585,
        "incomeBeforeTax": -1231933,
        "incomeBeforeTaxRatio": -0.181734833,
        "incomeTaxExpense": 7772,
        "netIncome": -1239705,
        "netIncomeRatio": -0.1828813589,
        "eps": -0.15,
        "epsdiluted": -0.15,
        "weightedAverageShsOut": 8050000,
        "weightedAverageShsOutDil": 8050000,
        "link": "",
        "finalLink": ""
    }
]