[
    {
        "date": "2025-06-30",
        "symbol": "ASND",
        "reportedCurrency": "EUR",
        "cik": "0001612042",
        "fillingDate": "2025-08-07",
        "acceptedDate": "2025-08-07 16:16:37",
        "calendarYear": "2025",
        "period": "Q2",
        "revenue": 158045000,
        "costOfRevenue": 31447000,
        "grossProfit": 126598000,
        "grossProfitRatio": 0.8010250245,
        "researchAndDevelopmentExpenses": 71988000,
        "generalAndAdministrativeExpenses": 105710000,
        "sellingAndMarketingExpenses": 0,
        "sellingGeneralAndAdministrativeExpenses": 105710000,
        "otherExpenses": 1851000,
        "operatingExpenses": 179549000,
        "costAndExpenses": 210996000,
        "interestIncome": 55059000,
        "interestExpense": 33018000,
        "depreciationAndAmortization": 4308000,
        "ebitda": 2319000,
        "ebitdaratio": 0.0146730362,
        "operatingIncome": -52951000,
        "operatingIncomeRatio": -0.3350374893,
        "totalOtherIncomeExpensesNet": 17944000,
        "incomeBeforeTax": -35007000,
        "incomeBeforeTaxRatio": -0.2215002056,
        "incomeTaxExpense": 3848000,
        "netIncome": -38855000,
        "netIncomeRatio": -0.2458477016,
        "eps": -0.64,
        "epsdiluted": -0.82,
        "weightedAverageShsOut": 60454589,
        "weightedAverageShsOutDil": 63911374,
        "link": "https://www.sec.gov/Archives/edgar/data/1612042/000161204225000006/0001612042-25-000006-index.htm",
        "finalLink": "https://www.sec.gov/Archives/edgar/data/1612042/000161204225000006/asnd-20250630.htm"
    },
    {
        "date": "2025-03-31",
        "symbol": "ASND",
        "reportedCurrency": "EUR",
        "cik": "0001612042",
        "fillingDate": "2025-05-01",
        "acceptedDate": "2025-05-01 16:15:17",
        "calendarYear": "2025",
        "period": "Q1",
        "revenue": 100954000,
        "costOfRevenue": 17517000,
        "grossProfit": 83437000,
        "grossProfitRatio": 0.82648533,
        "researchAndDevelopmentExpenses": 86603000,
        "generalAndAdministrativeExpenses": 95648000,
        "sellingAndMarketingExpenses": 0,
        "sellingGeneralAndAdministrativeExpenses": 95648000,
        "otherExpenses": 5398000,
        "operatingExpenses": 187649000,
        "costAndExpenses": 205166000,
        "interestIncome": 28854000,
        "interestExpense": 44786000,
        "depreciationAndAmortization": 4545000,
        "ebitda": -44234000,
        "ebitdaratio": -0.438159954,
        "operatingIncome": -104212000,
        "operatingIncomeRatio": -1.0322721239,
        "totalOtherIncomeExpensesNet": 10647000,
        "incomeBeforeTax": -93565000,
        "incomeBeforeTaxRatio": -0.9268082493,
        "incomeTaxExpense": 1061000,
        "netIncome": -94626000,
        "netIncomeRatio": -0.9373179864,
        "eps": -1.58,
        "epsdiluted": -1.58,
        "weightedAverageShsOut": 60018550,
        "weightedAverageShsOutDil": 60018550,
        "link": "https://www.sec.gov/Archives/edgar/data/1612042/000095017025061850/0000950170-25-061850-index.htm",
        "finalLink": "https://www.sec.gov/Archives/edgar/data/1612042/000095017025061850/asnd-20250331.htm"
    },
    {
        "date": "2024-12-31",
        "symbol": "ASND",
        "reportedCurrency": "EUR",
        "cik": "0001612042",
        "fillingDate": "2025-02-12",
        "acceptedDate": "2025-02-12 16:15:38",
        "calendarYear": "2024",
        "period": "Q4",
        "revenue": 173916000,
        "costOfRevenue": 14023000,
        "grossProfit": 159893000,
        "grossProfitRatio": 0.9193691207,
        "researchAndDevelopmentExpenses": 79296000,
        "generalAndAdministrativeExpenses": 78781000,
        "sellingAndMarketingExpenses": 0,
        "sellingGeneralAndAdministrativeExpenses": 78781000,
        "otherExpenses": 1433000,
        "operatingExpenses": 159510000,
        "costAndExpenses": 173533000,
        "interestIncome": -66545000,
        "interestExpense": -56628000,
        "depreciationAndAmortization": 4475000,
        "ebitda": -37893000,
        "ebitdaratio": -0.217881046,
        "operatingIncome": 383000,
        "operatingIncomeRatio": 0.0022022126,
        "totalOtherIncomeExpensesNet": -37767000,
        "incomeBeforeTax": -37384000,
        "incomeBeforeTaxRatio": -0.2149543458,
        "incomeTaxExpense": 1085000,
        "netIncome": -38469000,
        "netIncomeRatio": -0.2211929897,
        "eps": -0.64,
        "epsdiluted": -0.64,
        "weightedAverageShsOut": 59785166,
        "weightedAverageShsOutDil": 59785166,
        "link": "https://www.sec.gov/Archives/edgar/data/1612042/000095017025018852/0000950170-25-018852-index.htm",
        "finalLink": "https://www.sec.gov/Archives/edgar/data/1612042/000095017025018852/asnd-20241231.htm"
    },
    {
        "date": "2024-09-30",
        "symbol": "ASND",
        "reportedCurrency": "EUR",
        "cik": "0001612042",
        "fillingDate": "2024-09-30",
        "acceptedDate": "2024-09-30 00:00:00",
        "calendarYear": "2024",
        "period": "Q3",
        "revenue": 57833000,
        "costOfRevenue": 11201000,
        "grossProfit": 46632000,
        "grossProfitRatio": 0.8063216503,
        "researchAndDevelopmentExpenses": 73544000,
        "generalAndAdministrativeExpenses": 68129000,
        "sellingAndMarketingExpenses": 0,
        "sellingGeneralAndAdministrativeExpenses": 68129000,
        "otherExpenses": 1702000,
        "operatingExpenses": 143375000,
        "costAndExpenses": 154576000,
        "interestIncome": 28279000,
        "interestExpense": 25347000,
        "depreciationAndAmortization": 1702000,
        "ebitda": -71129000,
        "ebitdaratio": -1.2299033424,
        "operatingIncome": -96743000,
        "operatingIncomeRatio": -1.6727992669,
        "totalOtherIncomeExpensesNet": -1435000,
        "incomeBeforeTax": -98178000,
        "incomeBeforeTaxRatio": -1.69761209,
        "incomeTaxExpense": 1020000,
        "netIncome": -99198000,
        "netIncomeRatio": -1.7152490792,
        "eps": -1.69,
        "epsdiluted": -1.69,
        "weightedAverageShsOut": 58565390,
        "weightedAverageShsOutDil": 58565390,
        "link": null,
        "finalLink": null
    },
    {
        "date": "2024-06-30",
        "symbol": "ASND",
        "reportedCurrency": "EUR",
        "cik": "0001612042",
        "fillingDate": "2024-06-30",
        "acceptedDate": "2024-06-29 20:00:00",
        "calendarYear": "2024",
        "period": "Q2",
        "revenue": 35998000,
        "costOfRevenue": 11465000,
        "grossProfit": 24533000,
        "grossProfitRatio": 0.6815100839,
        "researchAndDevelopmentExpenses": 83478000,
        "generalAndAdministrativeExpenses": 72295000,
        "sellingAndMarketingExpenses": 2017000,
        "sellingGeneralAndAdministrativeExpenses": 74312000,
        "otherExpenses": 0,
        "operatingExpenses": 157790000,
        "costAndExpenses": 169255000,
        "interestIncome": 49052000,
        "interestExpense": 19624000,
        "depreciationAndAmortization": 2017000,
        "ebitda": -87510000,
        "ebitdaratio": -2.4309683871,
        "operatingIncome": -133257000,
        "operatingIncomeRatio": -3.7017889883,
        "totalOtherIncomeExpensesNet": 24106000,
        "incomeBeforeTax": -109151000,
        "incomeBeforeTaxRatio": -3.0321406745,
        "incomeTaxExpense": 229000,
        "netIncome": -109380000,
        "netIncomeRatio": -3.038502139,
        "eps": -1.91,
        "epsdiluted": -1.91,
        "weightedAverageShsOut": 57345613,
        "weightedAverageShsOutDil": 57345613,
        "link": null,
        "finalLink": null
    },
    {
        "date": "2024-03-31",
        "symbol": "ASND",
        "reportedCurrency": "EUR",
        "cik": "0001612042",
        "fillingDate": "2024-05-02",
        "acceptedDate": "2024-05-02 16:22:05",
        "calendarYear": "2024",
        "period": "Q1",
        "revenue": 95894000,
        "costOfRevenue": 7569000,
        "grossProfit": 88325000,
        "grossProfitRatio": 0.9210690971,
        "researchAndDevelopmentExpenses": 70687000,
        "generalAndAdministrativeExpenses": 0,
        "sellingAndMarketingExpenses": 0,
        "sellingGeneralAndAdministrativeExpenses": 66783000,
        "otherExpenses": 0,
        "operatingExpenses": 137470000,
        "costAndExpenses": 145039000,
        "interestIncome": 3575000,
        "interestExpense": 77161000,
        "depreciationAndAmortization": 4503354,
        "ebitda": -46889000,
        "ebitdaratio": -0.4889669844,
        "operatingIncome": -49145000,
        "operatingIncomeRatio": -0.512492961,
        "totalOtherIncomeExpensesNet": -79382000,
        "incomeBeforeTax": -128527000,
        "incomeBeforeTaxRatio": -1.3403028344,
        "incomeTaxExpense": 2508000,
        "netIncome": -131035000,
        "netIncomeRatio": -1.3664567126,
        "eps": -2.3,
        "epsdiluted": -2.3,
        "weightedAverageShsOut": 56883257,
        "weightedAverageShsOutDil": 56883257,
        "link": "https://www.sec.gov/Archives/edgar/data/1612042/000119312524129390/0001193125-24-129390-index.htm",
        "finalLink": "https://www.sec.gov/Archives/edgar/data/1612042/000119312524129390/d820168dex991.htm"
    },
    {
        "date": "2023-12-31",
        "symbol": "ASND",
        "reportedCurrency": "EUR",
        "cik": "0001612042",
        "fillingDate": "2024-02-07",
        "acceptedDate": "2024-02-07 16:15:52",
        "calendarYear": "2023",
        "period": "Q4",
        "revenue": 137702000,
        "costOfRevenue": 19457000,
        "grossProfit": 118245000,
        "grossProfitRatio": 0.8587021249,
        "researchAndDevelopmentExpenses": 90881000,
        "generalAndAdministrativeExpenses": 0,
        "sellingAndMarketingExpenses": 0,
        "sellingGeneralAndAdministrativeExpenses": 63975000,
        "otherExpenses": 0,
        "operatingExpenses": 154856000,
        "costAndExpenses": 174313000,
        "interestIncome": 0,
        "interestExpense": 68553000,
        "depreciationAndAmortization": 4849297,
        "ebitda": -67686000,
        "ebitdaratio": -0.4915397017,
        "operatingIncome": -36611000,
        "operatingIncomeRatio": -0.2658712292,
        "totalOtherIncomeExpensesNet": -44477000,
        "incomeBeforeTax": -81088000,
        "incomeBeforeTaxRatio": -0.5888658117,
        "incomeTaxExpense": 5790000,
        "netIncome": -86878000,
        "netIncomeRatio": -0.6309131313,
        "eps": -1.53,
        "epsdiluted": -1.53,
        "weightedAverageShsOut": 56614385,
        "weightedAverageShsOutDil": 56614385,
        "link": "https://www.sec.gov/Archives/edgar/data/1612042/000095017024012212/0000950170-24-012212-index.htm",
        "finalLink": "https://www.sec.gov/Archives/edgar/data/1612042/000095017024012212/asnd-20231231.htm"
    },
    {
        "date": "2023-09-30",
        "symbol": "ASND",
        "reportedCurrency": "EUR",
        "cik": "0001612042",
        "fillingDate": "2023-09-30",
        "acceptedDate": "2023-09-29 20:00:00",
        "calendarYear": "2023",
        "period": "Q3",
        "revenue": 48034000,
        "costOfRevenue": 7388000,
        "grossProfit": 40646000,
        "grossProfitRatio": 0.8461922805,
        "researchAndDevelopmentExpenses": 111439000,
        "generalAndAdministrativeExpenses": 62513000,
        "sellingAndMarketingExpenses": 0,
        "sellingGeneralAndAdministrativeExpenses": 62513000,
        "otherExpenses": 1101000,
        "operatingExpenses": 175053000,
        "costAndExpenses": 182441000,
        "interestIncome": 4142000,
        "interestExpense": 24519000,
        "depreciationAndAmortization": 4880954,
        "ebitda": -132316000,
        "ebitdaratio": -2.7546321356,
        "operatingIncome": -134407000,
        "operatingIncomeRatio": -2.7981638006,
        "totalOtherIncomeExpensesNet": -27171000,
        "incomeBeforeTax": -161578000,
        "incomeBeforeTaxRatio": -3.3638256235,
        "incomeTaxExpense": 645000,
        "netIncome": -162223000,
        "netIncomeRatio": -3.377253612,
        "eps": -2.88,
        "epsdiluted": -2.88,
        "weightedAverageShsOut": 56272698,
        "weightedAverageShsOutDil": 56272698,
        "link": null,
        "finalLink": null
    },
    {
        "date": "2023-06-30",
        "symbol": "ASND",
        "reportedCurrency": "EUR",
        "cik": "0001612042",
        "fillingDate": "2023-06-30",
        "acceptedDate": "2023-06-30 00:00:00",
        "calendarYear": "2023",
        "period": "Q2",
        "revenue": 47393000,
        "costOfRevenue": 12929000,
        "grossProfit": 34464000,
        "grossProfitRatio": 0.7271959994,
        "researchAndDevelopmentExpenses": 105021000,
        "generalAndAdministrativeExpenses": 0,
        "sellingAndMarketingExpenses": 0,
        "sellingGeneralAndAdministrativeExpenses": 70281000,
        "otherExpenses": 0,
        "operatingExpenses": 175302000,
        "costAndExpenses": 188231000,
        "interestIncome": 35761000,
        "interestExpense": 9334000,
        "depreciationAndAmortization": 4634784,
        "ebitda": -107883000,
        "ebitdaratio": -2.2763488279,
        "operatingIncome": -140838000,
        "operatingIncomeRatio": -2.9717046821,
        "totalOtherIncomeExpensesNet": 18976000,
        "incomeBeforeTax": -121862000,
        "incomeBeforeTaxRatio": -2.5713079991,
        "incomeTaxExpense": -429000,
        "netIncome": -121433000,
        "netIncomeRatio": -2.5622560294,
        "eps": -2.16,
        "epsdiluted": -2.16,
        "weightedAverageShsOut": 56218257,
        "weightedAverageShsOutDil": 56218257,
        "link": null,
        "finalLink": null
    },
    {
        "date": "2023-03-31",
        "symbol": "ASND",
        "reportedCurrency": "EUR",
        "cik": "0001612042",
        "fillingDate": "2023-04-27",
        "acceptedDate": "2023-04-27 16:01:27",
        "calendarYear": "2023",
        "period": "Q1",
        "revenue": 33589000,
        "costOfRevenue": 4621000,
        "grossProfit": 28968000,
        "grossProfitRatio": 0.8624251987,
        "researchAndDevelopmentExpenses": 106114000,
        "generalAndAdministrativeExpenses": 0,
        "sellingAndMarketingExpenses": 0,
        "sellingGeneralAndAdministrativeExpenses": 66539000,
        "otherExpenses": 0,
        "operatingExpenses": 172653000,
        "costAndExpenses": 177274000,
        "interestIncome": 45135000,
        "interestExpense": 9840000,
        "depreciationAndAmortization": 4546000,
        "ebitda": -103283000,
        "ebitdaratio": -3.074905475,
        "operatingIncome": -143685000,
        "operatingIncomeRatio": -4.2777397362,
        "totalOtherIncomeExpensesNet": 34068000,
        "incomeBeforeTax": -109617000,
        "incomeBeforeTaxRatio": -3.2634791152,
        "incomeTaxExpense": 1297000,
        "netIncome": -110914000,
        "netIncomeRatio": -3.3020929471,
        "eps": -1.98,
        "epsdiluted": -1.98,
        "weightedAverageShsOut": 56091927,
        "weightedAverageShsOutDil": 56091927,
        "link": "https://www.sec.gov/Archives/edgar/data/1612042/000119312523122082/0001193125-23-122082-index.htm",
        "finalLink": "https://www.sec.gov/Archives/edgar/data/1612042/000119312523122082/d201196dex991.htm"
    },
    {
        "date": "2022-12-31",
        "symbol": "ASND",
        "reportedCurrency": "EUR",
        "cik": "0001612042",
        "fillingDate": "2023-02-16",
        "acceptedDate": "2023-02-16 16:31:10",
        "calendarYear": "2022",
        "period": "Q4",
        "revenue": 22896000,
        "costOfRevenue": 5112000,
        "grossProfit": 17784000,
        "grossProfitRatio": 0.7767295597,
        "researchAndDevelopmentExpenses": 108618000,
        "generalAndAdministrativeExpenses": 0,
        "sellingAndMarketingExpenses": 0,
        "sellingGeneralAndAdministrativeExpenses": 56552000,
        "otherExpenses": 0,
        "operatingExpenses": 165170000,
        "costAndExpenses": 170282000,
        "interestIncome": 0,
        "interestExpense": 71672000,
        "depreciationAndAmortization": 1443500,
        "ebitda": -145942500,
        "ebitdaratio": -6.3741483229,
        "operatingIncome": -147386000,
        "operatingIncomeRatio": -6.4371942697,
        "totalOtherIncomeExpensesNet": -54683000,
        "incomeBeforeTax": -202069000,
        "incomeBeforeTaxRatio": -8.8255153739,
        "incomeTaxExpense": 5349000,
        "netIncome": -207418000,
        "netIncomeRatio": -9.0591369672,
        "eps": -3.7,
        "epsdiluted": -3.7,
        "weightedAverageShsOut": 55992274,
        "weightedAverageShsOutDil": 55992274,
        "link": "https://www.sec.gov/Archives/edgar/data/1612042/000095017023003068/0000950170-23-003068-index.htm",
        "finalLink": "https://www.sec.gov/Archives/edgar/data/1612042/000095017023003068/asnd-20221231.htm"
    },
    {
        "date": "2022-09-30",
        "symbol": "ASND",
        "reportedCurrency": "EUR",
        "cik": "0001612042",
        "fillingDate": "2022-09-30",
        "acceptedDate": "2022-09-30 00:00:00",
        "calendarYear": "2022",
        "period": "Q3",
        "revenue": 15290000,
        "costOfRevenue": 1693000,
        "grossProfit": 13597000,
        "grossProfitRatio": 0.8892740353,
        "researchAndDevelopmentExpenses": 97431000,
        "generalAndAdministrativeExpenses": 0,
        "sellingAndMarketingExpenses": 0,
        "sellingGeneralAndAdministrativeExpenses": 60671000,
        "otherExpenses": 0,
        "operatingExpenses": 158102000,
        "costAndExpenses": 159795000,
        "interestIncome": 20326000,
        "interestExpense": 41247000,
        "depreciationAndAmortization": 4637971,
        "ebitda": -139990000,
        "ebitdaratio": -9.1556572923,
        "operatingIncome": -144505000,
        "operatingIncomeRatio": -9.4509483322,
        "totalOtherIncomeExpensesNet": -24617000,
        "incomeBeforeTax": -169122000,
        "incomeBeforeTaxRatio": -11.0609548725,
        "incomeTaxExpense": -167000,
        "netIncome": -168955000,
        "netIncomeRatio": -11.0500327011,
        "eps": -3.03,
        "epsdiluted": -3.03,
        "weightedAverageShsOut": 55831561,
        "weightedAverageShsOutDil": 55831561,
        "link": null,
        "finalLink": null
    },
    {
        "date": "2022-06-30",
        "symbol": "ASND",
        "reportedCurrency": "EUR",
        "cik": "0001612042",
        "fillingDate": "2022-06-30",
        "acceptedDate": "2022-06-30 00:00:00",
        "calendarYear": "2022",
        "period": "Q2",
        "revenue": 6160000,
        "costOfRevenue": 1086000,
        "grossProfit": 5074000,
        "grossProfitRatio": 0.8237012987,
        "researchAndDevelopmentExpenses": 90383000,
        "generalAndAdministrativeExpenses": 0,
        "sellingAndMarketingExpenses": 0,
        "sellingGeneralAndAdministrativeExpenses": 56584000,
        "otherExpenses": 0,
        "operatingExpenses": 146967000,
        "costAndExpenses": 148053000,
        "interestIncome": 71127000,
        "interestExpense": 9434000,
        "depreciationAndAmortization": 4459109,
        "ebitda": -137502000,
        "ebitdaratio": -22.3217532468,
        "operatingIncome": -141893000,
        "operatingIncomeRatio": -23.0345779221,
        "totalOtherIncomeExpensesNet": 60527000,
        "incomeBeforeTax": -81366000,
        "incomeBeforeTaxRatio": -13.2087662338,
        "incomeTaxExpense": -47000,
        "netIncome": -81319000,
        "netIncomeRatio": -13.2011363636,
        "eps": -1.46,
        "epsdiluted": -1.46,
        "weightedAverageShsOut": 55805486,
        "weightedAverageShsOutDil": 55805486,
        "link": null,
        "finalLink": null
    },
    {
        "date": "2022-03-31",
        "symbol": "ASND",
        "reportedCurrency": "EUR",
        "cik": "0001612042",
        "fillingDate": "2022-05-11",
        "acceptedDate": "2022-05-11 16:06:19",
        "calendarYear": "2022",
        "period": "Q1",
        "revenue": 6828000,
        "costOfRevenue": 4246000,
        "grossProfit": 2582000,
        "grossProfitRatio": 0.3781487991,
        "researchAndDevelopmentExpenses": 83193000,
        "generalAndAdministrativeExpenses": 0,
        "sellingAndMarketingExpenses": 0,
        "sellingGeneralAndAdministrativeExpenses": 47418000,
        "otherExpenses": 0,
        "operatingExpenses": 130611000,
        "costAndExpenses": 134857000,
        "interestIncome": 13044000,
        "interestExpense": 5399000,
        "depreciationAndAmortization": 4475977,
        "ebitda": -115443000,
        "ebitdaratio": -16.9072934974,
        "operatingIncome": -128029000,
        "operatingIncomeRatio": -18.7505858231,
        "totalOtherIncomeExpensesNet": 2772000,
        "incomeBeforeTax": -125257000,
        "incomeBeforeTaxRatio": -18.3446104277,
        "incomeTaxExpense": 241000,
        "netIncome": -125498000,
        "netIncomeRatio": -18.3799062683,
        "eps": -2.21,
        "epsdiluted": -2.21,
        "weightedAverageShsOut": 56720063,
        "weightedAverageShsOutDil": 56720063,
        "link": "https://www.sec.gov/Archives/edgar/data/1612042/000119312522147494/0001193125-22-147494-index.htm",
        "finalLink": "https://www.sec.gov/Archives/edgar/data/1612042/000119312522147494/d270314dex991.htm"
    },
    {
        "date": "2021-12-31",
        "symbol": "ASND",
        "reportedCurrency": "EUR",
        "cik": "0001612042",
        "fillingDate": "2022-03-02",
        "acceptedDate": "2022-03-02 16:20:10",
        "calendarYear": "2021",
        "period": "Q4",
        "revenue": 4897000,
        "costOfRevenue": 3523000,
        "grossProfit": 1374000,
        "grossProfitRatio": 0.2805799469,
        "researchAndDevelopmentExpenses": 65651000,
        "generalAndAdministrativeExpenses": 0,
        "sellingAndMarketingExpenses": 0,
        "sellingGeneralAndAdministrativeExpenses": 48304000,
        "otherExpenses": 0,
        "operatingExpenses": 113955000,
        "costAndExpenses": 117478000,
        "interestIncome": 0,
        "interestExpense": 45228000,
        "depreciationAndAmortization": 4297973,
        "ebitda": -100571000,
        "ebitdaratio": -20.5372677149,
        "operatingIncome": -112581000,
        "operatingIncomeRatio": -22.9897896671,
        "totalOtherIncomeExpensesNet": 6405000,
        "incomeBeforeTax": -106176000,
        "incomeBeforeTaxRatio": -21.6818460282,
        "incomeTaxExpense": -114000,
        "netIncome": -106062000,
        "netIncomeRatio": -21.6585664693,
        "eps": -1.97,
        "epsdiluted": -1.97,
        "weightedAverageShsOut": 53848166,
        "weightedAverageShsOutDil": 53848166,
        "link": "https://www.sec.gov/Archives/edgar/data/1612042/000119312522062998/0001193125-22-062998-index.htm",
        "finalLink": "https://www.sec.gov/Archives/edgar/data/1612042/000119312522062998/d232088d20f.htm"
    },
    {
        "date": "2021-09-30",
        "symbol": "ASND",
        "reportedCurrency": "EUR",
        "cik": "0001612042",
        "fillingDate": "2021-11-10",
        "acceptedDate": "2021-11-10 16:15:16",
        "calendarYear": "2021",
        "period": "Q3",
        "revenue": 1113000,
        "costOfRevenue": 0,
        "grossProfit": 1113000,
        "grossProfitRatio": 1,
        "researchAndDevelopmentExpenses": 58761000,
        "generalAndAdministrativeExpenses": 0,
        "sellingAndMarketingExpenses": 0,
        "sellingGeneralAndAdministrativeExpenses": 39284000,
        "otherExpenses": 0,
        "operatingExpenses": 98045000,
        "costAndExpenses": 98045000,
        "interestIncome": 21321000,
        "interestExpense": 877000,
        "depreciationAndAmortization": 3850802,
        "ebitda": -75683000,
        "ebitdaratio": -67.9991015274,
        "operatingIncome": -96932000,
        "operatingIncomeRatio": -87.0907457323,
        "totalOtherIncomeExpensesNet": 16589000,
        "incomeBeforeTax": -80343000,
        "incomeBeforeTaxRatio": -72.1859838275,
        "incomeTaxExpense": 5000,
        "netIncome": -80348000,
        "netIncomeRatio": -72.1904761905,
        "eps": -1.47,
        "epsdiluted": -1.47,
        "weightedAverageShsOut": 54639597,
        "weightedAverageShsOutDil": 54639597,
        "link": "https://www.sec.gov/Archives/edgar/data/1612042/000119312521326004/0001193125-21-326004-index.htm",
        "finalLink": "https://www.sec.gov/Archives/edgar/data/1612042/000119312521326004/d240991dex991.htm"
    },
    {
        "date": "2021-06-30",
        "symbol": "ASND",
        "reportedCurrency": "EUR",
        "cik": "0001612042",
        "fillingDate": "2021-08-27",
        "acceptedDate": "2021-08-26 21:39:05",
        "calendarYear": "2021",
        "period": "Q2",
        "revenue": 1022000,
        "costOfRevenue": 0,
        "grossProfit": 1022000,
        "grossProfitRatio": 1,
        "researchAndDevelopmentExpenses": 83306000,
        "generalAndAdministrativeExpenses": 0,
        "sellingAndMarketingExpenses": 0,
        "sellingGeneralAndAdministrativeExpenses": 35345000,
        "otherExpenses": 0,
        "operatingExpenses": 118651000,
        "costAndExpenses": 118651000,
        "interestIncome": 145000,
        "interestExpense": 12141000,
        "depreciationAndAmortization": 3680216,
        "ebitda": -118681000,
        "ebitdaratio": -116.126223092,
        "operatingIncome": -117629000,
        "operatingIncomeRatio": -115.0968688845,
        "totalOtherIncomeExpensesNet": -16813000,
        "incomeBeforeTax": -134442000,
        "incomeBeforeTaxRatio": -131.5479452055,
        "incomeTaxExpense": -68000,
        "netIncome": -134374000,
        "netIncomeRatio": -131.481409002,
        "eps": -2.5,
        "epsdiluted": -2.5,
        "weightedAverageShsOut": 53848166,
        "weightedAverageShsOutDil": 53848166,
        "link": "https://www.sec.gov/Archives/edgar/data/1612042/000119312521257913/0001193125-21-257913-index.htm",
        "finalLink": "https://www.sec.gov/Archives/edgar/data/1612042/000119312521257913/d206395dex991.htm"
    },
    {
        "date": "2021-03-31",
        "symbol": "ASND",
        "reportedCurrency": "EUR",
        "cik": "0001612042",
        "fillingDate": "2021-03-31",
        "acceptedDate": "2021-03-31 00:00:00",
        "calendarYear": "2021",
        "period": "Q1",
        "revenue": 746000,
        "costOfRevenue": 0,
        "grossProfit": 746000,
        "grossProfitRatio": 1,
        "researchAndDevelopmentExpenses": 88149000,
        "generalAndAdministrativeExpenses": 0,
        "sellingAndMarketingExpenses": 0,
        "sellingGeneralAndAdministrativeExpenses": 37247000,
        "otherExpenses": 5.960464477539062e-07,
        "operatingExpenses": 125396000,
        "costAndExpenses": 125396000,
        "interestIncome": 34430000,
        "interestExpense": 869000,
        "depreciationAndAmortization": 3806229,
        "ebitda": -58400000,
        "ebitdaratio": -78.2841823056,
        "operatingIncome": -124650000,
        "operatingIncomeRatio": -167.091152815,
        "totalOtherIncomeExpensesNet": 61667000,
        "incomeBeforeTax": -62983000,
        "incomeBeforeTaxRatio": -84.427613941,
        "incomeTaxExpense": -191000,
        "netIncome": -62792000,
        "netIncomeRatio": -84.1715817694,
        "eps": -1.17,
        "epsdiluted": -1.17,
        "weightedAverageShsOut": 53759952,
        "weightedAverageShsOutDil": 53759952,
        "link": null,
        "finalLink": null
    },
    {
        "date": "2020-12-31",
        "symbol": "ASND",
        "reportedCurrency": "EUR",
        "cik": "0001612042",
        "fillingDate": "2020-12-31",
        "acceptedDate": "2020-12-31 00:00:00",
        "calendarYear": "2020",
        "period": "Q4",
        "revenue": 535000,
        "costOfRevenue": 185152000,
        "grossProfit": -184617000,
        "grossProfitRatio": -345.0785046729,
        "researchAndDevelopmentExpenses": 75752000,
        "generalAndAdministrativeExpenses": 0,
        "sellingAndMarketingExpenses": 0,
        "sellingGeneralAndAdministrativeExpenses": 20426000,
        "otherExpenses": -185152000,
        "operatingExpenses": -88974000,
        "costAndExpenses": 96178000,
        "interestIncome": 131375,
        "interestExpense": 39365104,
        "depreciationAndAmortization": 2986000,
        "ebitda": -174469000,
        "ebitdaratio": -326.1102803738,
        "operatingIncome": -95643000,
        "operatingIncomeRatio": -178.7719626168,
        "totalOtherIncomeExpensesNet": -43339000,
        "incomeBeforeTax": -138982000,
        "incomeBeforeTaxRatio": -259.7794392523,
        "incomeTaxExpense": -17000,
        "netIncome": -138965000,
        "netIncomeRatio": -259.7476635514,
        "eps": -2.6,
        "epsdiluted": -2.58,
        "weightedAverageShsOut": 53523699,
        "weightedAverageShsOutDil": 53759952,
        "link": null,
        "finalLink": null
    },
    {
        "date": "2020-09-30",
        "symbol": "ASND",
        "reportedCurrency": "EUR",
        "cik": "0001612042",
        "fillingDate": "2020-11-12",
        "acceptedDate": "2020-11-12 06:11:09",
        "calendarYear": "2020",
        "period": "Q3",
        "revenue": 2757000,
        "costOfRevenue": 64059000,
        "grossProfit": -61302000,
        "grossProfitRatio": -22.2350380849,
        "researchAndDevelopmentExpenses": 64059000,
        "generalAndAdministrativeExpenses": 0,
        "sellingAndMarketingExpenses": 0,
        "sellingGeneralAndAdministrativeExpenses": 17523000,
        "otherExpenses": -64059000,
        "operatingExpenses": 17523000,
        "costAndExpenses": 81582000,
        "interestIncome": 136000,
        "interestExpense": 39970000,
        "depreciationAndAmortization": 2270000,
        "ebitda": -79520000,
        "ebitdaratio": -28.8429452303,
        "operatingIncome": -78825000,
        "operatingIncomeRatio": -28.59085963,
        "totalOtherIncomeExpensesNet": -42935000,
        "incomeBeforeTax": -121760000,
        "incomeBeforeTaxRatio": -44.1639463185,
        "incomeTaxExpense": -19000,
        "netIncome": -121741000,
        "netIncomeRatio": -44.1570547697,
        "eps": -2.31,
        "epsdiluted": -2.31,
        "weightedAverageShsOut": 52715204,
        "weightedAverageShsOutDil": 52715204,
        "link": "https://www.sec.gov/Archives/edgar/data/1612042/000119312520290930/0001193125-20-290930-index.htm",
        "finalLink": "https://www.sec.gov/Archives/edgar/data/1612042/000119312520290930/d55667dex991.htm"
    },
    {
        "date": "2020-06-30",
        "symbol": "ASND",
        "reportedCurrency": "EUR",
        "cik": "0001612042",
        "fillingDate": "2020-06-30",
        "acceptedDate": "2020-06-30 00:00:00",
        "calendarYear": "2020",
        "period": "Q2",
        "revenue": 1436000,
        "costOfRevenue": 63578000,
        "grossProfit": -62142000,
        "grossProfitRatio": -43.2743732591,
        "researchAndDevelopmentExpenses": 63578000,
        "generalAndAdministrativeExpenses": 20805000,
        "sellingAndMarketingExpenses": 0,
        "sellingGeneralAndAdministrativeExpenses": 20805000,
        "otherExpenses": -63578000,
        "operatingExpenses": 20805000,
        "costAndExpenses": 84383000,
        "interestIncome": 86000,
        "interestExpense": 10292000,
        "depreciationAndAmortization": 2199000,
        "ebitda": -82547000,
        "ebitdaratio": -57.4839832869,
        "operatingIncome": -82947000,
        "operatingIncomeRatio": -57.7625348189,
        "totalOtherIncomeExpensesNet": -12091000,
        "incomeBeforeTax": -95038000,
        "incomeBeforeTaxRatio": -66.1824512535,
        "incomeTaxExpense": -106000,
        "netIncome": -94932000,
        "netIncomeRatio": -66.1086350975,
        "eps": -1.97,
        "epsdiluted": -1.97,
        "weightedAverageShsOut": 48207661,
        "weightedAverageShsOutDil": 48207661,
        "link": null,
        "finalLink": null
    },
    {
        "date": "2020-03-31",
        "symbol": "ASND",
        "reportedCurrency": "EUR",
        "cik": "0001612042",
        "fillingDate": "2020-05-19",
        "acceptedDate": "2020-05-19 16:21:28",
        "calendarYear": "2020",
        "period": "Q1",
        "revenue": 2225000,
        "costOfRevenue": 57515000,
        "grossProfit": -55290000,
        "grossProfitRatio": -24.8494382022,
        "researchAndDevelopmentExpenses": 57515000,
        "generalAndAdministrativeExpenses": 17915000,
        "sellingAndMarketingExpenses": 0,
        "sellingGeneralAndAdministrativeExpenses": 17915000,
        "otherExpenses": -57515000,
        "operatingExpenses": 17915000,
        "costAndExpenses": 75430000,
        "interestIncome": 11773000,
        "interestExpense": 447000,
        "depreciationAndAmortization": 1993000,
        "ebitda": -60954000,
        "ebitdaratio": -27.3950561798,
        "operatingIncome": -73205000,
        "operatingIncomeRatio": -32.9011235955,
        "totalOtherIncomeExpensesNet": 9811000,
        "incomeBeforeTax": -63394000,
        "incomeBeforeTaxRatio": -28.4916853933,
        "incomeTaxExpense": -77000,
        "netIncome": -63317000,
        "netIncomeRatio": -28.4570786517,
        "eps": -1.32,
        "epsdiluted": -1.32,
        "weightedAverageShsOut": 47985837,
        "weightedAverageShsOutDil": 47985837,
        "link": "https://www.sec.gov/Archives/edgar/data/1612042/000119312520146167/0001193125-20-146167-index.htm",
        "finalLink": "https://www.sec.gov/Archives/edgar/data/1612042/000119312520146167/d931679dex991.htm"
    },
    {
        "date": "2019-12-31",
        "symbol": "ASND",
        "reportedCurrency": "EUR",
        "cik": "0001612042",
        "fillingDate": "2019-12-31",
        "acceptedDate": "2019-12-31 00:00:00",
        "calendarYear": "2019",
        "period": "Q4",
        "revenue": 2507000,
        "costOfRevenue": 0,
        "grossProfit": 2507000,
        "grossProfitRatio": 1,
        "researchAndDevelopmentExpenses": 50278000,
        "generalAndAdministrativeExpenses": 17077000,
        "sellingAndMarketingExpenses": 0,
        "sellingGeneralAndAdministrativeExpenses": 17077000,
        "otherExpenses": 0,
        "operatingExpenses": 67355000,
        "costAndExpenses": 67355000,
        "interestIncome": 0,
        "interestExpense": 20638000,
        "depreciationAndAmortization": 1973000,
        "ebitda": -64412000,
        "ebitdaratio": -25.692859992,
        "operatingIncome": -64848000,
        "operatingIncomeRatio": -25.8667730355,
        "totalOtherIncomeExpensesNet": -15552000,
        "incomeBeforeTax": -80400000,
        "incomeBeforeTaxRatio": -32.0702034304,
        "incomeTaxExpense": -38000,
        "netIncome": -80362000,
        "netIncomeRatio": -32.0550458716,
        "eps": -1.68,
        "epsdiluted": -1.67,
        "weightedAverageShsOut": 47827969,
        "weightedAverageShsOutDil": 47985837,
        "link": null,
        "finalLink": null
    },
    {
        "date": "2019-09-30",
        "symbol": "ASND",
        "reportedCurrency": "EUR",
        "cik": "0001612042",
        "fillingDate": "2019-11-18",
        "acceptedDate": "2019-11-18 16:32:31",
        "calendarYear": "2019",
        "period": "Q3",
        "revenue": 2243000,
        "costOfRevenue": 0,
        "grossProfit": 2243000,
        "grossProfitRatio": 1,
        "researchAndDevelopmentExpenses": 46258000,
        "generalAndAdministrativeExpenses": 10000000,
        "sellingAndMarketingExpenses": 0,
        "sellingGeneralAndAdministrativeExpenses": 10000000,
        "otherExpenses": 0,
        "operatingExpenses": 56258000,
        "costAndExpenses": 56258000,
        "interestIncome": 30547000,
        "interestExpense": 368000,
        "depreciationAndAmortization": 1916000,
        "ebitda": -22890000,
        "ebitdaratio": -10.2050824788,
        "operatingIncome": -54015000,
        "operatingIncomeRatio": -24.0815871601,
        "totalOtherIncomeExpensesNet": 28841000,
        "incomeBeforeTax": -25174000,
        "incomeBeforeTaxRatio": -11.2233615693,
        "incomeTaxExpense": -61000,
        "netIncome": -25113000,
        "netIncomeRatio": -11.1961658493,
        "eps": -0.53,
        "epsdiluted": -0.53,
        "weightedAverageShsOut": 47590837,
        "weightedAverageShsOutDil": 47590837,
        "link": "https://www.sec.gov/Archives/edgar/data/1612042/000119312519294735/0001193125-19-294735-index.htm",
        "finalLink": "https://www.sec.gov/Archives/edgar/data/1612042/000119312519294735/d834167dex991.htm"
    },
    {
        "date": "2019-06-30",
        "symbol": "ASND",
        "reportedCurrency": "EUR",
        "cik": "0001612042",
        "fillingDate": "2019-06-30",
        "acceptedDate": "2019-06-30 00:00:00",
        "calendarYear": "2019",
        "period": "Q2",
        "revenue": 3211000,
        "costOfRevenue": 43826000,
        "grossProfit": -40615000,
        "grossProfitRatio": -12.6487075677,
        "researchAndDevelopmentExpenses": 43826000,
        "generalAndAdministrativeExpenses": 10960000,
        "sellingAndMarketingExpenses": 0,
        "sellingGeneralAndAdministrativeExpenses": 10960000,
        "otherExpenses": 0,
        "operatingExpenses": 54786000,
        "costAndExpenses": 54786000,
        "interestIncome": 3362000,
        "interestExpense": 8494000,
        "depreciationAndAmortization": 1504000,
        "ebitda": -48971000,
        "ebitdaratio": -15.2510121457,
        "operatingIncome": -51575000,
        "operatingIncomeRatio": -16.0619744628,
        "totalOtherIncomeExpensesNet": -7394000,
        "incomeBeforeTax": -58969000,
        "incomeBeforeTaxRatio": -18.3646838991,
        "incomeTaxExpense": -65000,
        "netIncome": -58904000,
        "netIncomeRatio": -18.3444409841,
        "eps": -1.25,
        "epsdiluted": -1.25,
        "weightedAverageShsOut": 47190717,
        "weightedAverageShsOutDil": 47190717,
        "link": null,
        "finalLink": null
    },
    {
        "date": "2019-03-31",
        "symbol": "ASND",
        "reportedCurrency": "EUR",
        "cik": "0001612042",
        "fillingDate": "2019-05-30",
        "acceptedDate": "2019-05-30 16:28:23",
        "calendarYear": "2019",
        "period": "Q1",
        "revenue": 5414000,
        "costOfRevenue": 0,
        "grossProfit": 5414000,
        "grossProfitRatio": 1,
        "researchAndDevelopmentExpenses": 51259000,
        "generalAndAdministrativeExpenses": 10436000,
        "sellingAndMarketingExpenses": 0,
        "sellingGeneralAndAdministrativeExpenses": 10436000,
        "otherExpenses": 0,
        "operatingExpenses": 61695000,
        "costAndExpenses": 61695000,
        "interestIncome": 4620000,
        "interestExpense": 194000,
        "depreciationAndAmortization": 1296000,
        "ebitda": -52217000,
        "ebitdaratio": -9.6448097525,
        "operatingIncome": -56281000,
        "operatingIncomeRatio": -10.3954562246,
        "totalOtherIncomeExpensesNet": 2574000,
        "incomeBeforeTax": -53707000,
        "incomeBeforeTaxRatio": -9.9200221648,
        "incomeTaxExpense": -70000,
        "netIncome": -53637000,
        "netIncomeRatio": -9.9070927226,
        "eps": -1.24,
        "epsdiluted": -1.24,
        "weightedAverageShsOut": 43371559,
        "weightedAverageShsOutDil": 43371559,
        "link": "https://www.sec.gov/Archives/edgar/data/1612042/000119312519161327/0001193125-19-161327-index.htm",
        "finalLink": "https://www.sec.gov/Archives/edgar/data/1612042/000119312519161327/d753121dex991.htm"
    },
    {
        "date": "2018-12-31",
        "symbol": "ASND",
        "reportedCurrency": "EUR",
        "cik": "0001612042",
        "fillingDate": "2018-12-31",
        "acceptedDate": "2018-12-31 00:00:00",
        "calendarYear": "2018",
        "period": "Q4",
        "revenue": 10515000,
        "costOfRevenue": 0,
        "grossProfit": 10515000,
        "grossProfitRatio": 1,
        "researchAndDevelopmentExpenses": 37995000,
        "generalAndAdministrativeExpenses": 8373000,
        "sellingAndMarketingExpenses": 0,
        "sellingGeneralAndAdministrativeExpenses": 8373000,
        "otherExpenses": 0,
        "operatingExpenses": 46368000,
        "costAndExpenses": 46368000,
        "interestIncome": 0,
        "interestExpense": 16586000,
        "depreciationAndAmortization": 249000,
        "ebitda": -35604000,
        "ebitdaratio": -3.3860199715,
        "operatingIncome": -35853000,
        "operatingIncomeRatio": -3.409700428,
        "totalOtherIncomeExpensesNet": 3787000,
        "incomeBeforeTax": -32066000,
        "incomeBeforeTaxRatio": -3.0495482644,
        "incomeTaxExpense": -88000,
        "netIncome": -31978000,
        "netIncomeRatio": -3.0411792677,
        "eps": -0.76,
        "epsdiluted": -0.74,
        "weightedAverageShsOut": 42067890,
        "weightedAverageShsOutDil": 43371559,
        "link": null,
        "finalLink": null
    },
    {
        "date": "2018-09-30",
        "symbol": "ASND",
        "reportedCurrency": "EUR",
        "cik": "0001612042",
        "fillingDate": "2018-11-28",
        "acceptedDate": "2018-11-28 16:08:33",
        "calendarYear": "2018",
        "period": "Q3",
        "revenue": 20000,
        "costOfRevenue": 0,
        "grossProfit": 20000,
        "grossProfitRatio": 1,
        "researchAndDevelopmentExpenses": 31511000,
        "generalAndAdministrativeExpenses": 6796000,
        "sellingAndMarketingExpenses": 0,
        "sellingGeneralAndAdministrativeExpenses": 6796000,
        "otherExpenses": 0,
        "operatingExpenses": 38307000,
        "costAndExpenses": 38307000,
        "interestIncome": 4262000,
        "interestExpense": 42000,
        "depreciationAndAmortization": 234000,
        "ebitda": -33791000,
        "ebitdaratio": -1689.55,
        "operatingIncome": -38287000,
        "operatingIncomeRatio": -1914.35,
        "totalOtherIncomeExpensesNet": 4220000,
        "incomeBeforeTax": -34067000,
        "incomeBeforeTaxRatio": -1703.35,
        "incomeTaxExpense": -100000,
        "netIncome": -33967000,
        "netIncomeRatio": -1698.35,
        "eps": -0.81,
        "epsdiluted": -0.81,
        "weightedAverageShsOut": 41888908,
        "weightedAverageShsOutDil": 41888908,
        "link": "https://www.sec.gov/Archives/edgar/data/1612042/000119312518336571/0001193125-18-336571-index.htm",
        "finalLink": "https://www.sec.gov/Archives/edgar/data/1612042/000119312518336571/d602356dex991.htm"
    },
    {
        "date": "2018-06-30",
        "symbol": "ASND",
        "reportedCurrency": "EUR",
        "cik": "0001612042",
        "fillingDate": "2018-06-30",
        "acceptedDate": "2018-06-30 00:00:00",
        "calendarYear": "2018",
        "period": "Q2",
        "revenue": 18000,
        "costOfRevenue": 0,
        "grossProfit": 18000,
        "grossProfitRatio": 1,
        "researchAndDevelopmentExpenses": 40235000,
        "generalAndAdministrativeExpenses": 5226000,
        "sellingAndMarketingExpenses": 0,
        "sellingGeneralAndAdministrativeExpenses": 5226000,
        "otherExpenses": 0,
        "operatingExpenses": 45461000,
        "costAndExpenses": 45461000,
        "interestIncome": 22573000,
        "interestExpense": 6000,
        "depreciationAndAmortization": 199000,
        "ebitda": -22671000,
        "ebitdaratio": -1259.5,
        "operatingIncome": -45443000,
        "operatingIncomeRatio": -2524.6111111111,
        "totalOtherIncomeExpensesNet": 22567000,
        "incomeBeforeTax": -22876000,
        "incomeBeforeTaxRatio": -1270.8888888889,
        "incomeTaxExpense": -99000,
        "netIncome": -22777000,
        "netIncomeRatio": -1265.3888888889,
        "eps": -0.55,
        "epsdiluted": -0.55,
        "weightedAverageShsOut": 41650907,
        "weightedAverageShsOutDil": 41650907,
        "link": null,
        "finalLink": null
    },
    {
        "date": "2018-03-31",
        "symbol": "ASND",
        "reportedCurrency": "EUR",
        "cik": "0001612042",
        "fillingDate": "2018-05-30",
        "acceptedDate": "2018-05-30 16:05:27",
        "calendarYear": "2018",
        "period": "Q1",
        "revenue": 28000,
        "costOfRevenue": 0,
        "grossProfit": 28000,
        "grossProfitRatio": 1,
        "researchAndDevelopmentExpenses": 30540000,
        "generalAndAdministrativeExpenses": 4662000,
        "sellingAndMarketingExpenses": 0,
        "sellingGeneralAndAdministrativeExpenses": 4662000,
        "otherExpenses": 0,
        "operatingExpenses": 35202000,
        "costAndExpenses": 35202000,
        "interestIncome": 702000,
        "interestExpense": 7010000,
        "depreciationAndAmortization": 198000,
        "ebitda": -34274000,
        "ebitdaratio": -1224.0714285714,
        "operatingIncome": -35174000,
        "operatingIncomeRatio": -1256.2142857143,
        "totalOtherIncomeExpensesNet": -6308000,
        "incomeBeforeTax": -41482000,
        "incomeBeforeTaxRatio": -1481.5,
        "incomeTaxExpense": -107000,
        "netIncome": -41375000,
        "netIncomeRatio": -1477.6785714286,
        "eps": -1.07,
        "epsdiluted": -1.07,
        "weightedAverageShsOut": 38699204,
        "weightedAverageShsOutDil": 38699204,
        "link": "https://www.sec.gov/Archives/edgar/data/1612042/000119312518178428/0001193125-18-178428-index.htm",
        "finalLink": "https://www.sec.gov/Archives/edgar/data/1612042/000119312518178428/d554526dex991.htm"
    },
    {
        "date": "2017-12-31",
        "symbol": "ASND",
        "reportedCurrency": "EUR",
        "cik": "0001612042",
        "fillingDate": "2017-12-31",
        "acceptedDate": "2017-12-31 00:00:00",
        "calendarYear": "2017",
        "period": "Q4",
        "revenue": 280000,
        "costOfRevenue": 0,
        "grossProfit": 280000,
        "grossProfitRatio": 1,
        "researchAndDevelopmentExpenses": 28034000,
        "generalAndAdministrativeExpenses": 4086000,
        "sellingAndMarketingExpenses": 0,
        "sellingGeneralAndAdministrativeExpenses": 4086000,
        "otherExpenses": 0,
        "operatingExpenses": 32120000,
        "costAndExpenses": 32120000,
        "interestIncome": 11138000,
        "interestExpense": 0,
        "depreciationAndAmortization": 197000,
        "ebitda": -31643000,
        "ebitdaratio": -113.0107142857,
        "operatingIncome": -31840000,
        "operatingIncomeRatio": -113.7142857143,
        "totalOtherIncomeExpensesNet": -2521000,
        "incomeBeforeTax": -34361000,
        "incomeBeforeTaxRatio": -122.7178571429,
        "incomeTaxExpense": -186000,
        "netIncome": -34175000,
        "netIncomeRatio": -122.0535714286,
        "eps": -0.92,
        "epsdiluted": -0.88,
        "weightedAverageShsOut": 36964297,
        "weightedAverageShsOutDil": 38699204,
        "link": null,
        "finalLink": null
    },
    {
        "date": "2017-09-30",
        "symbol": "ASND",
        "reportedCurrency": "EUR",
        "cik": "0001612042",
        "fillingDate": "2017-11-16",
        "acceptedDate": "2017-11-16 16:09:01",
        "calendarYear": "2017",
        "period": "Q3",
        "revenue": 434000,
        "costOfRevenue": 0,
        "grossProfit": 434000,
        "grossProfitRatio": 1,
        "researchAndDevelopmentExpenses": 29067000,
        "generalAndAdministrativeExpenses": 2840000,
        "sellingAndMarketingExpenses": 0,
        "sellingGeneralAndAdministrativeExpenses": 2840000,
        "otherExpenses": 0,
        "operatingExpenses": 31907000,
        "costAndExpenses": 31907000,
        "interestIncome": 165000,
        "interestExpense": 2809000,
        "depreciationAndAmortization": 188000,
        "ebitda": -31120000,
        "ebitdaratio": -71.7050691244,
        "operatingIncome": -31473000,
        "operatingIncomeRatio": -72.5184331797,
        "totalOtherIncomeExpensesNet": -2644000,
        "incomeBeforeTax": -34117000,
        "incomeBeforeTaxRatio": -78.6105990783,
        "incomeTaxExpense": -240000,
        "netIncome": -33877000,
        "netIncomeRatio": -78.0576036866,
        "eps": -1.04,
        "epsdiluted": -1.04,
        "weightedAverageShsOut": 32607497,
        "weightedAverageShsOutDil": 32607497,
        "link": "https://www.sec.gov/Archives/edgar/data/1612042/000119312517345476/0001193125-17-345476-index.htm",
        "finalLink": "https://www.sec.gov/Archives/edgar/data/1612042/000119312517345476/d461014dex991.htm"
    },
    {
        "date": "2017-06-30",
        "symbol": "ASND",
        "reportedCurrency": "EUR",
        "cik": "0001612042",
        "fillingDate": "2017-06-30",
        "acceptedDate": "2017-06-30 00:00:00",
        "calendarYear": "2017",
        "period": "Q2",
        "revenue": 444000,
        "costOfRevenue": 0,
        "grossProfit": 444000,
        "grossProfitRatio": 1,
        "researchAndDevelopmentExpenses": 21880000,
        "generalAndAdministrativeExpenses": 3231000,
        "sellingAndMarketingExpenses": 0,
        "sellingGeneralAndAdministrativeExpenses": 3231000,
        "otherExpenses": 0,
        "operatingExpenses": 25111000,
        "costAndExpenses": 25111000,
        "interestIncome": 158000,
        "interestExpense": 6234000,
        "depreciationAndAmortization": 180000,
        "ebitda": -24329000,
        "ebitdaratio": -54.795045045,
        "operatingIncome": -24667000,
        "operatingIncomeRatio": -55.5563063063,
        "totalOtherIncomeExpensesNet": -6076000,
        "incomeBeforeTax": -30743000,
        "incomeBeforeTaxRatio": -69.240990991,
        "incomeTaxExpense": -37000,
        "netIncome": -30706000,
        "netIncomeRatio": -69.1576576577,
        "eps": -0.94,
        "epsdiluted": -0.94,
        "weightedAverageShsOut": 32502555,
        "weightedAverageShsOutDil": 32502555,
        "link": null,
        "finalLink": null
    },
    {
        "date": "2017-03-31",
        "symbol": "ASND",
        "reportedCurrency": "EUR",
        "cik": "0001612042",
        "fillingDate": "2017-05-23",
        "acceptedDate": "2017-05-23 16:02:03",
        "calendarYear": "2017",
        "period": "Q1",
        "revenue": 372000,
        "costOfRevenue": 0,
        "grossProfit": 372000,
        "grossProfitRatio": 1,
        "researchAndDevelopmentExpenses": 20608000,
        "generalAndAdministrativeExpenses": 3325000,
        "sellingAndMarketingExpenses": 0,
        "sellingGeneralAndAdministrativeExpenses": 3325000,
        "otherExpenses": 0,
        "operatingExpenses": 23933000,
        "costAndExpenses": 23933000,
        "interestIncome": 130000,
        "interestExpense": 1722000,
        "depreciationAndAmortization": 169000,
        "ebitda": -23262000,
        "ebitdaratio": -62.5322580645,
        "operatingIncome": -23561000,
        "operatingIncomeRatio": -63.3360215054,
        "totalOtherIncomeExpensesNet": -1592000,
        "incomeBeforeTax": -25153000,
        "incomeBeforeTaxRatio": -67.6155913978,
        "incomeTaxExpense": -14000,
        "netIncome": -25139000,
        "netIncomeRatio": -67.5779569892,
        "eps": -0.78,
        "epsdiluted": -0.78,
        "weightedAverageShsOut": 32428908,
        "weightedAverageShsOutDil": 32428908,
        "link": "https://www.sec.gov/Archives/edgar/data/1612042/000119312517179568/0001193125-17-179568-index.htm",
        "finalLink": "https://www.sec.gov/Archives/edgar/data/1612042/000119312517179568/d401391dex991.htm"
    },
    {
        "date": "2016-12-31",
        "symbol": "ASND",
        "reportedCurrency": "EUR",
        "cik": "0001612042",
        "fillingDate": "2016-12-31",
        "acceptedDate": "2016-12-31 00:00:00",
        "calendarYear": "2016",
        "period": "Q4",
        "revenue": 1043000,
        "costOfRevenue": 0,
        "grossProfit": 1043000,
        "grossProfitRatio": 1,
        "researchAndDevelopmentExpenses": 19991000,
        "generalAndAdministrativeExpenses": 3286000,
        "sellingAndMarketingExpenses": 0,
        "sellingGeneralAndAdministrativeExpenses": 3286000,
        "otherExpenses": 0,
        "operatingExpenses": 23277000,
        "costAndExpenses": 23277000,
        "interestIncome": 0,
        "interestExpense": 0,
        "depreciationAndAmortization": 173000,
        "ebitda": -22061000,
        "ebitdaratio": -21.1514860978,
        "operatingIncome": -22234000,
        "operatingIncomeRatio": -21.3173537872,
        "totalOtherIncomeExpensesNet": 5808000,
        "incomeBeforeTax": -16426000,
        "incomeBeforeTaxRatio": -15.748801534,
        "incomeTaxExpense": 22000,
        "netIncome": -16448000,
        "netIncomeRatio": -15.769894535,
        "eps": -0.51,
        "epsdiluted": -0.51,
        "weightedAverageShsOut": 32428908,
        "weightedAverageShsOutDil": 32428908,
        "link": null,
        "finalLink": null
    },
    {
        "date": "2016-09-30",
        "symbol": "ASND",
        "reportedCurrency": "EUR",
        "cik": "0001612042",
        "fillingDate": "2016-11-30",
        "acceptedDate": "2016-11-30 16:05:56",
        "calendarYear": "2016",
        "period": "Q3",
        "revenue": 1169000,
        "costOfRevenue": 0,
        "grossProfit": 1169000,
        "grossProfitRatio": 1,
        "researchAndDevelopmentExpenses": 16510000,
        "generalAndAdministrativeExpenses": 2641000,
        "sellingAndMarketingExpenses": 0,
        "sellingGeneralAndAdministrativeExpenses": 2641000,
        "otherExpenses": 0,
        "operatingExpenses": 19151000,
        "costAndExpenses": 19151000,
        "interestIncome": 18000,
        "interestExpense": 347000,
        "depreciationAndAmortization": 169000,
        "ebitda": -17795000,
        "ebitdaratio": -15.2224123182,
        "operatingIncome": -17982000,
        "operatingIncomeRatio": -15.3823781009,
        "totalOtherIncomeExpensesNet": -329000,
        "incomeBeforeTax": -18311000,
        "incomeBeforeTaxRatio": -15.6638152267,
        "incomeTaxExpense": -57000,
        "netIncome": -18254000,
        "netIncomeRatio": -15.6150556031,
        "eps": -0.72,
        "epsdiluted": -0.72,
        "weightedAverageShsOut": 25196006,
        "weightedAverageShsOutDil": 25196006,
        "link": "https://www.sec.gov/Archives/edgar/data/1612042/000119312516780885/0001193125-16-780885-index.htm",
        "finalLink": "https://www.sec.gov/Archives/edgar/data/1612042/000119312516780885/d299162dex991.htm"
    },
    {
        "date": "2016-06-30",
        "symbol": "ASND",
        "reportedCurrency": "EUR",
        "cik": "0001612042",
        "fillingDate": "2016-06-30",
        "acceptedDate": "2016-06-30 00:00:00",
        "calendarYear": "2016",
        "period": "Q2",
        "revenue": 1136000,
        "costOfRevenue": 0,
        "grossProfit": 1136000,
        "grossProfitRatio": 1,
        "researchAndDevelopmentExpenses": 13279000,
        "generalAndAdministrativeExpenses": 2669000,
        "sellingAndMarketingExpenses": 0,
        "sellingGeneralAndAdministrativeExpenses": 2669000,
        "otherExpenses": 0,
        "operatingExpenses": 15948000,
        "costAndExpenses": 15948000,
        "interestIncome": 1453000,
        "interestExpense": 0,
        "depreciationAndAmortization": 173000,
        "ebitda": -13186000,
        "ebitdaratio": -11.6073943662,
        "operatingIncome": -14812000,
        "operatingIncomeRatio": -13.0387323944,
        "totalOtherIncomeExpensesNet": 1453000,
        "incomeBeforeTax": -13359000,
        "incomeBeforeTaxRatio": -11.7596830986,
        "incomeTaxExpense": -74000,
        "netIncome": -13285000,
        "netIncomeRatio": -11.6945422535,
        "eps": -0.53,
        "epsdiluted": -0.53,
        "weightedAverageShsOut": 25066037,
        "weightedAverageShsOutDil": 25172984,
        "link": null,
        "finalLink": null
    },
    {
        "date": "2016-03-31",
        "symbol": "ASND",
        "reportedCurrency": "EUR",
        "cik": "0001612042",
        "fillingDate": "2016-05-19",
        "acceptedDate": "2016-05-19 16:08:03",
        "calendarYear": "2016",
        "period": "Q1",
        "revenue": 1258000,
        "costOfRevenue": 0,
        "grossProfit": 1258000,
        "grossProfitRatio": 1,
        "researchAndDevelopmentExpenses": 16242000,
        "generalAndAdministrativeExpenses": 2908000,
        "sellingAndMarketingExpenses": 0,
        "sellingGeneralAndAdministrativeExpenses": 2908000,
        "otherExpenses": 0,
        "operatingExpenses": 19150000,
        "costAndExpenses": 19150000,
        "interestIncome": 20000,
        "interestExpense": 2764000,
        "depreciationAndAmortization": 162000,
        "ebitda": -17710000,
        "ebitdaratio": -14.0779014308,
        "operatingIncome": -17892000,
        "operatingIncomeRatio": -14.2225755167,
        "totalOtherIncomeExpensesNet": -2744000,
        "incomeBeforeTax": -20636000,
        "incomeBeforeTaxRatio": -16.4038155803,
        "incomeTaxExpense": -118000,
        "netIncome": -20518000,
        "netIncomeRatio": -16.3100158983,
        "eps": -0.82,
        "epsdiluted": -0.82,
        "weightedAverageShsOut": 25021981,
        "weightedAverageShsOutDil": 25128242,
        "link": "https://www.sec.gov/Archives/edgar/data/1612042/000119312516596034/0001193125-16-596034-index.htm",
        "finalLink": "https://www.sec.gov/Archives/edgar/data/1612042/000119312516596034/d113154dex991.htm"
    },
    {
        "date": "2015-12-31",
        "symbol": "ASND",
        "reportedCurrency": "EUR",
        "cik": "0001612042",
        "fillingDate": "2015-12-31",
        "acceptedDate": "2015-12-31 00:00:00",
        "calendarYear": "2015",
        "period": "Q4",
        "revenue": 1977000,
        "costOfRevenue": 0,
        "grossProfit": 1977000,
        "grossProfitRatio": 1,
        "researchAndDevelopmentExpenses": 12515000,
        "generalAndAdministrativeExpenses": 3470000,
        "sellingAndMarketingExpenses": 0,
        "sellingGeneralAndAdministrativeExpenses": 3470000,
        "otherExpenses": 0,
        "operatingExpenses": 15985000,
        "costAndExpenses": 15985000,
        "interestIncome": 0,
        "interestExpense": 0,
        "depreciationAndAmortization": 153000,
        "ebitda": -13855000,
        "ebitdaratio": -7.0080930703,
        "operatingIncome": -14008000,
        "operatingIncomeRatio": -7.0854830551,
        "totalOtherIncomeExpensesNet": 1759000,
        "incomeBeforeTax": -12249000,
        "incomeBeforeTaxRatio": -6.1957511381,
        "incomeTaxExpense": -254000,
        "netIncome": -11995000,
        "netIncomeRatio": -6.0672736469,
        "eps": -0.48,
        "epsdiluted": -0.48,
        "weightedAverageShsOut": 25010529,
        "weightedAverageShsOutDil": 25128242,
        "link": null,
        "finalLink": null
    },
    {
        "date": "2015-09-30",
        "symbol": "ASND",
        "reportedCurrency": "EUR",
        "cik": "0001612042",
        "fillingDate": "2015-11-16",
        "acceptedDate": "2015-11-16 17:02:04",
        "calendarYear": "2015",
        "period": "Q3",
        "revenue": 2117000,
        "costOfRevenue": 0,
        "grossProfit": 2117000,
        "grossProfitRatio": 1,
        "researchAndDevelopmentExpenses": 8038000,
        "generalAndAdministrativeExpenses": 1396000,
        "sellingAndMarketingExpenses": 0,
        "sellingGeneralAndAdministrativeExpenses": 1396000,
        "otherExpenses": 0,
        "operatingExpenses": 9434000,
        "costAndExpenses": 9434000,
        "interestIncome": 126000,
        "interestExpense": 279000,
        "depreciationAndAmortization": 145000,
        "ebitda": -7046000,
        "ebitdaratio": -3.3282947567,
        "operatingIncome": -7317000,
        "operatingIncomeRatio": -3.4563060935,
        "totalOtherIncomeExpensesNet": -153000,
        "incomeBeforeTax": -7470000,
        "incomeBeforeTaxRatio": -3.5285781767,
        "incomeTaxExpense": -160000,
        "netIncome": -7310000,
        "netIncomeRatio": -3.4529995276,
        "eps": -0.3,
        "epsdiluted": -0.3,
        "weightedAverageShsOut": 24366666,
        "weightedAverageShsOutDil": 24536580,
        "link": "https://www.sec.gov/Archives/edgar/data/1612042/000119312515378535/0001193125-15-378535-index.htm",
        "finalLink": "https://www.sec.gov/Archives/edgar/data/1612042/000119312515378535/d28259dex991.htm"
    },
    {
        "date": "2015-06-30",
        "symbol": "ASND",
        "reportedCurrency": "EUR",
        "cik": "0001612042",
        "fillingDate": "2015-06-30",
        "acceptedDate": "2015-06-30 00:00:00",
        "calendarYear": "2015",
        "period": "Q2",
        "revenue": 1943000,
        "costOfRevenue": 0,
        "grossProfit": 1943000,
        "grossProfitRatio": 1,
        "researchAndDevelopmentExpenses": 12641000,
        "generalAndAdministrativeExpenses": 2144000,
        "sellingAndMarketingExpenses": 0,
        "sellingGeneralAndAdministrativeExpenses": 2144000,
        "otherExpenses": 0,
        "operatingExpenses": 14785000,
        "costAndExpenses": 14785000,
        "interestIncome": 5000,
        "interestExpense": 2486000,
        "depreciationAndAmortization": 137000,
        "ebitda": -12700000,
        "ebitdaratio": -6.5362840968,
        "operatingIncome": -12842000,
        "operatingIncomeRatio": -6.6093669583,
        "totalOtherIncomeExpensesNet": -2481000,
        "incomeBeforeTax": -15323000,
        "incomeBeforeTaxRatio": -7.8862583634,
        "incomeTaxExpense": -284000,
        "netIncome": -15039000,
        "netIncomeRatio": -7.7400926402,
        "eps": -0.63,
        "epsdiluted": -0.63,
        "weightedAverageShsOut": 23871466,
        "weightedAverageShsOutDil": 23970242,
        "link": null,
        "finalLink": null
    },
    {
        "date": "2015-03-31",
        "symbol": "ASND",
        "reportedCurrency": "EUR",
        "cik": "0001612042",
        "fillingDate": "2015-05-18",
        "acceptedDate": "2015-05-18 16:07:06",
        "calendarYear": "2015",
        "period": "Q1",
        "revenue": 2081000,
        "costOfRevenue": 0,
        "grossProfit": 2081000,
        "grossProfitRatio": 1,
        "researchAndDevelopmentExpenses": 7334000,
        "generalAndAdministrativeExpenses": 2405000,
        "sellingAndMarketingExpenses": 0,
        "sellingGeneralAndAdministrativeExpenses": 2405000,
        "otherExpenses": 0,
        "operatingExpenses": 9739000,
        "costAndExpenses": 9739000,
        "interestIncome": 9135000,
        "interestExpense": 9000,
        "depreciationAndAmortization": 123000,
        "ebitda": -7535000,
        "ebitdaratio": -3.620855358,
        "operatingIncome": -7658000,
        "operatingIncomeRatio": -3.6799615569,
        "totalOtherIncomeExpensesNet": 9126000,
        "incomeBeforeTax": 1468000,
        "incomeBeforeTaxRatio": 0.7054300817,
        "incomeTaxExpense": 46000,
        "netIncome": 1422000,
        "netIncomeRatio": 0.6833253244,
        "eps": 0.07,
        "epsdiluted": 0.06,
        "weightedAverageShsOut": 21382447,
        "weightedAverageShsOutDil": 24382271,
        "link": "https://www.sec.gov/Archives/edgar/data/1612042/000119312515191889/0001193125-15-191889-index.htm",
        "finalLink": "https://www.sec.gov/Archives/edgar/data/1612042/000119312515191889/d923583dex991.htm"
    },
    {
        "date": "2014-12-31",
        "symbol": "ASND",
        "reportedCurrency": "EUR",
        "cik": "0001612042",
        "fillingDate": "2015-03-26",
        "acceptedDate": "2015-03-26 17:01:15",
        "calendarYear": "2014",
        "period": "Q4",
        "revenue": 2826000,
        "costOfRevenue": 0,
        "grossProfit": 2826000,
        "grossProfitRatio": 1,
        "researchAndDevelopmentExpenses": 7521000,
        "generalAndAdministrativeExpenses": 2366000,
        "sellingAndMarketingExpenses": 0,
        "sellingGeneralAndAdministrativeExpenses": 2366000,
        "otherExpenses": 0,
        "operatingExpenses": 9887000,
        "costAndExpenses": 9887000,
        "interestIncome": 0,
        "interestExpense": 0,
        "depreciationAndAmortization": 135000,
        "ebitda": -6926000,
        "ebitdaratio": -2.4508138712,
        "operatingIncome": -7061000,
        "operatingIncomeRatio": -2.4985845718,
        "totalOtherIncomeExpensesNet": 1258000,
        "incomeBeforeTax": -5803000,
        "incomeBeforeTaxRatio": -2.0534324133,
        "incomeTaxExpense": -765000,
        "netIncome": -5038000,
        "netIncomeRatio": -1.7827317764,
        "eps": -0.24,
        "epsdiluted": -0.21,
        "weightedAverageShsOut": 21382447,
        "weightedAverageShsOutDil": 24382271,
        "link": "https://www.sec.gov/Archives/edgar/data/1612042/000119312515107137/0001193125-15-107137-index.htm",
        "finalLink": "https://www.sec.gov/Archives/edgar/data/1612042/000119312515107137/d892830d20f.htm"
    },
    {
        "date": "2014-09-30",
        "symbol": "ASND",
        "reportedCurrency": "EUR",
        "cik": "0001612042",
        "fillingDate": "2014-09-30",
        "acceptedDate": "2014-09-30 00:00:00",
        "calendarYear": "2014",
        "period": "Q3",
        "revenue": 3250000,
        "costOfRevenue": 0,
        "grossProfit": 3250000,
        "grossProfitRatio": 1,
        "researchAndDevelopmentExpenses": 3932000,
        "generalAndAdministrativeExpenses": 1556000,
        "sellingAndMarketingExpenses": 0,
        "sellingGeneralAndAdministrativeExpenses": 1556000,
        "otherExpenses": 0,
        "operatingExpenses": 5488000,
        "costAndExpenses": 5488000,
        "interestIncome": 344000,
        "interestExpense": 37000,
        "depreciationAndAmortization": 124000,
        "ebitda": -1770000,
        "ebitdaratio": -0.5446153846,
        "operatingIncome": -2238000,
        "operatingIncomeRatio": -0.6886153846,
        "totalOtherIncomeExpensesNet": 307000,
        "incomeBeforeTax": -1931000,
        "incomeBeforeTaxRatio": -0.5941538462,
        "incomeTaxExpense": 49000,
        "netIncome": -1980000,
        "netIncomeRatio": -0.6092307692,
        "eps": -0.12,
        "epsdiluted": -0.12,
        "weightedAverageShsOut": 16935780,
        "weightedAverageShsOutDil": 16935780,
        "link": null,
        "finalLink": null
    },
    {
        "date": "2014-06-30",
        "symbol": "ASND",
        "reportedCurrency": "EUR",
        "cik": "0001612042",
        "fillingDate": "2014-06-30",
        "acceptedDate": "2014-06-30 00:00:00",
        "calendarYear": "2014",
        "period": "Q2",
        "revenue": 3913000,
        "costOfRevenue": 0,
        "grossProfit": 3913000,
        "grossProfitRatio": 1,
        "researchAndDevelopmentExpenses": 4686000,
        "generalAndAdministrativeExpenses": 1407000,
        "sellingAndMarketingExpenses": 0,
        "sellingGeneralAndAdministrativeExpenses": 1407000,
        "otherExpenses": 0,
        "operatingExpenses": 6093000,
        "costAndExpenses": 6093000,
        "interestIncome": 101000,
        "interestExpense": 29000,
        "depreciationAndAmortization": 126000,
        "ebitda": -1953000,
        "ebitdaratio": -0.4991055456,
        "operatingIncome": -2180000,
        "operatingIncomeRatio": -0.5571173013,
        "totalOtherIncomeExpensesNet": 72000,
        "incomeBeforeTax": -2108000,
        "incomeBeforeTaxRatio": -0.5387170969,
        "incomeTaxExpense": 30000,
        "netIncome": -2138000,
        "netIncomeRatio": -0.5463838487,
        "eps": -0.2,
        "epsdiluted": -0.2,
        "weightedAverageShsOut": 10690000,
        "weightedAverageShsOutDil": 10801948,
        "link": null,
        "finalLink": null
    },
    {
        "date": "2014-03-31",
        "symbol": "ASND",
        "reportedCurrency": "EUR",
        "cik": "0001612042",
        "fillingDate": "2014-03-31",
        "acceptedDate": "2014-03-31 00:00:00",
        "calendarYear": "2014",
        "period": "Q1",
        "revenue": 3994000,
        "costOfRevenue": 0,
        "grossProfit": 3994000,
        "grossProfitRatio": 1,
        "researchAndDevelopmentExpenses": 3559000,
        "generalAndAdministrativeExpenses": 945000,
        "sellingAndMarketingExpenses": 0,
        "sellingGeneralAndAdministrativeExpenses": 945000,
        "otherExpenses": 0,
        "operatingExpenses": 4504000,
        "costAndExpenses": 4504000,
        "interestIncome": 48000,
        "interestExpense": 36000,
        "depreciationAndAmortization": 119000,
        "ebitda": -343000,
        "ebitdaratio": -0.0858788182,
        "operatingIncome": -510000,
        "operatingIncomeRatio": -0.1276915373,
        "totalOtherIncomeExpensesNet": 12000,
        "incomeBeforeTax": -498000,
        "incomeBeforeTaxRatio": -0.1246870305,
        "incomeTaxExpense": 4000,
        "netIncome": -502000,
        "netIncomeRatio": -0.1256885328,
        "eps": -0.0465,
        "epsdiluted": -0.0465,
        "weightedAverageShsOut": 10801948,
        "weightedAverageShsOutDil": 10801948,
        "link": null,
        "finalLink": null
    },
    {
        "date": "2013-12-31",
        "symbol": "ASND",
        "reportedCurrency": "EUR",
        "cik": "0001612042",
        "fillingDate": "2013-12-31",
        "acceptedDate": "2013-12-31 00:00:00",
        "calendarYear": "2013",
        "period": "Q4",
        "revenue": 5559000,
        "costOfRevenue": 0,
        "grossProfit": 5559000,
        "grossProfitRatio": 1,
        "researchAndDevelopmentExpenses": 2726000,
        "generalAndAdministrativeExpenses": 552000,
        "sellingAndMarketingExpenses": 0,
        "sellingGeneralAndAdministrativeExpenses": 552000,
        "otherExpenses": 0,
        "operatingExpenses": 3278000,
        "costAndExpenses": 3278000,
        "interestIncome": 0,
        "interestExpense": 0,
        "depreciationAndAmortization": 123000,
        "ebitda": 2404000,
        "ebitdaratio": 0.4324518798,
        "operatingIncome": 2281000,
        "operatingIncomeRatio": 0.4103255981,
        "totalOtherIncomeExpensesNet": -371000,
        "incomeBeforeTax": 1910000,
        "incomeBeforeTaxRatio": 0.3435869761,
        "incomeTaxExpense": -344000,
        "netIncome": 2254000,
        "netIncomeRatio": 0.4054686095,
        "eps": 0.21,
        "epsdiluted": 0.21,
        "weightedAverageShsOut": 10801948,
        "weightedAverageShsOutDil": 10801948,
        "link": null,
        "finalLink": null
    },
    {
        "date": "2013-09-30",
        "symbol": "ASND",
        "reportedCurrency": "EUR",
        "cik": "0001612042",
        "fillingDate": "2013-09-30",
        "acceptedDate": "2013-09-29 20:00:00",
        "calendarYear": "2013",
        "period": "Q3",
        "revenue": 6068000,
        "costOfRevenue": 0,
        "grossProfit": 6068000,
        "grossProfitRatio": 1,
        "researchAndDevelopmentExpenses": 3690000,
        "generalAndAdministrativeExpenses": 591000,
        "sellingAndMarketingExpenses": 0,
        "sellingGeneralAndAdministrativeExpenses": 591000,
        "otherExpenses": 0,
        "operatingExpenses": 4526000,
        "costAndExpenses": 4526000,
        "interestIncome": 0,
        "interestExpense": 0,
        "depreciationAndAmortization": 81000,
        "ebitda": 1868000,
        "ebitdaratio": 0.3078444298,
        "operatingIncome": 1787000,
        "operatingIncomeRatio": 0.2944957152,
        "totalOtherIncomeExpensesNet": -245000,
        "incomeBeforeTax": 1542000,
        "incomeBeforeTaxRatio": 0.2541199736,
        "incomeTaxExpense": 826000,
        "netIncome": 716000,
        "netIncomeRatio": 0.1179960448,
        "eps": 0.066,
        "epsdiluted": 0.066,
        "weightedAverageShsOut": 10801948,
        "weightedAverageShsOutDil": 10801948,
        "link": null,
        "finalLink": null
    },
    {
        "date": "2013-06-30",
        "symbol": "ASND",
        "reportedCurrency": "EUR",
        "cik": "0001612042",
        "fillingDate": "2013-06-30",
        "acceptedDate": "2013-06-29 20:00:00",
        "calendarYear": "2013",
        "period": "Q2",
        "revenue": 4390500,
        "costOfRevenue": 0,
        "grossProfit": 4390500,
        "grossProfitRatio": 1,
        "researchAndDevelopmentExpenses": 3298500,
        "generalAndAdministrativeExpenses": 636500,
        "sellingAndMarketingExpenses": 0,
        "sellingGeneralAndAdministrativeExpenses": 636500,
        "otherExpenses": 0,
        "operatingExpenses": 3764000,
        "costAndExpenses": 3764000,
        "interestIncome": 0,
        "interestExpense": 0,
        "depreciationAndAmortization": 100500,
        "ebitda": 706000,
        "ebitdaratio": 0.160801731,
        "operatingIncome": 605500,
        "operatingIncomeRatio": 0.1379113996,
        "totalOtherIncomeExpensesNet": 21000,
        "incomeBeforeTax": 626500,
        "incomeBeforeTaxRatio": 0.1426944539,
        "incomeTaxExpense": 72000,
        "netIncome": 554500,
        "netIncomeRatio": 0.1262954105,
        "eps": 0.051,
        "epsdiluted": 0.051,
        "weightedAverageShsOut": 10801948,
        "weightedAverageShsOutDil": 10801948,
        "link": null,
        "finalLink": null
    },
    {
        "date": "2013-03-31",
        "symbol": "ASND",
        "reportedCurrency": "EUR",
        "cik": "0001612042",
        "fillingDate": "2013-03-31",
        "acceptedDate": "2013-03-30 20:00:00",
        "calendarYear": "2013",
        "period": "Q1",
        "revenue": 4390500,
        "costOfRevenue": 0,
        "grossProfit": 4390500,
        "grossProfitRatio": 1,
        "researchAndDevelopmentExpenses": 3298500,
        "generalAndAdministrativeExpenses": 636500,
        "sellingAndMarketingExpenses": 0,
        "sellingGeneralAndAdministrativeExpenses": 636500,
        "otherExpenses": 0,
        "operatingExpenses": 3764000,
        "costAndExpenses": 3764000,
        "interestIncome": 0,
        "interestExpense": 0,
        "depreciationAndAmortization": 100500,
        "ebitda": 706000,
        "ebitdaratio": 0.160801731,
        "operatingIncome": 605500,
        "operatingIncomeRatio": 0.1379113996,
        "totalOtherIncomeExpensesNet": 21000,
        "incomeBeforeTax": 626500,
        "incomeBeforeTaxRatio": 0.1426944539,
        "incomeTaxExpense": 72000,
        "netIncome": 554500,
        "netIncomeRatio": 0.1262954105,
        "eps": 0.051,
        "epsdiluted": 0.051,
        "weightedAverageShsOut": 10801948,
        "weightedAverageShsOutDil": 10801948,
        "link": null,
        "finalLink": null
    }
]