[
    {
        "date": "2021-03-31",
        "symbol": "AT",
        "reportedCurrency": "USD",
        "cik": "0001419242",
        "fillingDate": "2021-05-06",
        "acceptedDate": "2021-05-06 17:02:04",
        "calendarYear": "2021",
        "period": "Q1",
        "revenue": 72000000,
        "costOfRevenue": 41800000,
        "grossProfit": 30200000,
        "grossProfitRatio": 0.4194444444,
        "researchAndDevelopmentExpenses": 0,
        "generalAndAdministrativeExpenses": 14100000,
        "sellingAndMarketingExpenses": 0,
        "sellingGeneralAndAdministrativeExpenses": 14100000,
        "otherExpenses": 14300000,
        "operatingExpenses": 28400000,
        "costAndExpenses": 70200000,
        "interestIncome": 0,
        "interestExpense": 11700000,
        "depreciationAndAmortization": 14300000,
        "ebitda": 29800000,
        "ebitdaratio": 0.4138888889,
        "operatingIncome": 3800000,
        "operatingIncomeRatio": 0.0527777778,
        "totalOtherIncomeExpensesNet": 0,
        "incomeBeforeTax": 3800000,
        "incomeBeforeTaxRatio": 0.0527777778,
        "incomeTaxExpense": 2200000,
        "netIncome": 1600000,
        "netIncomeRatio": 0.0222222222,
        "eps": 0.0179,
        "epsdiluted": 0.0179,
        "weightedAverageShsOut": 89400000,
        "weightedAverageShsOutDil": 89400000,
        "link": "https://www.sec.gov/Archives/edgar/data/1419242/000155837021006279/0001558370-21-006279-index.htm",
        "finalLink": "https://www.sec.gov/Archives/edgar/data/1419242/000155837021006279/at-20210331x10q.htm"
    },
    {
        "date": "2020-12-31",
        "symbol": "AT",
        "reportedCurrency": "USD",
        "cik": "0001419242",
        "fillingDate": "2021-03-04",
        "acceptedDate": "2021-03-04 17:01:10",
        "calendarYear": "2020",
        "period": "Q4",
        "revenue": 71700000,
        "costOfRevenue": 45100000,
        "grossProfit": 26600000,
        "grossProfitRatio": 0.3709902371,
        "researchAndDevelopmentExpenses": 0,
        "generalAndAdministrativeExpenses": 8000000,
        "sellingAndMarketingExpenses": 0,
        "sellingGeneralAndAdministrativeExpenses": 8000000,
        "otherExpenses": 14400000,
        "operatingExpenses": 22400000,
        "costAndExpenses": 67500000,
        "interestIncome": 0,
        "interestExpense": 10900000,
        "depreciationAndAmortization": 14400000,
        "ebitda": 31900000,
        "ebitdaratio": 0.4449093445,
        "operatingIncome": 4200000,
        "operatingIncomeRatio": 0.0585774059,
        "totalOtherIncomeExpensesNet": 2400000,
        "incomeBeforeTax": 6600000,
        "incomeBeforeTaxRatio": 0.0920502092,
        "incomeTaxExpense": -29400000,
        "netIncome": 36000000,
        "netIncomeRatio": 0.5020920502,
        "eps": 0.4,
        "epsdiluted": 0.4,
        "weightedAverageShsOut": 89500000,
        "weightedAverageShsOutDil": 89500000,
        "link": "https://www.sec.gov/Archives/edgar/data/1419242/000155837021002388/0001558370-21-002388-index.htm",
        "finalLink": "https://www.sec.gov/Archives/edgar/data/1419242/000155837021002388/at-20201231x10k.htm"
    },
    {
        "date": "2020-09-30",
        "symbol": "AT",
        "reportedCurrency": "USD",
        "cik": "0001419242",
        "fillingDate": "2020-11-09",
        "acceptedDate": "2020-11-09 17:01:20",
        "calendarYear": "2020",
        "period": "Q3",
        "revenue": 65200000,
        "costOfRevenue": 38700000,
        "grossProfit": 26500000,
        "grossProfitRatio": 0.4064417178,
        "researchAndDevelopmentExpenses": 0,
        "generalAndAdministrativeExpenses": 5600000,
        "sellingAndMarketingExpenses": 0,
        "sellingGeneralAndAdministrativeExpenses": 5600000,
        "otherExpenses": 14500000,
        "operatingExpenses": 20100000,
        "costAndExpenses": 58800000,
        "interestIncome": 0,
        "interestExpense": 11200000,
        "depreciationAndAmortization": 14500000,
        "ebitda": 46000000,
        "ebitdaratio": 0.7055214724,
        "operatingIncome": 6400000,
        "operatingIncomeRatio": 0.0981595092,
        "totalOtherIncomeExpensesNet": 13900000,
        "incomeBeforeTax": 20300000,
        "incomeBeforeTaxRatio": 0.3113496933,
        "incomeTaxExpense": 2500000,
        "netIncome": 17800000,
        "netIncomeRatio": 0.273006135,
        "eps": 0.2,
        "epsdiluted": 0.15,
        "weightedAverageShsOut": 89500000,
        "weightedAverageShsOutDil": 117800000,
        "link": "https://www.sec.gov/Archives/edgar/data/1419242/000155837020013407/0001558370-20-013407-index.htm",
        "finalLink": "https://www.sec.gov/Archives/edgar/data/1419242/000155837020013407/at-20200930x10q.htm"
    },
    {
        "date": "2020-06-30",
        "symbol": "AT",
        "reportedCurrency": "USD",
        "cik": "0001419242",
        "fillingDate": "2020-08-06",
        "acceptedDate": "2020-08-06 17:02:10",
        "calendarYear": "2020",
        "period": "Q2",
        "revenue": 62300000,
        "costOfRevenue": 36300000,
        "grossProfit": 26000000,
        "grossProfitRatio": 0.4173354735,
        "researchAndDevelopmentExpenses": 0,
        "generalAndAdministrativeExpenses": 4500000,
        "sellingAndMarketingExpenses": 0,
        "sellingGeneralAndAdministrativeExpenses": 4500000,
        "otherExpenses": 15200000,
        "operatingExpenses": 19700000,
        "costAndExpenses": 56000000,
        "interestIncome": 0,
        "interestExpense": 10500000,
        "depreciationAndAmortization": 15200000,
        "ebitda": 22900000,
        "ebitdaratio": 0.367576244,
        "operatingIncome": 6300000,
        "operatingIncomeRatio": 0.1011235955,
        "totalOtherIncomeExpensesNet": -9100000,
        "incomeBeforeTax": -2800000,
        "incomeBeforeTaxRatio": -0.0449438202,
        "incomeTaxExpense": 1200000,
        "netIncome": -4000000,
        "netIncomeRatio": -0.0642054575,
        "eps": -0.0373,
        "epsdiluted": -0.0297,
        "weightedAverageShsOut": 107200000,
        "weightedAverageShsOutDil": 134800000,
        "link": "https://www.sec.gov/Archives/edgar/data/1419242/000155837020009708/0001558370-20-009708-index.htm",
        "finalLink": "https://www.sec.gov/Archives/edgar/data/1419242/000155837020009708/at-20200630x10q.htm"
    },
    {
        "date": "2020-03-31",
        "symbol": "AT",
        "reportedCurrency": "USD",
        "cik": "0001419242",
        "fillingDate": "2020-05-07",
        "acceptedDate": "2020-05-07 17:04:43",
        "calendarYear": "2020",
        "period": "Q1",
        "revenue": 72800000,
        "costOfRevenue": 40300000,
        "grossProfit": 32500000,
        "grossProfitRatio": 0.4464285714,
        "researchAndDevelopmentExpenses": 0,
        "generalAndAdministrativeExpenses": 6700000,
        "sellingAndMarketingExpenses": 0,
        "sellingGeneralAndAdministrativeExpenses": 6700000,
        "otherExpenses": 15600000,
        "operatingExpenses": 22300000,
        "costAndExpenses": 62600000,
        "interestIncome": 0,
        "interestExpense": 11100000,
        "depreciationAndAmortization": 15600000,
        "ebitda": 51900000,
        "ebitdaratio": 0.7129120879,
        "operatingIncome": 10200000,
        "operatingIncomeRatio": 0.1401098901,
        "totalOtherIncomeExpensesNet": 15000000,
        "incomeBeforeTax": 25200000,
        "incomeBeforeTaxRatio": 0.3461538462,
        "incomeTaxExpense": 1500000,
        "netIncome": 23700000,
        "netIncomeRatio": 0.3255494505,
        "eps": 0.22,
        "epsdiluted": 0.18,
        "weightedAverageShsOut": 107200000,
        "weightedAverageShsOutDil": 134800000,
        "link": "https://www.sec.gov/Archives/edgar/data/1419242/000155837020005775/0001558370-20-005775-index.htm",
        "finalLink": "https://www.sec.gov/Archives/edgar/data/1419242/000155837020001660/at-20191231x10k.htm"
    },
    {
        "date": "2019-12-31",
        "symbol": "AT",
        "reportedCurrency": "USD",
        "cik": "0001419242",
        "fillingDate": "2020-02-27",
        "acceptedDate": "2020-02-27 17:05:58",
        "calendarYear": "2019",
        "period": "Q4",
        "revenue": 66200000,
        "costOfRevenue": 39500000,
        "grossProfit": 26700000,
        "grossProfitRatio": 0.4033232628,
        "researchAndDevelopmentExpenses": 0,
        "generalAndAdministrativeExpenses": 6600000,
        "sellingAndMarketingExpenses": 0,
        "sellingGeneralAndAdministrativeExpenses": 6600000,
        "otherExpenses": 16000000,
        "operatingExpenses": 22600000,
        "costAndExpenses": 62100000,
        "interestIncome": 0,
        "interestExpense": 11200000,
        "depreciationAndAmortization": 15900000,
        "ebitda": -28900000,
        "ebitdaratio": -0.4365558912,
        "operatingIncome": 4100000,
        "operatingIncomeRatio": 0.0619335347,
        "totalOtherIncomeExpensesNet": -60100000,
        "incomeBeforeTax": -56000000,
        "incomeBeforeTaxRatio": -0.8459214502,
        "incomeTaxExpense": 7400000,
        "netIncome": -63400000,
        "netIncomeRatio": -0.9577039275,
        "eps": -0.58,
        "epsdiluted": -0.58,
        "weightedAverageShsOut": 109300000,
        "weightedAverageShsOutDil": 109300000,
        "link": "https://www.sec.gov/Archives/edgar/data/1419242/000155837020001660/0001558370-20-001660-index.htm",
        "finalLink": "https://www.sec.gov/Archives/edgar/data/1419242/000155837020001660/at-20191231x10k.htm"
    },
    {
        "date": "2019-09-30",
        "symbol": "AT",
        "reportedCurrency": "USD",
        "cik": "0001419242",
        "fillingDate": "2019-10-31",
        "acceptedDate": "2019-10-31 17:02:10",
        "calendarYear": "2019",
        "period": "Q3",
        "revenue": 71100000,
        "costOfRevenue": 38900000,
        "grossProfit": 32200000,
        "grossProfitRatio": 0.452883263,
        "researchAndDevelopmentExpenses": 0,
        "generalAndAdministrativeExpenses": 5500000,
        "sellingAndMarketingExpenses": 0,
        "sellingGeneralAndAdministrativeExpenses": 5500000,
        "otherExpenses": 16200000,
        "operatingExpenses": 21700000,
        "costAndExpenses": 60600000,
        "interestIncome": 0,
        "interestExpense": 11200000,
        "depreciationAndAmortization": 16200000,
        "ebitda": 41900000,
        "ebitdaratio": 0.5893108298,
        "operatingIncome": 10500000,
        "operatingIncomeRatio": 0.1476793249,
        "totalOtherIncomeExpensesNet": 4000000,
        "incomeBeforeTax": 14500000,
        "incomeBeforeTaxRatio": 0.2039381153,
        "incomeTaxExpense": 200000,
        "netIncome": 14300000,
        "netIncomeRatio": 0.2011251758,
        "eps": 0.13,
        "epsdiluted": 0.1,
        "weightedAverageShsOut": 109400000,
        "weightedAverageShsOutDil": 137800000,
        "link": "https://www.sec.gov/Archives/edgar/data/1419242/000155837019009601/0001558370-19-009601-index.htm",
        "finalLink": "https://www.sec.gov/Archives/edgar/data/1419242/000155837019009601/at-20190930x10q.htm"
    },
    {
        "date": "2019-06-30",
        "symbol": "AT",
        "reportedCurrency": "USD",
        "cik": "0001419242",
        "fillingDate": "2019-08-01",
        "acceptedDate": "2019-08-01 17:01:50",
        "calendarYear": "2019",
        "period": "Q2",
        "revenue": 71300000,
        "costOfRevenue": 34400000,
        "grossProfit": 36900000,
        "grossProfitRatio": 0.5175315568,
        "researchAndDevelopmentExpenses": 0,
        "generalAndAdministrativeExpenses": 5000000,
        "sellingAndMarketingExpenses": 0,
        "sellingGeneralAndAdministrativeExpenses": 5000000,
        "otherExpenses": 16100000,
        "operatingExpenses": 21100000,
        "costAndExpenses": 55500000,
        "interestIncome": 0,
        "interestExpense": 11200000,
        "depreciationAndAmortization": 16100000,
        "ebitda": 31800000,
        "ebitdaratio": 0.446002805,
        "operatingIncome": 15800000,
        "operatingIncomeRatio": 0.221598878,
        "totalOtherIncomeExpensesNet": -11300000,
        "incomeBeforeTax": 4500000,
        "incomeBeforeTaxRatio": 0.0631136045,
        "incomeTaxExpense": 1600000,
        "netIncome": 2900000,
        "netIncomeRatio": 0.0406732118,
        "eps": 0.0264,
        "epsdiluted": 0.0263,
        "weightedAverageShsOut": 109700000,
        "weightedAverageShsOutDil": 110200000,
        "link": "https://www.sec.gov/Archives/edgar/data/1419242/000155837019006842/0001558370-19-006842-index.htm",
        "finalLink": "https://www.sec.gov/Archives/edgar/data/1419242/000155837019006842/at-20190630x10q.htm"
    },
    {
        "date": "2019-03-31",
        "symbol": "AT",
        "reportedCurrency": "USD",
        "cik": "0001419242",
        "fillingDate": "2019-05-02",
        "acceptedDate": "2019-05-02 17:02:37",
        "calendarYear": "2019",
        "period": "Q1",
        "revenue": 73000000,
        "costOfRevenue": 36500000,
        "grossProfit": 36500000,
        "grossProfitRatio": 0.5,
        "researchAndDevelopmentExpenses": 0,
        "generalAndAdministrativeExpenses": 6800000,
        "sellingAndMarketingExpenses": 0,
        "sellingGeneralAndAdministrativeExpenses": 6800000,
        "otherExpenses": 16200000,
        "operatingExpenses": 23000000,
        "costAndExpenses": 59500000,
        "interestIncome": 0,
        "interestExpense": 11400000,
        "depreciationAndAmortization": 16200000,
        "ebitda": 30600000,
        "ebitdaratio": 0.4191780822,
        "operatingIncome": 13500000,
        "operatingIncomeRatio": 0.1849315068,
        "totalOtherIncomeExpensesNet": -10500000,
        "incomeBeforeTax": 3000000,
        "incomeBeforeTaxRatio": 0.0410958904,
        "incomeTaxExpense": 600000,
        "netIncome": 2400000,
        "netIncomeRatio": 0.0328767123,
        "eps": 0.0219,
        "epsdiluted": 0.0171,
        "weightedAverageShsOut": 109600000,
        "weightedAverageShsOutDil": 140700000,
        "link": "https://www.sec.gov/Archives/edgar/data/1419242/000155837019003887/0001558370-19-003887-index.htm",
        "finalLink": "https://www.sec.gov/Archives/edgar/data/1419242/000155837019001343/at-20181231x10k.htm"
    },
    {
        "date": "2018-12-31",
        "symbol": "AT",
        "reportedCurrency": "USD",
        "cik": "0001419242",
        "fillingDate": "2019-02-28",
        "acceptedDate": "2019-02-28 17:02:35",
        "calendarYear": "2018",
        "period": "Q4",
        "revenue": 70700000,
        "costOfRevenue": 37600000,
        "grossProfit": 33100000,
        "grossProfitRatio": 0.468175389,
        "researchAndDevelopmentExpenses": 0,
        "generalAndAdministrativeExpenses": 6000000,
        "sellingAndMarketingExpenses": 0,
        "sellingGeneralAndAdministrativeExpenses": 6000000,
        "otherExpenses": 18000000,
        "operatingExpenses": 24000000,
        "costAndExpenses": 61600000,
        "interestIncome": 0,
        "interestExpense": 12400000,
        "depreciationAndAmortization": 18000000,
        "ebitda": 49600000,
        "ebitdaratio": 0.7015558699,
        "operatingIncome": 9100000,
        "operatingIncomeRatio": 0.1287128713,
        "totalOtherIncomeExpensesNet": 10100000,
        "incomeBeforeTax": 19200000,
        "incomeBeforeTaxRatio": 0.2715700141,
        "incomeTaxExpense": -7500000,
        "netIncome": 26700000,
        "netIncomeRatio": 0.3776520509,
        "eps": 0.24,
        "epsdiluted": 0.19,
        "weightedAverageShsOut": 109600000,
        "weightedAverageShsOutDil": 140700000,
        "link": "https://www.sec.gov/Archives/edgar/data/1419242/000155837019001343/0001558370-19-001343-index.htm",
        "finalLink": "https://www.sec.gov/Archives/edgar/data/1419242/000155837019001343/at-20181231x10k.htm"
    },
    {
        "date": "2018-09-30",
        "symbol": "AT",
        "reportedCurrency": "USD",
        "cik": "0001419242",
        "fillingDate": "2018-11-01",
        "acceptedDate": "2018-11-01 17:02:08",
        "calendarYear": "2018",
        "period": "Q3",
        "revenue": 65400000,
        "costOfRevenue": 34700000,
        "grossProfit": 30700000,
        "grossProfitRatio": 0.4694189602,
        "researchAndDevelopmentExpenses": 0,
        "generalAndAdministrativeExpenses": 5700000,
        "sellingAndMarketingExpenses": 0,
        "sellingGeneralAndAdministrativeExpenses": 5700000,
        "otherExpenses": 21000000,
        "operatingExpenses": 26700000,
        "costAndExpenses": 61400000,
        "interestIncome": 0,
        "interestExpense": 15000000,
        "depreciationAndAmortization": 21000000,
        "ebitda": 34900000,
        "ebitdaratio": 0.5336391437,
        "operatingIncome": 4000000,
        "operatingIncomeRatio": 0.0611620795,
        "totalOtherIncomeExpensesNet": -5100000,
        "incomeBeforeTax": -1100000,
        "incomeBeforeTaxRatio": -0.0168195719,
        "incomeTaxExpense": 3600000,
        "netIncome": -4700000,
        "netIncomeRatio": -0.0718654434,
        "eps": -0.0423,
        "epsdiluted": -0.0423,
        "weightedAverageShsOut": 111100000,
        "weightedAverageShsOutDil": 111100000,
        "link": "https://www.sec.gov/Archives/edgar/data/1419242/000155837018008275/0001558370-18-008275-index.htm",
        "finalLink": "https://www.sec.gov/Archives/edgar/data/1419242/000155837018008275/at-20180930x10q.htm"
    },
    {
        "date": "2018-06-30",
        "symbol": "AT",
        "reportedCurrency": "USD",
        "cik": "0001419242",
        "fillingDate": "2018-08-02",
        "acceptedDate": "2018-08-02 17:02:01",
        "calendarYear": "2018",
        "period": "Q2",
        "revenue": 66200000,
        "costOfRevenue": 42200000,
        "grossProfit": 24000000,
        "grossProfitRatio": 0.3625377644,
        "researchAndDevelopmentExpenses": 0,
        "generalAndAdministrativeExpenses": 6200000,
        "sellingAndMarketingExpenses": 0,
        "sellingGeneralAndAdministrativeExpenses": 6200000,
        "otherExpenses": 21000000,
        "operatingExpenses": 27200000,
        "costAndExpenses": 69400000,
        "interestIncome": 0,
        "interestExpense": 11500000,
        "depreciationAndAmortization": 20900000,
        "ebitda": 34300000,
        "ebitdaratio": 0.5181268882,
        "operatingIncome": -3200000,
        "operatingIncomeRatio": -0.0483383686,
        "totalOtherIncomeExpensesNet": 5100000,
        "incomeBeforeTax": 1900000,
        "incomeBeforeTaxRatio": 0.0287009063,
        "incomeTaxExpense": 900000,
        "netIncome": 1000000,
        "netIncomeRatio": 0.0151057402,
        "eps": 0.0089,
        "epsdiluted": 0.0089,
        "weightedAverageShsOut": 112400000,
        "weightedAverageShsOutDil": 112400000,
        "link": "https://www.sec.gov/Archives/edgar/data/1419242/000155837018006253/0001558370-18-006253-index.htm",
        "finalLink": "https://www.sec.gov/Archives/edgar/data/1419242/000155837018006253/at-20180630x10q.htm"
    },
    {
        "date": "2018-03-31",
        "symbol": "AT",
        "reportedCurrency": "USD",
        "cik": "0001419242",
        "fillingDate": "2018-05-03",
        "acceptedDate": "2018-05-03 17:15:46",
        "calendarYear": "2018",
        "period": "Q1",
        "revenue": 80000000,
        "costOfRevenue": 43400000,
        "grossProfit": 36600000,
        "grossProfitRatio": 0.4575,
        "researchAndDevelopmentExpenses": 0,
        "generalAndAdministrativeExpenses": 6000000,
        "sellingAndMarketingExpenses": 0,
        "sellingGeneralAndAdministrativeExpenses": 6000000,
        "otherExpenses": 23800000,
        "operatingExpenses": 29800000,
        "costAndExpenses": 73200000,
        "interestIncome": 0,
        "interestExpense": 15700000,
        "depreciationAndAmortization": 23800000,
        "ebitda": 56900000,
        "ebitdaratio": 0.71125,
        "operatingIncome": 6800000,
        "operatingIncomeRatio": 0.085,
        "totalOtherIncomeExpensesNet": 10600000,
        "incomeBeforeTax": 17400000,
        "incomeBeforeTaxRatio": 0.2175,
        "incomeTaxExpense": 3200000,
        "netIncome": 14200000,
        "netIncomeRatio": 0.1775,
        "eps": 0.12,
        "epsdiluted": 0.1,
        "weightedAverageShsOut": 114800000,
        "weightedAverageShsOutDil": 137500000,
        "link": "https://www.sec.gov/Archives/edgar/data/1419242/000155837018003922/0001558370-18-003922-index.htm",
        "finalLink": "https://www.sec.gov/Archives/edgar/data/1419242/000155837018001404/at-20171231x10k.htm"
    },
    {
        "date": "2017-12-31",
        "symbol": "AT",
        "reportedCurrency": "USD",
        "cik": "0001419242",
        "fillingDate": "2018-03-01",
        "acceptedDate": "2018-03-01 17:07:48",
        "calendarYear": "2017",
        "period": "Q4",
        "revenue": 100000000,
        "costOfRevenue": 51600000,
        "grossProfit": 48400000,
        "grossProfitRatio": 0.484,
        "researchAndDevelopmentExpenses": 0,
        "generalAndAdministrativeExpenses": 6000000,
        "sellingAndMarketingExpenses": 0,
        "sellingGeneralAndAdministrativeExpenses": 6000000,
        "otherExpenses": 22600000,
        "operatingExpenses": 28600000,
        "costAndExpenses": 80200000,
        "interestIncome": 0,
        "interestExpense": 25600000,
        "depreciationAndAmortization": 22600000,
        "ebitda": -10400000,
        "ebitdaratio": -0.104,
        "operatingIncome": 19800000,
        "operatingIncomeRatio": 0.198,
        "totalOtherIncomeExpensesNet": -78400000,
        "incomeBeforeTax": -58600000,
        "incomeBeforeTaxRatio": -0.586,
        "incomeTaxExpense": -19600000,
        "netIncome": -39000000,
        "netIncomeRatio": -0.39,
        "eps": -0.34,
        "epsdiluted": -0.34,
        "weightedAverageShsOut": 115200000,
        "weightedAverageShsOutDil": 115200000,
        "link": "https://www.sec.gov/Archives/edgar/data/1419242/000155837018001404/0001558370-18-001404-index.htm",
        "finalLink": "https://www.sec.gov/Archives/edgar/data/1419242/000155837018001404/at-20171231x10k.htm"
    },
    {
        "date": "2017-09-30",
        "symbol": "AT",
        "reportedCurrency": "USD",
        "cik": "0001419242",
        "fillingDate": "2017-11-09",
        "acceptedDate": "2017-11-09 17:10:40",
        "calendarYear": "2017",
        "period": "Q3",
        "revenue": 108600000,
        "costOfRevenue": 46000000,
        "grossProfit": 62600000,
        "grossProfitRatio": 0.576427256,
        "researchAndDevelopmentExpenses": 0,
        "generalAndAdministrativeExpenses": 5500000,
        "sellingAndMarketingExpenses": 0,
        "sellingGeneralAndAdministrativeExpenses": 5500000,
        "otherExpenses": 31400000,
        "operatingExpenses": 36900000,
        "costAndExpenses": 82900000,
        "interestIncome": 0,
        "interestExpense": 16000000,
        "depreciationAndAmortization": 31500000,
        "ebitda": -2100000,
        "ebitdaratio": -0.0193370166,
        "operatingIncome": 25700000,
        "operatingIncomeRatio": 0.2366482505,
        "totalOtherIncomeExpensesNet": -75300000,
        "incomeBeforeTax": -49600000,
        "incomeBeforeTaxRatio": -0.4567219153,
        "incomeTaxExpense": -15900000,
        "netIncome": -33700000,
        "netIncomeRatio": -0.3103130755,
        "eps": -0.29,
        "epsdiluted": -0.29,
        "weightedAverageShsOut": 115300000,
        "weightedAverageShsOutDil": 115300000,
        "link": "https://www.sec.gov/Archives/edgar/data/1419242/000155837017008742/0001558370-17-008742-index.htm",
        "finalLink": "https://www.sec.gov/Archives/edgar/data/1419242/000155837017008742/at-20170930x10q.htm"
    },
    {
        "date": "2017-06-30",
        "symbol": "AT",
        "reportedCurrency": "USD",
        "cik": "0001419242",
        "fillingDate": "2017-08-03",
        "acceptedDate": "2017-08-03 17:11:08",
        "calendarYear": "2017",
        "period": "Q2",
        "revenue": 124000000,
        "costOfRevenue": 47300000,
        "grossProfit": 76700000,
        "grossProfitRatio": 0.6185483871,
        "researchAndDevelopmentExpenses": 0,
        "generalAndAdministrativeExpenses": 5700000,
        "sellingAndMarketingExpenses": 0,
        "sellingGeneralAndAdministrativeExpenses": 5700000,
        "otherExpenses": 29500000,
        "operatingExpenses": 35200000,
        "costAndExpenses": 82500000,
        "interestIncome": 0,
        "interestExpense": 20600000,
        "depreciationAndAmortization": 29500000,
        "ebitda": 8000000,
        "ebitdaratio": 0.064516129,
        "operatingIncome": 41500000,
        "operatingIncomeRatio": 0.3346774194,
        "totalOtherIncomeExpensesNet": -83600000,
        "incomeBeforeTax": -42100000,
        "incomeBeforeTaxRatio": -0.339516129,
        "incomeTaxExpense": -22300000,
        "netIncome": -19800000,
        "netIncomeRatio": -0.1596774194,
        "eps": -0.17,
        "epsdiluted": -0.17,
        "weightedAverageShsOut": 115200000,
        "weightedAverageShsOutDil": 115200000,
        "link": "https://www.sec.gov/Archives/edgar/data/1419242/000155837017005871/0001558370-17-005871-index.htm",
        "finalLink": "https://www.sec.gov/Archives/edgar/data/1419242/000155837017005871/at-20170630x10q.htm"
    },
    {
        "date": "2017-03-31",
        "symbol": "AT",
        "reportedCurrency": "USD",
        "cik": "0001419242",
        "fillingDate": "2017-05-04",
        "acceptedDate": "2017-05-04 17:10:02",
        "calendarYear": "2017",
        "period": "Q1",
        "revenue": 98400000,
        "costOfRevenue": 49300000,
        "grossProfit": 49100000,
        "grossProfitRatio": 0.4989837398,
        "researchAndDevelopmentExpenses": 0,
        "generalAndAdministrativeExpenses": 6400000,
        "sellingAndMarketingExpenses": 0,
        "sellingGeneralAndAdministrativeExpenses": 6400000,
        "otherExpenses": 29500000,
        "operatingExpenses": 35900000,
        "costAndExpenses": 85200000,
        "interestIncome": 0,
        "interestExpense": 19500000,
        "depreciationAndAmortization": 29500000,
        "ebitda": 48100000,
        "ebitdaratio": 0.4888211382,
        "operatingIncome": 13200000,
        "operatingIncomeRatio": 0.1341463415,
        "totalOtherIncomeExpensesNet": -14100000,
        "incomeBeforeTax": -900000,
        "incomeBeforeTaxRatio": -0.0091463415,
        "incomeTaxExpense": -300000,
        "netIncome": -600000,
        "netIncomeRatio": -0.006097561,
        "eps": -0.0052,
        "epsdiluted": -0.0052,
        "weightedAverageShsOut": 115200000,
        "weightedAverageShsOutDil": 115200000,
        "link": "https://www.sec.gov/Archives/edgar/data/1419242/000155837017003554/0001558370-17-003554-index.htm",
        "finalLink": "https://www.sec.gov/Archives/edgar/data/1419242/000155837017001295/at-20161231x10k.htm"
    },
    {
        "date": "2016-12-31",
        "symbol": "AT",
        "reportedCurrency": "USD",
        "cik": "0001419242",
        "fillingDate": "2017-03-02",
        "acceptedDate": "2017-03-02 17:05:56",
        "calendarYear": "2016",
        "period": "Q4",
        "revenue": 93400000,
        "costOfRevenue": 64500000,
        "grossProfit": 28900000,
        "grossProfitRatio": 0.3094218415,
        "researchAndDevelopmentExpenses": 0,
        "generalAndAdministrativeExpenses": 5000000,
        "sellingAndMarketingExpenses": 0,
        "sellingGeneralAndAdministrativeExpenses": 5000000,
        "otherExpenses": 37900000,
        "operatingExpenses": 42900000,
        "costAndExpenses": 107400000,
        "interestIncome": 0,
        "interestExpense": 20400000,
        "depreciationAndAmortization": 37900000,
        "ebitda": 53800000,
        "ebitdaratio": 0.5760171306,
        "operatingIncome": -14000000,
        "operatingIncomeRatio": -0.1498929336,
        "totalOtherIncomeExpensesNet": 9500000,
        "incomeBeforeTax": -4500000,
        "incomeBeforeTaxRatio": -0.0481798715,
        "incomeTaxExpense": -400000,
        "netIncome": -4100000,
        "netIncomeRatio": -0.0438972163,
        "eps": -0.0356,
        "epsdiluted": -0.0356,
        "weightedAverageShsOut": 115200000,
        "weightedAverageShsOutDil": 115200000,
        "link": "https://www.sec.gov/Archives/edgar/data/1419242/000155837017001295/0001558370-17-001295-index.htm",
        "finalLink": "https://www.sec.gov/Archives/edgar/data/1419242/000155837017001295/at-20161231x10k.htm"
    },
    {
        "date": "2016-09-30",
        "symbol": "AT",
        "reportedCurrency": "USD",
        "cik": "0001419242",
        "fillingDate": "2016-11-07",
        "acceptedDate": "2016-11-07 17:10:44",
        "calendarYear": "2016",
        "period": "Q3",
        "revenue": 101200000,
        "costOfRevenue": 65000000,
        "grossProfit": 36200000,
        "grossProfitRatio": 0.3577075099,
        "researchAndDevelopmentExpenses": 0,
        "generalAndAdministrativeExpenses": 5700000,
        "sellingAndMarketingExpenses": 0,
        "sellingGeneralAndAdministrativeExpenses": 5700000,
        "otherExpenses": 25300000,
        "operatingExpenses": 31000000,
        "costAndExpenses": 96000000,
        "interestIncome": 0,
        "interestExpense": 22400000,
        "depreciationAndAmortization": 25300000,
        "ebitda": -30000000,
        "ebitdaratio": -0.2964426877,
        "operatingIncome": 5200000,
        "operatingIncomeRatio": 0.0513833992,
        "totalOtherIncomeExpensesNet": -82900000,
        "incomeBeforeTax": -77700000,
        "incomeBeforeTaxRatio": -0.7677865613,
        "incomeTaxExpense": 2600000,
        "netIncome": -80300000,
        "netIncomeRatio": -0.7934782609,
        "eps": -0.67,
        "epsdiluted": -0.67,
        "weightedAverageShsOut": 119300000,
        "weightedAverageShsOutDil": 119300000,
        "link": "https://www.sec.gov/Archives/edgar/data/1419242/000155837016009550/0001558370-16-009550-index.htm",
        "finalLink": "https://www.sec.gov/Archives/edgar/data/1419242/000155837016009550/at-20160930x10q.htm"
    },
    {
        "date": "2016-06-30",
        "symbol": "AT",
        "reportedCurrency": "USD",
        "cik": "0001419242",
        "fillingDate": "2016-08-08",
        "acceptedDate": "2016-08-08 17:14:06",
        "calendarYear": "2016",
        "period": "Q2",
        "revenue": 98200000,
        "costOfRevenue": 65100000,
        "grossProfit": 33100000,
        "grossProfitRatio": 0.3370672098,
        "researchAndDevelopmentExpenses": 0,
        "generalAndAdministrativeExpenses": 5800000,
        "sellingAndMarketingExpenses": 0,
        "sellingGeneralAndAdministrativeExpenses": 5800000,
        "otherExpenses": 25500000,
        "operatingExpenses": 31300000,
        "costAndExpenses": 96400000,
        "interestIncome": 0,
        "interestExpense": 53600000,
        "depreciationAndAmortization": 25500000,
        "ebitda": 44400000,
        "ebitdaratio": 0.4521384929,
        "operatingIncome": 1800000,
        "operatingIncomeRatio": 0.0183299389,
        "totalOtherIncomeExpensesNet": -36500000,
        "incomeBeforeTax": -34700000,
        "incomeBeforeTaxRatio": -0.3533604888,
        "incomeTaxExpense": -18400000,
        "netIncome": -16300000,
        "netIncomeRatio": -0.16598778,
        "eps": -0.13,
        "epsdiluted": -0.13,
        "weightedAverageShsOut": 121600000,
        "weightedAverageShsOutDil": 121600000,
        "link": "https://www.sec.gov/Archives/edgar/data/1419242/000155837016007677/0001558370-16-007677-index.htm",
        "finalLink": "https://www.sec.gov/Archives/edgar/data/1419242/000155837016007677/at-20160630x10q.htm"
    },
    {
        "date": "2016-03-31",
        "symbol": "AT",
        "reportedCurrency": "USD",
        "cik": "0001419242",
        "fillingDate": "2016-05-05",
        "acceptedDate": "2016-05-05 17:16:01",
        "calendarYear": "2016",
        "period": "Q1",
        "revenue": 106400000,
        "costOfRevenue": 60100000,
        "grossProfit": 46300000,
        "grossProfitRatio": 0.4351503759,
        "researchAndDevelopmentExpenses": 0,
        "generalAndAdministrativeExpenses": 6100000,
        "sellingAndMarketingExpenses": 0,
        "sellingGeneralAndAdministrativeExpenses": 6100000,
        "otherExpenses": 24800000,
        "operatingExpenses": 30900000,
        "costAndExpenses": 91000000,
        "interestIncome": 0,
        "interestExpense": 18700000,
        "depreciationAndAmortization": 24800000,
        "ebitda": 32200000,
        "ebitdaratio": 0.3026315789,
        "operatingIncome": 15400000,
        "operatingIncomeRatio": 0.1447368421,
        "totalOtherIncomeExpensesNet": -26700000,
        "incomeBeforeTax": -11300000,
        "incomeBeforeTaxRatio": -0.1062030075,
        "incomeTaxExpense": 1600000,
        "netIncome": -12900000,
        "netIncomeRatio": -0.1212406015,
        "eps": -0.11,
        "epsdiluted": -0.11,
        "weightedAverageShsOut": 121900000,
        "weightedAverageShsOutDil": 121900000,
        "link": "https://www.sec.gov/Archives/edgar/data/1419242/000155837016005449/0001558370-16-005449-index.htm",
        "finalLink": "https://www.sec.gov/Archives/edgar/data/1419242/000155837016003867/at-20151231x10k.htm"
    },
    {
        "date": "2015-12-31",
        "symbol": "AT",
        "reportedCurrency": "USD",
        "cik": "0001419242",
        "fillingDate": "2016-03-07",
        "acceptedDate": "2016-03-07 17:06:03",
        "calendarYear": "2015",
        "period": "Q4",
        "revenue": 98400000,
        "costOfRevenue": 61700000,
        "grossProfit": 36700000,
        "grossProfitRatio": 0.3729674797,
        "researchAndDevelopmentExpenses": 0,
        "generalAndAdministrativeExpenses": 6400000,
        "sellingAndMarketingExpenses": 0,
        "sellingGeneralAndAdministrativeExpenses": 6400000,
        "otherExpenses": 26200000,
        "operatingExpenses": 32600000,
        "costAndExpenses": 94300000,
        "interestIncome": 0,
        "interestExpense": 17800000,
        "depreciationAndAmortization": 26200000,
        "ebitda": -72500000,
        "ebitdaratio": -0.7367886179,
        "operatingIncome": 4100000,
        "operatingIncomeRatio": 0.0416666667,
        "totalOtherIncomeExpensesNet": -119500000,
        "incomeBeforeTax": -115400000,
        "incomeBeforeTaxRatio": -1.1727642276,
        "incomeTaxExpense": -30100000,
        "netIncome": -86400000,
        "netIncomeRatio": -0.8780487805,
        "eps": -0.71,
        "epsdiluted": -0.71,
        "weightedAverageShsOut": 122100000,
        "weightedAverageShsOutDil": 122100000,
        "link": "https://www.sec.gov/Archives/edgar/data/1419242/000155837016003867/0001558370-16-003867-index.htm",
        "finalLink": "https://www.sec.gov/Archives/edgar/data/1419242/000155837016003867/at-20151231x10k.htm"
    },
    {
        "date": "2015-09-30",
        "symbol": "AT",
        "reportedCurrency": "USD",
        "cik": "0001419242",
        "fillingDate": "2015-11-05",
        "acceptedDate": "2015-11-05 17:08:54",
        "calendarYear": "2015",
        "period": "Q3",
        "revenue": 107500000,
        "costOfRevenue": 65900000,
        "grossProfit": 41600000,
        "grossProfitRatio": 0.3869767442,
        "researchAndDevelopmentExpenses": 0,
        "generalAndAdministrativeExpenses": 6900000,
        "sellingAndMarketingExpenses": 0,
        "sellingGeneralAndAdministrativeExpenses": 6900000,
        "otherExpenses": 27800000,
        "operatingExpenses": 34700000,
        "costAndExpenses": 100600000,
        "interestIncome": 0,
        "interestExpense": 43100000,
        "depreciationAndAmortization": 27700000,
        "ebitda": 68300000,
        "ebitdaratio": 0.6353488372,
        "operatingIncome": 6900000,
        "operatingIncomeRatio": 0.0641860465,
        "totalOtherIncomeExpensesNet": -8900000,
        "incomeBeforeTax": -2000000,
        "incomeBeforeTaxRatio": -0.0186046512,
        "incomeTaxExpense": 1400000,
        "netIncome": -3900000,
        "netIncomeRatio": -0.0362790698,
        "eps": -0.0319,
        "epsdiluted": -0.0319,
        "weightedAverageShsOut": 122100000,
        "weightedAverageShsOutDil": 122200000,
        "link": "https://www.sec.gov/Archives/edgar/data/1419242/000104746915008364/0001047469-15-008364-index.htm",
        "finalLink": "https://www.sec.gov/Archives/edgar/data/1419242/000104746915008364/a2226357z10-q.htm"
    },
    {
        "date": "2015-06-30",
        "symbol": "AT",
        "reportedCurrency": "USD",
        "cik": "0001419242",
        "fillingDate": "2015-08-10",
        "acceptedDate": "2015-08-10 17:11:35",
        "calendarYear": "2015",
        "period": "Q2",
        "revenue": 103100000,
        "costOfRevenue": 73300000,
        "grossProfit": 29800000,
        "grossProfitRatio": 0.2890397672,
        "researchAndDevelopmentExpenses": 0,
        "generalAndAdministrativeExpenses": 6600000,
        "sellingAndMarketingExpenses": 0,
        "sellingGeneralAndAdministrativeExpenses": 6600000,
        "otherExpenses": 28200000,
        "operatingExpenses": 34800000,
        "costAndExpenses": 108100000,
        "interestIncome": 0,
        "interestExpense": 26600000,
        "depreciationAndAmortization": 28300000,
        "ebitda": 74800000,
        "ebitdaratio": 0.7255092144,
        "operatingIncome": -5000000,
        "operatingIncomeRatio": -0.0484966052,
        "totalOtherIncomeExpensesNet": -12100000,
        "incomeBeforeTax": -17100000,
        "incomeBeforeTaxRatio": -0.1658583899,
        "incomeTaxExpense": 2900000,
        "netIncome": 17000000,
        "netIncomeRatio": 0.1648884578,
        "eps": 0.14,
        "epsdiluted": 0.14,
        "weightedAverageShsOut": 121900000,
        "weightedAverageShsOutDil": 122100000,
        "link": "https://www.sec.gov/Archives/edgar/data/1419242/000104746915006752/0001047469-15-006752-index.htm",
        "finalLink": "https://www.sec.gov/Archives/edgar/data/1419242/000104746915006752/a2225535z10-q.htm"
    },
    {
        "date": "2015-03-31",
        "symbol": "AT",
        "reportedCurrency": "USD",
        "cik": "0001419242",
        "fillingDate": "2015-05-07",
        "acceptedDate": "2015-05-07 17:16:41",
        "calendarYear": "2015",
        "period": "Q1",
        "revenue": 111300000,
        "costOfRevenue": 67700000,
        "grossProfit": 43600000,
        "grossProfitRatio": 0.3917340521,
        "researchAndDevelopmentExpenses": 1100000,
        "generalAndAdministrativeExpenses": 9400000,
        "sellingAndMarketingExpenses": 0,
        "sellingGeneralAndAdministrativeExpenses": 9400000,
        "otherExpenses": 28000000,
        "operatingExpenses": 38500000,
        "costAndExpenses": 106200000,
        "interestIncome": 0,
        "interestExpense": 27800000,
        "depreciationAndAmortization": 38100000,
        "ebitda": 81100000,
        "ebitdaratio": 0.7286612758,
        "operatingIncome": 5100000,
        "operatingIncomeRatio": 0.0458221024,
        "totalOtherIncomeExpensesNet": 14900000,
        "incomeBeforeTax": 20000000,
        "incomeBeforeTaxRatio": 0.1796945193,
        "incomeTaxExpense": -4600000,
        "netIncome": 19800000,
        "netIncomeRatio": 0.1778975741,
        "eps": 0.16,
        "epsdiluted": 0.16,
        "weightedAverageShsOut": 121500000,
        "weightedAverageShsOutDil": 122400000,
        "link": "https://www.sec.gov/Archives/edgar/data/1419242/000104746915004523/0001047469-15-004523-index.htm",
        "finalLink": "https://www.sec.gov/Archives/edgar/data/1419242/000104746915001304/a2223098z10-k.htm"
    },
    {
        "date": "2014-12-31",
        "symbol": "AT",
        "reportedCurrency": "USD",
        "cik": "0001419242",
        "fillingDate": "2015-02-26",
        "acceptedDate": "2015-02-26 17:14:43",
        "calendarYear": "2014",
        "period": "Q4",
        "revenue": 142400000,
        "costOfRevenue": 79900000,
        "grossProfit": 62500000,
        "grossProfitRatio": 0.4389044944,
        "researchAndDevelopmentExpenses": 1000000,
        "generalAndAdministrativeExpenses": 11200000,
        "sellingAndMarketingExpenses": 0,
        "sellingGeneralAndAdministrativeExpenses": 11200000,
        "otherExpenses": 40300000,
        "operatingExpenses": 52500000,
        "costAndExpenses": 132400000,
        "interestIncome": 0,
        "interestExpense": 31500000,
        "depreciationAndAmortization": 40300000,
        "ebitda": 59600000,
        "ebitdaratio": 0.4185393258,
        "operatingIncome": 10000000,
        "operatingIncomeRatio": 0.0702247191,
        "totalOtherIncomeExpensesNet": -26800000,
        "incomeBeforeTax": -16800000,
        "incomeBeforeTaxRatio": -0.1179775281,
        "incomeTaxExpense": -4500000,
        "netIncome": -7700000,
        "netIncomeRatio": -0.0540730337,
        "eps": -0.0634,
        "epsdiluted": -0.0629,
        "weightedAverageShsOut": 121500000,
        "weightedAverageShsOutDil": 122400000,
        "link": "https://www.sec.gov/Archives/edgar/data/1419242/000104746915001304/0001047469-15-001304-index.htm",
        "finalLink": "https://www.sec.gov/Archives/edgar/data/1419242/000104746915001304/a2223098z10-k.htm"
    },
    {
        "date": "2014-09-30",
        "symbol": "AT",
        "reportedCurrency": "USD",
        "cik": "0001419242",
        "fillingDate": "2014-11-06",
        "acceptedDate": "2014-11-06 17:12:59",
        "calendarYear": "2014",
        "period": "Q3",
        "revenue": 138300000,
        "costOfRevenue": 83300000,
        "grossProfit": 55000000,
        "grossProfitRatio": 0.3976861894,
        "researchAndDevelopmentExpenses": 1000000,
        "generalAndAdministrativeExpenses": 9200000,
        "sellingAndMarketingExpenses": 0,
        "sellingGeneralAndAdministrativeExpenses": 9200000,
        "otherExpenses": 40800000,
        "operatingExpenses": 51000000,
        "costAndExpenses": 134300000,
        "interestIncome": 0,
        "interestExpense": 32500000,
        "depreciationAndAmortization": 40800000,
        "ebitda": -7100000,
        "ebitdaratio": -0.0513376717,
        "operatingIncome": 4000000,
        "operatingIncomeRatio": 0.028922632,
        "totalOtherIncomeExpensesNet": -89500000,
        "incomeBeforeTax": -85500000,
        "incomeBeforeTaxRatio": -0.6182212581,
        "incomeTaxExpense": 5600000,
        "netIncome": -86000000,
        "netIncomeRatio": -0.6218365871,
        "eps": -0.71,
        "epsdiluted": -0.71,
        "weightedAverageShsOut": 120700000,
        "weightedAverageShsOutDil": 120700000,
        "link": "https://www.sec.gov/Archives/edgar/data/1419242/000104746914008928/0001047469-14-008928-index.htm",
        "finalLink": "https://www.sec.gov/Archives/edgar/data/1419242/000104746914008928/a2221946z10-q.htm"
    },
    {
        "date": "2014-06-30",
        "symbol": "AT",
        "reportedCurrency": "USD",
        "cik": "0001419242",
        "fillingDate": "2014-08-07",
        "acceptedDate": "2014-08-07 17:11:34",
        "calendarYear": "2014",
        "period": "Q2",
        "revenue": 143200000,
        "costOfRevenue": 84900000,
        "grossProfit": 58300000,
        "grossProfitRatio": 0.407122905,
        "researchAndDevelopmentExpenses": 1100000,
        "generalAndAdministrativeExpenses": 10200000,
        "sellingAndMarketingExpenses": 0,
        "sellingGeneralAndAdministrativeExpenses": 10200000,
        "otherExpenses": 40900000,
        "operatingExpenses": 52200000,
        "costAndExpenses": 137100000,
        "interestIncome": 0,
        "interestExpense": 33500000,
        "depreciationAndAmortization": 41000000,
        "ebitda": 17800000,
        "ebitdaratio": 0.124301676,
        "operatingIncome": 6100000,
        "operatingIncomeRatio": 0.0425977654,
        "totalOtherIncomeExpensesNet": -63100000,
        "incomeBeforeTax": -57000000,
        "incomeBeforeTaxRatio": -0.3980446927,
        "incomeTaxExpense": -600000,
        "netIncome": -56100000,
        "netIncomeRatio": -0.3917597765,
        "eps": -0.47,
        "epsdiluted": -0.47,
        "weightedAverageShsOut": 120600000,
        "weightedAverageShsOutDil": 120600000,
        "link": "https://www.sec.gov/Archives/edgar/data/1419242/000104746914006762/0001047469-14-006762-index.htm",
        "finalLink": "https://www.sec.gov/Archives/edgar/data/1419242/000104746914006762/a2220954z10-q.htm"
    },
    {
        "date": "2014-03-31",
        "symbol": "AT",
        "reportedCurrency": "USD",
        "cik": "0001419242",
        "fillingDate": "2014-05-12",
        "acceptedDate": "2014-05-12 17:07:04",
        "calendarYear": "2014",
        "period": "Q1",
        "revenue": 145300000,
        "costOfRevenue": 92700000,
        "grossProfit": 52600000,
        "grossProfitRatio": 0.3620096352,
        "researchAndDevelopmentExpenses": 700000,
        "generalAndAdministrativeExpenses": 7100000,
        "sellingAndMarketingExpenses": 0,
        "sellingGeneralAndAdministrativeExpenses": 7100000,
        "otherExpenses": 40500000,
        "operatingExpenses": 48300000,
        "costAndExpenses": 141000000,
        "interestIncome": 0,
        "interestExpense": 81100000,
        "depreciationAndAmortization": 40500000,
        "ebitda": 93200000,
        "ebitdaratio": 0.641431521,
        "operatingIncome": 4300000,
        "operatingIncomeRatio": 0.0295939436,
        "totalOtherIncomeExpensesNet": -39000000,
        "incomeBeforeTax": -34700000,
        "incomeBeforeTaxRatio": -0.2388162423,
        "incomeTaxExpense": -12300000,
        "netIncome": -16100000,
        "netIncomeRatio": -0.1108052306,
        "eps": -0.13,
        "epsdiluted": -0.13,
        "weightedAverageShsOut": 120300000,
        "weightedAverageShsOutDil": 120300000,
        "link": "https://www.sec.gov/Archives/edgar/data/1419242/000104746914004859/0001047469-14-004859-index.htm",
        "finalLink": "https://www.sec.gov/Archives/edgar/data/1419242/000104746914001505/a2218383z10-k.htm"
    },
    {
        "date": "2013-12-31",
        "symbol": "AT",
        "reportedCurrency": "USD",
        "cik": "0001419242",
        "fillingDate": "2014-02-28",
        "acceptedDate": "2014-02-27 17:37:50",
        "calendarYear": "2013",
        "period": "Q4",
        "revenue": 130700000,
        "costOfRevenue": 90000000,
        "grossProfit": 40700000,
        "grossProfitRatio": 0.311400153,
        "researchAndDevelopmentExpenses": 2300000,
        "generalAndAdministrativeExpenses": 6700000,
        "sellingAndMarketingExpenses": 0,
        "sellingGeneralAndAdministrativeExpenses": 6700000,
        "otherExpenses": 41400000,
        "operatingExpenses": 50400000,
        "costAndExpenses": 140400000,
        "interestIncome": 0,
        "interestExpense": 34100000,
        "depreciationAndAmortization": 41400000,
        "ebitda": 65900000,
        "ebitdaratio": 0.5042081102,
        "operatingIncome": -9700000,
        "operatingIncomeRatio": -0.0742157613,
        "totalOtherIncomeExpensesNet": 100000,
        "incomeBeforeTax": -9600000,
        "incomeBeforeTaxRatio": -0.0734506503,
        "incomeTaxExpense": -17600000,
        "netIncome": 8000000,
        "netIncomeRatio": 0.0612088753,
        "eps": 0.0665,
        "epsdiluted": 0.0665,
        "weightedAverageShsOut": 120300000,
        "weightedAverageShsOutDil": 120300000,
        "link": "https://www.sec.gov/Archives/edgar/data/1419242/000104746914001505/0001047469-14-001505-index.htm",
        "finalLink": "https://www.sec.gov/Archives/edgar/data/1419242/000104746914001505/a2218383z10-k.htm"
    },
    {
        "date": "2013-09-30",
        "symbol": "AT",
        "reportedCurrency": "USD",
        "cik": "0001419242",
        "fillingDate": "2013-11-07",
        "acceptedDate": "2013-11-07 17:23:54",
        "calendarYear": "2013",
        "period": "Q3",
        "revenue": 141800000,
        "costOfRevenue": 85200000,
        "grossProfit": 56600000,
        "grossProfitRatio": 0.3991537377,
        "researchAndDevelopmentExpenses": 1400000,
        "generalAndAdministrativeExpenses": 8400000,
        "sellingAndMarketingExpenses": 0,
        "sellingGeneralAndAdministrativeExpenses": 8400000,
        "otherExpenses": 42200000,
        "operatingExpenses": 52000000,
        "costAndExpenses": 137200000,
        "interestIncome": 0,
        "interestExpense": 36500000,
        "depreciationAndAmortization": 42200000,
        "ebitda": 40600000,
        "ebitdaratio": 0.2863187588,
        "operatingIncome": 4600000,
        "operatingIncomeRatio": 0.0324400564,
        "totalOtherIncomeExpensesNet": -44800000,
        "incomeBeforeTax": -40200000,
        "incomeBeforeTaxRatio": -0.2834978843,
        "incomeTaxExpense": -8300000,
        "netIncome": -38100000,
        "netIncomeRatio": -0.2686882934,
        "eps": -0.32,
        "epsdiluted": -0.32,
        "weightedAverageShsOut": 120000000,
        "weightedAverageShsOutDil": 120000000,
        "link": "https://www.sec.gov/Archives/edgar/data/1419242/000104746913010383/0001047469-13-010383-index.htm",
        "finalLink": "https://www.sec.gov/Archives/edgar/data/1419242/000104746913010383/a2217186z10-q.htm"
    },
    {
        "date": "2013-06-30",
        "symbol": "AT",
        "reportedCurrency": "USD",
        "cik": "0001419242",
        "fillingDate": "2013-08-08",
        "acceptedDate": "2013-08-08 17:10:38",
        "calendarYear": "2013",
        "period": "Q2",
        "revenue": 139000000,
        "costOfRevenue": 98900000,
        "grossProfit": 40100000,
        "grossProfitRatio": 0.2884892086,
        "researchAndDevelopmentExpenses": 1800000,
        "generalAndAdministrativeExpenses": 11800000,
        "sellingAndMarketingExpenses": 0,
        "sellingGeneralAndAdministrativeExpenses": 11800000,
        "otherExpenses": 42200000,
        "operatingExpenses": 55800000,
        "costAndExpenses": 154700000,
        "interestIncome": 0,
        "interestExpense": 34000000,
        "depreciationAndAmortization": 43700000,
        "ebitda": 78400000,
        "ebitdaratio": 0.564028777,
        "operatingIncome": -15700000,
        "operatingIncomeRatio": -0.1129496403,
        "totalOtherIncomeExpensesNet": 18200000,
        "incomeBeforeTax": 2500000,
        "incomeBeforeTaxRatio": 0.0179856115,
        "incomeTaxExpense": 600000,
        "netIncome": 100000,
        "netIncomeRatio": 0.0007194245,
        "eps": 0.0008,
        "epsdiluted": 0.0008,
        "weightedAverageShsOut": 119900000,
        "weightedAverageShsOutDil": 119900000,
        "link": "https://www.sec.gov/Archives/edgar/data/1419242/000104746913008262/0001047469-13-008262-index.htm",
        "finalLink": "https://www.sec.gov/Archives/edgar/data/1419242/000104746913008262/a2216161z10-q.htm"
    },
    {
        "date": "2013-03-31",
        "symbol": "AT",
        "reportedCurrency": "USD",
        "cik": "0001419242",
        "fillingDate": "2013-05-08",
        "acceptedDate": "2013-05-08 17:11:51",
        "calendarYear": "2013",
        "period": "Q1",
        "revenue": 140200000,
        "costOfRevenue": 77900000,
        "grossProfit": 62300000,
        "grossProfitRatio": 0.4443651926,
        "researchAndDevelopmentExpenses": 1700000,
        "generalAndAdministrativeExpenses": 8300000,
        "sellingAndMarketingExpenses": 0,
        "sellingGeneralAndAdministrativeExpenses": 8300000,
        "otherExpenses": 41300000,
        "operatingExpenses": 51300000,
        "costAndExpenses": 129200000,
        "interestIncome": 0,
        "interestExpense": 33900000,
        "depreciationAndAmortization": 49100000,
        "ebitda": 90200000,
        "ebitdaratio": 0.6433666191,
        "operatingIncome": 11000000,
        "operatingIncomeRatio": 0.0784593438,
        "totalOtherIncomeExpensesNet": -6600000,
        "incomeBeforeTax": 4400000,
        "incomeBeforeTaxRatio": 0.0313837375,
        "incomeTaxExpense": -2500000,
        "netIncome": 9700000,
        "netIncomeRatio": 0.0691868759,
        "eps": 0.0812,
        "epsdiluted": 0.0809,
        "weightedAverageShsOut": 119500000,
        "weightedAverageShsOutDil": 119900000,
        "link": "https://www.sec.gov/Archives/edgar/data/1419242/000104746913005749/0001047469-13-005749-index.htm",
        "finalLink": "https://www.sec.gov/Archives/edgar/data/1419242/000104746913001975/a2212859z10-k.htm"
    },
    {
        "date": "2012-12-31",
        "symbol": "AT",
        "reportedCurrency": "USD",
        "cik": "0001419242",
        "fillingDate": "2013-03-01",
        "acceptedDate": "2013-02-28 18:51:07",
        "calendarYear": "2012",
        "period": "Q4",
        "revenue": -23453000,
        "costOfRevenue": 117676000,
        "grossProfit": -141129000,
        "grossProfitRatio": 6.0175244105,
        "researchAndDevelopmentExpenses": 0,
        "generalAndAdministrativeExpenses": 6275000,
        "sellingAndMarketingExpenses": 0,
        "sellingGeneralAndAdministrativeExpenses": 6275000,
        "otherExpenses": -104215000,
        "operatingExpenses": -97940000,
        "costAndExpenses": 19736000,
        "interestIncome": 0,
        "interestExpense": 0,
        "depreciationAndAmortization": 39743000,
        "ebitda": -14167000,
        "ebitdaratio": 0.6040591822,
        "operatingIncome": -43189000,
        "operatingIncomeRatio": 1.8415128129,
        "totalOtherIncomeExpensesNet": -35400000,
        "incomeBeforeTax": -78589000,
        "incomeBeforeTaxRatio": 3.3509145951,
        "incomeTaxExpense": -9007000,
        "netIncome": -44903000,
        "netIncomeRatio": 1.9145951477,
        "eps": -0.38,
        "epsdiluted": -0.38,
        "weightedAverageShsOut": 119500000,
        "weightedAverageShsOutDil": 119500000,
        "link": "https://www.sec.gov/Archives/edgar/data/1419242/000104746913001975/0001047469-13-001975-index.htm",
        "finalLink": "https://www.sec.gov/Archives/edgar/data/1419242/000104746913001975/a2212859z10-k.htm"
    },
    {
        "date": "2012-09-30",
        "symbol": "AT",
        "reportedCurrency": "USD",
        "cik": "0001419242",
        "fillingDate": "2012-11-05",
        "acceptedDate": "2012-11-05 16:18:42",
        "calendarYear": "2012",
        "period": "Q3",
        "revenue": 154499000,
        "costOfRevenue": 58565000,
        "grossProfit": 95934000,
        "grossProfitRatio": 0.6209360578,
        "researchAndDevelopmentExpenses": 0,
        "generalAndAdministrativeExpenses": 6309000,
        "sellingAndMarketingExpenses": 0,
        "sellingGeneralAndAdministrativeExpenses": 6309000,
        "otherExpenses": 74390000,
        "operatingExpenses": 80699000,
        "costAndExpenses": 139264000,
        "interestIncome": 0,
        "interestExpense": 0,
        "depreciationAndAmortization": 40632000,
        "ebitda": 36352000,
        "ebitdaratio": 0.2352895488,
        "operatingIncome": 15235000,
        "operatingIncomeRatio": 0.0986090525,
        "totalOtherIncomeExpensesNet": -17325000,
        "incomeBeforeTax": -2090000,
        "incomeBeforeTaxRatio": -0.0135275956,
        "incomeTaxExpense": 3166000,
        "netIncome": -7446000,
        "netIncomeRatio": -0.0481944867,
        "eps": -0.0626,
        "epsdiluted": -0.0626,
        "weightedAverageShsOut": 119011000,
        "weightedAverageShsOutDil": 119011000,
        "link": "https://www.sec.gov/Archives/edgar/data/1419242/000104746912010058/0001047469-12-010058-index.htm",
        "finalLink": "https://www.sec.gov/Archives/edgar/data/1419242/000104746912010058/a2211608z10-q.htm"
    },
    {
        "date": "2012-06-30",
        "symbol": "AT",
        "reportedCurrency": "USD",
        "cik": "0001419242",
        "fillingDate": "2012-08-08",
        "acceptedDate": "2012-08-08 08:16:18",
        "calendarYear": "2012",
        "period": "Q2",
        "revenue": 155245000,
        "costOfRevenue": 55512000,
        "grossProfit": 99733000,
        "grossProfitRatio": 0.6424232664,
        "researchAndDevelopmentExpenses": 0,
        "generalAndAdministrativeExpenses": 8086000,
        "sellingAndMarketingExpenses": 0,
        "sellingGeneralAndAdministrativeExpenses": 8086000,
        "otherExpenses": 86464000,
        "operatingExpenses": 94550000,
        "costAndExpenses": 150062000,
        "interestIncome": 0,
        "interestExpense": 0,
        "depreciationAndAmortization": 40364000,
        "ebitda": 29752000,
        "ebitdaratio": 0.1916454636,
        "operatingIncome": 5183000,
        "operatingIncomeRatio": 0.0333859384,
        "totalOtherIncomeExpensesNet": -12765000,
        "incomeBeforeTax": -7582000,
        "incomeBeforeTaxRatio": -0.048838932,
        "incomeTaxExpense": -5526000,
        "netIncome": -5086000,
        "netIncomeRatio": -0.0327611195,
        "eps": -0.0447,
        "epsdiluted": -0.0447,
        "weightedAverageShsOut": 113682000,
        "weightedAverageShsOutDil": 113682000,
        "link": "https://www.sec.gov/Archives/edgar/data/1419242/000104746912007924/0001047469-12-007924-index.htm",
        "finalLink": "https://www.sec.gov/Archives/edgar/data/1419242/000104746912007924/a2210454z10-q.htm"
    },
    {
        "date": "2012-03-31",
        "symbol": "AT",
        "reportedCurrency": "USD",
        "cik": "0001419242",
        "fillingDate": "2012-05-07",
        "acceptedDate": "2012-05-07 17:21:44",
        "calendarYear": "2012",
        "period": "Q1",
        "revenue": 167610000,
        "costOfRevenue": 62099000,
        "grossProfit": 105511000,
        "grossProfitRatio": 0.6295030129,
        "researchAndDevelopmentExpenses": 0,
        "generalAndAdministrativeExpenses": 7833000,
        "sellingAndMarketingExpenses": 0,
        "sellingGeneralAndAdministrativeExpenses": 7833000,
        "otherExpenses": 67968000,
        "operatingExpenses": 75801000,
        "costAndExpenses": 137900000,
        "interestIncome": 0,
        "interestExpense": 29069000,
        "depreciationAndAmortization": 36468000,
        "ebitda": 10193000,
        "ebitdaratio": 0.0608137939,
        "operatingIncome": 29710000,
        "operatingIncomeRatio": 0.1772567269,
        "totalOtherIncomeExpensesNet": -85215000,
        "incomeBeforeTax": -55505000,
        "incomeBeforeTaxRatio": -0.331155659,
        "incomeTaxExpense": -16291000,
        "netIncome": -39053000,
        "netIncomeRatio": -0.2329992244,
        "eps": -0.34,
        "epsdiluted": -0.34,
        "weightedAverageShsOut": 113578000,
        "weightedAverageShsOutDil": 113578000,
        "link": "https://www.sec.gov/Archives/edgar/data/1419242/000104746912005481/0001047469-12-005481-index.htm",
        "finalLink": "https://www.sec.gov/Archives/edgar/data/1419242/000104746912001873/a2207548z10-k.htm"
    },
    {
        "date": "2011-12-31",
        "symbol": "AT",
        "reportedCurrency": "USD",
        "cik": "0001419242",
        "fillingDate": "2012-02-29",
        "acceptedDate": "2012-02-29 13:58:51",
        "calendarYear": "2011",
        "period": "Q4",
        "revenue": 125639000,
        "costOfRevenue": 47791000,
        "grossProfit": 77848000,
        "grossProfitRatio": 0.6196165203,
        "researchAndDevelopmentExpenses": 0,
        "generalAndAdministrativeExpenses": 17447000,
        "sellingAndMarketingExpenses": 0,
        "sellingGeneralAndAdministrativeExpenses": 17447000,
        "otherExpenses": 60241000,
        "operatingExpenses": 77688000,
        "costAndExpenses": 125479000,
        "interestIncome": 0,
        "interestExpense": 21552000,
        "depreciationAndAmortization": 30927000,
        "ebitda": 28253000,
        "ebitdaratio": 0.2248744419,
        "operatingIncome": 160000,
        "operatingIncomeRatio": 0.0012734899,
        "totalOtherIncomeExpensesNet": -24517000,
        "incomeBeforeTax": -24357000,
        "incomeBeforeTaxRatio": -0.1938649623,
        "incomeTaxExpense": 2357000,
        "netIncome": -26583000,
        "netIncomeRatio": -0.2115823908,
        "eps": -0.23,
        "epsdiluted": -0.23,
        "weightedAverageShsOut": 113578000,
        "weightedAverageShsOutDil": 113578000,
        "link": "https://www.sec.gov/Archives/edgar/data/1419242/000104746912001873/0001047469-12-001873-index.htm",
        "finalLink": "https://www.sec.gov/Archives/edgar/data/1419242/000104746912001873/a2207548z10-k.htm"
    },
    {
        "date": "2011-09-30",
        "symbol": "AT",
        "reportedCurrency": "USD",
        "cik": "0001419242",
        "fillingDate": "2011-11-14",
        "acceptedDate": "2011-11-14 07:07:24",
        "calendarYear": "2011",
        "period": "Q3",
        "revenue": 52333000,
        "costOfRevenue": 14818000,
        "grossProfit": 37515000,
        "grossProfitRatio": 0.7168516997,
        "researchAndDevelopmentExpenses": 0,
        "generalAndAdministrativeExpenses": 11936000,
        "sellingAndMarketingExpenses": 0,
        "sellingGeneralAndAdministrativeExpenses": 11936000,
        "otherExpenses": 19553000,
        "operatingExpenses": 31489000,
        "costAndExpenses": 46307000,
        "interestIncome": 0,
        "interestExpense": 7831000,
        "depreciationAndAmortization": 10908000,
        "ebitda": -13681000,
        "ebitdaratio": -0.2614220473,
        "operatingIncome": 6026000,
        "operatingIncomeRatio": 0.1151472302,
        "totalOtherIncomeExpensesNet": -38524000,
        "incomeBeforeTax": -32498000,
        "incomeBeforeTaxRatio": -0.620984847,
        "incomeTaxExpense": -4520000,
        "netIncome": -27900000,
        "netIncomeRatio": -0.5331244148,
        "eps": -0.4,
        "epsdiluted": -0.4,
        "weightedAverageShsOut": 68910000,
        "weightedAverageShsOutDil": 68910000,
        "link": "https://www.sec.gov/Archives/edgar/data/1419242/000104746911009414/0001047469-11-009414-index.htm",
        "finalLink": "https://www.sec.gov/Archives/edgar/data/1419242/000104746911009414/a2206208z10-q.htm"
    },
    {
        "date": "2011-06-30",
        "symbol": "AT",
        "reportedCurrency": "USD",
        "cik": "0001419242",
        "fillingDate": "2011-08-12",
        "acceptedDate": "2011-08-12 12:25:42",
        "calendarYear": "2011",
        "period": "Q2",
        "revenue": 53258000,
        "costOfRevenue": 14316000,
        "grossProfit": 38942000,
        "grossProfitRatio": 0.7311953134,
        "researchAndDevelopmentExpenses": 0,
        "generalAndAdministrativeExpenses": 4671000,
        "sellingAndMarketingExpenses": 0,
        "sellingGeneralAndAdministrativeExpenses": 4671000,
        "otherExpenses": 18725000,
        "operatingExpenses": 23396000,
        "costAndExpenses": 37712000,
        "interestIncome": 0,
        "interestExpense": 8053000,
        "depreciationAndAmortization": 10924000,
        "ebitda": 24479000,
        "ebitdaratio": 0.4596304781,
        "operatingIncome": 15546000,
        "operatingIncomeRatio": 0.2918998085,
        "totalOtherIncomeExpensesNet": -10161000,
        "incomeBeforeTax": 5385000,
        "incomeBeforeTaxRatio": 0.1011115701,
        "incomeTaxExpense": -7684000,
        "netIncome": 13186000,
        "netIncomeRatio": 0.2475872169,
        "eps": 0.19,
        "epsdiluted": 0.16,
        "weightedAverageShsOut": 68573000,
        "weightedAverageShsOutDil": 82939000,
        "link": "https://www.sec.gov/Archives/edgar/data/1419242/000104746911007322/0001047469-11-007322-index.htm",
        "finalLink": "https://www.sec.gov/Archives/edgar/data/1419242/000104746911007322/a2205171z10-q.htm"
    },
    {
        "date": "2011-03-31",
        "symbol": "AT",
        "reportedCurrency": "USD",
        "cik": "0001419242",
        "fillingDate": "2011-05-11",
        "acceptedDate": "2011-05-11 15:05:37",
        "calendarYear": "2011",
        "period": "Q1",
        "revenue": 53665000,
        "costOfRevenue": 17068000,
        "grossProfit": 36597000,
        "grossProfitRatio": 0.6819528557,
        "researchAndDevelopmentExpenses": 0,
        "generalAndAdministrativeExpenses": 6293000,
        "sellingAndMarketingExpenses": 0,
        "sellingGeneralAndAdministrativeExpenses": 6293000,
        "otherExpenses": 19712000,
        "operatingExpenses": 26005000,
        "costAndExpenses": 43073000,
        "interestIncome": 0,
        "interestExpense": 8615000,
        "depreciationAndAmortization": 10879000,
        "ebitda": 27153000,
        "ebitdaratio": 0.5059722352,
        "operatingIncome": 10592000,
        "operatingIncomeRatio": 0.1973725892,
        "totalOtherIncomeExpensesNet": -3087000,
        "incomeBeforeTax": 7505000,
        "incomeBeforeTaxRatio": 0.1398490636,
        "incomeTaxExpense": 1523000,
        "netIncome": 6136000,
        "netIncomeRatio": 0.1143389546,
        "eps": 0.0907,
        "epsdiluted": 0.0739,
        "weightedAverageShsOut": 67654000,
        "weightedAverageShsOutDil": 82980000,
        "link": "https://www.sec.gov/Archives/edgar/data/1419242/000104746911004948/0001047469-11-004948-index.htm",
        "finalLink": "https://www.sec.gov/Archives/edgar/data/1419242/000104746911002320/a2202483z10-k.htm"
    },
    {
        "date": "2010-12-31",
        "symbol": "AT",
        "reportedCurrency": "USD",
        "cik": "0001419242",
        "fillingDate": "2011-03-18",
        "acceptedDate": "2011-03-18 13:40:54",
        "calendarYear": "2010",
        "period": "Q4",
        "revenue": 46092000,
        "costOfRevenue": 13947000,
        "grossProfit": 32145000,
        "grossProfitRatio": 0.6974095288,
        "researchAndDevelopmentExpenses": 0,
        "generalAndAdministrativeExpenses": 5760000,
        "sellingAndMarketingExpenses": 0,
        "sellingGeneralAndAdministrativeExpenses": 5760000,
        "otherExpenses": 20495000,
        "operatingExpenses": 26255000,
        "costAndExpenses": 40202000,
        "interestIncome": 0,
        "interestExpense": 8458000,
        "depreciationAndAmortization": 10163000,
        "ebitda": 26744000,
        "ebitdaratio": 0.5802308427,
        "operatingIncome": 5890000,
        "operatingIncomeRatio": 0.1277879025,
        "totalOtherIncomeExpensesNet": 2358000,
        "incomeBeforeTax": 8248000,
        "incomeBeforeTaxRatio": 0.1789464549,
        "incomeTaxExpense": 6819000,
        "netIncome": 1304000,
        "netIncomeRatio": 0.0282912436,
        "eps": 0.0193,
        "epsdiluted": 0.0193,
        "weightedAverageShsOut": 67654000,
        "weightedAverageShsOutDil": 67654000,
        "link": "https://www.sec.gov/Archives/edgar/data/1419242/000104746911002320/0001047469-11-002320-index.htm",
        "finalLink": "https://www.sec.gov/Archives/edgar/data/1419242/000104746911002320/a2202483z10-k.htm"
    },
    {
        "date": "2010-09-30",
        "symbol": "AT",
        "reportedCurrency": "USD",
        "cik": "0001419242",
        "fillingDate": "2010-11-10",
        "acceptedDate": "2010-11-10 16:28:25",
        "calendarYear": "2010",
        "period": "Q3",
        "revenue": 54039000,
        "costOfRevenue": 19678000,
        "grossProfit": 34361000,
        "grossProfitRatio": 0.6358555858,
        "researchAndDevelopmentExpenses": 0,
        "generalAndAdministrativeExpenses": 5275000,
        "sellingAndMarketingExpenses": 0,
        "sellingGeneralAndAdministrativeExpenses": 5275000,
        "otherExpenses": 15756000,
        "operatingExpenses": 21031000,
        "costAndExpenses": 40709000,
        "interestIncome": 0,
        "interestExpense": 6872000,
        "depreciationAndAmortization": 10082000,
        "ebitda": 20130000,
        "ebitdaratio": 0.3725087437,
        "operatingIncome": 13330000,
        "operatingIncomeRatio": 0.2466736986,
        "totalOtherIncomeExpensesNet": -10253000,
        "incomeBeforeTax": 3077000,
        "incomeBeforeTaxRatio": 0.0569403579,
        "incomeTaxExpense": 3614000,
        "netIncome": -438000,
        "netIncomeRatio": -0.0081052573,
        "eps": -0.0072,
        "epsdiluted": -0.006,
        "weightedAverageShsOut": 60511000,
        "weightedAverageShsOutDil": 72598000,
        "link": "https://www.sec.gov/Archives/edgar/data/1419242/000104746910009572/0001047469-10-009572-index.htm",
        "finalLink": "https://www.sec.gov/Archives/edgar/data/1419242/000104746910009572/a2200752z10-q.htm"
    },
    {
        "date": "2010-06-30",
        "symbol": "AT",
        "reportedCurrency": "USD",
        "cik": "0001419242",
        "fillingDate": "2010-08-09",
        "acceptedDate": "2010-08-09 16:54:48",
        "calendarYear": "2010",
        "period": "Q2",
        "revenue": 47904000,
        "costOfRevenue": 15771000,
        "grossProfit": 32133000,
        "grossProfitRatio": 0.6707790581,
        "researchAndDevelopmentExpenses": 0,
        "generalAndAdministrativeExpenses": 4826000,
        "sellingAndMarketingExpenses": 0,
        "sellingGeneralAndAdministrativeExpenses": 4826000,
        "otherExpenses": 15530000,
        "operatingExpenses": 20356000,
        "costAndExpenses": 36127000,
        "interestIncome": 0,
        "interestExpense": 6826000,
        "depreciationAndAmortization": 10071000,
        "ebitda": 21960000,
        "ebitdaratio": 0.4584168337,
        "operatingIncome": 11777000,
        "operatingIncomeRatio": 0.2458458584,
        "totalOtherIncomeExpensesNet": -6795000,
        "incomeBeforeTax": 4982000,
        "incomeBeforeTaxRatio": 0.103999666,
        "incomeTaxExpense": 3618000,
        "netIncome": 1445000,
        "netIncomeRatio": 0.0301644957,
        "eps": 0.0239,
        "epsdiluted": 0.02,
        "weightedAverageShsOut": 60481000,
        "weightedAverageShsOutDil": 72363000,
        "link": "https://www.sec.gov/Archives/edgar/data/1419242/000104746910007254/0001047469-10-007254-index.htm",
        "finalLink": "https://www.sec.gov/Archives/edgar/data/1419242/000104746910007254/a2199760z10-q.htm"
    },
    {
        "date": "2010-03-31",
        "symbol": "AT",
        "reportedCurrency": "USD",
        "cik": "0001419242",
        "fillingDate": "2010-03-31",
        "acceptedDate": "2010-03-30 20:00:00",
        "calendarYear": "2010",
        "period": "Q1",
        "revenue": 47221000,
        "costOfRevenue": 16157000,
        "grossProfit": 31064000,
        "grossProfitRatio": 0.6578429089,
        "researchAndDevelopmentExpenses": 0,
        "generalAndAdministrativeExpenses": 5019000,
        "sellingAndMarketingExpenses": 0,
        "sellingGeneralAndAdministrativeExpenses": 5019000,
        "otherExpenses": 15112000,
        "operatingExpenses": 20131000,
        "costAndExpenses": 36288000,
        "interestIncome": 0,
        "interestExpense": 7205000,
        "depreciationAndAmortization": 10071000,
        "ebitda": 16086000,
        "ebitdaratio": 0.3406535228,
        "operatingIncome": 10933000,
        "operatingIncomeRatio": 0.2315283454,
        "totalOtherIncomeExpensesNet": -12171000,
        "incomeBeforeTax": -1238000,
        "incomeBeforeTaxRatio": -0.0262171491,
        "incomeTaxExpense": 4873000,
        "netIncome": -6063000,
        "netIncomeRatio": -0.1283962644,
        "eps": -0.1,
        "epsdiluted": -0.0839,
        "weightedAverageShsOut": 60404000,
        "weightedAverageShsOutDil": 72271000,
        "link": "",
        "finalLink": ""
    },
    {
        "date": "2009-12-31",
        "symbol": "AT",
        "reportedCurrency": "USD",
        "cik": "0001419242",
        "fillingDate": "2009-12-31",
        "acceptedDate": "2009-12-30 19:00:00",
        "calendarYear": "2009",
        "period": "Q4",
        "revenue": 72111000,
        "costOfRevenue": 30151000,
        "grossProfit": 41960000,
        "grossProfitRatio": 0.5818807117,
        "researchAndDevelopmentExpenses": 0,
        "generalAndAdministrativeExpenses": 20057000,
        "sellingAndMarketingExpenses": 0,
        "sellingGeneralAndAdministrativeExpenses": 20057000,
        "otherExpenses": 26352000,
        "operatingExpenses": 46409000,
        "costAndExpenses": 76560000,
        "interestIncome": 0,
        "interestExpense": 30149000,
        "depreciationAndAmortization": 13693000,
        "ebitda": -41212000,
        "ebitdaratio": -0.5715078143,
        "operatingIncome": -4449000,
        "operatingIncomeRatio": -0.0616965512,
        "totalOtherIncomeExpensesNet": -89769000,
        "incomeBeforeTax": -94218000,
        "incomeBeforeTaxRatio": -1.3065690394,
        "incomeTaxExpense": -55486000,
        "netIncome": -29568000,
        "netIncomeRatio": -0.4100345301,
        "eps": -0.49,
        "epsdiluted": -0.49,
        "weightedAverageShsOut": 60518000,
        "weightedAverageShsOutDil": 60518000,
        "link": "",
        "finalLink": ""
    },
    {
        "date": "2009-09-30",
        "symbol": "AT",
        "reportedCurrency": "USD",
        "cik": "0001419242",
        "fillingDate": "2009-09-30",
        "acceptedDate": "2009-09-29 20:00:00",
        "calendarYear": "2009",
        "period": "Q3",
        "revenue": 70518000,
        "costOfRevenue": 28741000,
        "grossProfit": 41777000,
        "grossProfitRatio": 0.5924303015,
        "researchAndDevelopmentExpenses": 0,
        "generalAndAdministrativeExpenses": 4669000,
        "sellingAndMarketingExpenses": 0,
        "sellingGeneralAndAdministrativeExpenses": 4669000,
        "otherExpenses": 23840000,
        "operatingExpenses": 28509000,
        "costAndExpenses": 57250000,
        "interestIncome": 0,
        "interestExpense": 16861000,
        "depreciationAndAmortization": 12358000,
        "ebitda": 70186000,
        "ebitdaratio": 0.9952919822,
        "operatingIncome": 13268000,
        "operatingIncomeRatio": 0.1881505431,
        "totalOtherIncomeExpensesNet": 29216000,
        "incomeBeforeTax": 42484000,
        "incomeBeforeTaxRatio": 0.6024561105,
        "incomeTaxExpense": 17072000,
        "netIncome": 23895000,
        "netIncomeRatio": 0.3388496554,
        "eps": 0.39,
        "epsdiluted": 0.36,
        "weightedAverageShsOut": 60518000,
        "weightedAverageShsOutDil": 65892000,
        "link": "",
        "finalLink": ""
    },
    {
        "date": "2009-06-30",
        "symbol": "AT",
        "reportedCurrency": "USD",
        "cik": "0001419242",
        "fillingDate": "2009-06-30",
        "acceptedDate": "2009-06-29 20:00:00",
        "calendarYear": "2009",
        "period": "Q2",
        "revenue": 73242000,
        "costOfRevenue": 25974000,
        "grossProfit": 47268000,
        "grossProfitRatio": 0.6453674121,
        "researchAndDevelopmentExpenses": 0,
        "generalAndAdministrativeExpenses": 7291000,
        "sellingAndMarketingExpenses": 0,
        "sellingGeneralAndAdministrativeExpenses": 7291000,
        "otherExpenses": 30054000,
        "operatingExpenses": 37345000,
        "costAndExpenses": 63319000,
        "interestIncome": 0,
        "interestExpense": 17489000,
        "depreciationAndAmortization": 14815000,
        "ebitda": 65526000,
        "ebitdaratio": 0.8946506103,
        "operatingIncome": 9923000,
        "operatingIncomeRatio": 0.1354823735,
        "totalOtherIncomeExpensesNet": 23299000,
        "incomeBeforeTax": 33222000,
        "incomeBeforeTaxRatio": 0.4535922012,
        "incomeTaxExpense": 13618000,
        "netIncome": 19604000,
        "netIncomeRatio": 0.2676606319,
        "eps": 0.32,
        "epsdiluted": 0.3,
        "weightedAverageShsOut": 60600000,
        "weightedAverageShsOutDil": 65978000,
        "link": "",
        "finalLink": ""
    },
    {
        "date": "2009-03-31",
        "symbol": "AT",
        "reportedCurrency": "USD",
        "cik": "0001419242",
        "fillingDate": "2009-03-31",
        "acceptedDate": "2009-03-30 20:00:00",
        "calendarYear": "2009",
        "period": "Q1",
        "revenue": 83551000,
        "costOfRevenue": 33851000,
        "grossProfit": 49700000,
        "grossProfitRatio": 0.5948462616,
        "researchAndDevelopmentExpenses": 0,
        "generalAndAdministrativeExpenses": 6201000,
        "sellingAndMarketingExpenses": 0,
        "sellingGeneralAndAdministrativeExpenses": 6201000,
        "otherExpenses": 25607000,
        "operatingExpenses": 31808000,
        "costAndExpenses": 65659000,
        "interestIncome": 0,
        "interestExpense": 16312000,
        "depreciationAndAmortization": 14981000,
        "ebitda": -23590000,
        "ebitdaratio": -0.2823425213,
        "operatingIncome": 17892000,
        "operatingIncomeRatio": 0.2141446542,
        "totalOtherIncomeExpensesNet": -72775000,
        "incomeBeforeTax": -54883000,
        "incomeBeforeTaxRatio": -0.6568802288,
        "incomeTaxExpense": -22679000,
        "netIncome": -32204000,
        "netIncomeRatio": -0.3854412275,
        "eps": -0.53,
        "epsdiluted": -0.53,
        "weightedAverageShsOut": 60941000,
        "weightedAverageShsOutDil": 60941000,
        "link": "",
        "finalLink": ""
    },
    {
        "date": "2008-12-31",
        "symbol": "AT",
        "reportedCurrency": "USD",
        "cik": "0001419242",
        "fillingDate": "2008-12-31",
        "acceptedDate": "2008-12-30 19:00:00",
        "calendarYear": "2008",
        "period": "Q4",
        "revenue": 88219121,
        "costOfRevenue": 34565382,
        "grossProfit": 53653739,
        "grossProfitRatio": 0.6081871865,
        "researchAndDevelopmentExpenses": 0,
        "generalAndAdministrativeExpenses": 0,
        "sellingAndMarketingExpenses": 0,
        "sellingGeneralAndAdministrativeExpenses": 15363030,
        "otherExpenses": 14746062,
        "operatingExpenses": 30109092,
        "costAndExpenses": 64674474,
        "interestIncome": 0,
        "interestExpense": 17018080,
        "depreciationAndAmortization": 90443005,
        "ebitda": 113987652,
        "ebitdaratio": 1.2920968913,
        "operatingIncome": 23544647,
        "operatingIncomeRatio": 0.266888252,
        "totalOtherIncomeExpensesNet": 73424925,
        "incomeBeforeTax": 96969572,
        "incomeBeforeTaxRatio": 1.0991899591,
        "incomeTaxExpense": 18045781,
        "netIncome": 78923791,
        "netIncomeRatio": 0.8946336135,
        "eps": 1.29,
        "epsdiluted": 1.29,
        "weightedAverageShsOut": 61260906,
        "weightedAverageShsOutDil": 61260906,
        "link": "",
        "finalLink": ""
    },
    {
        "date": "2008-09-30",
        "symbol": "AT",
        "reportedCurrency": "USD",
        "cik": "0001419242",
        "fillingDate": "2008-09-30",
        "acceptedDate": "2008-09-29 20:00:00",
        "calendarYear": "2008",
        "period": "Q3",
        "revenue": 84145608,
        "costOfRevenue": 41506811,
        "grossProfit": 42638797,
        "grossProfitRatio": 0.5067263523,
        "researchAndDevelopmentExpenses": 0,
        "generalAndAdministrativeExpenses": 2944105,
        "sellingAndMarketingExpenses": 0,
        "sellingGeneralAndAdministrativeExpenses": 2944105,
        "otherExpenses": 22878347,
        "operatingExpenses": 25822452,
        "costAndExpenses": 67329263,
        "interestIncome": 0,
        "interestExpense": 17209018,
        "depreciationAndAmortization": 111336778,
        "ebitda": 128153123,
        "ebitdaratio": 1.5229924181,
        "operatingIncome": 16816345,
        "operatingIncomeRatio": 0.1998481608,
        "totalOtherIncomeExpensesNet": 94127760,
        "incomeBeforeTax": 110944105,
        "incomeBeforeTaxRatio": 1.3184776679,
        "incomeTaxExpense": 44777830,
        "netIncome": 66166275,
        "netIncomeRatio": 0.7863307019,
        "eps": 1.08,
        "epsdiluted": 1,
        "weightedAverageShsOut": 61260906,
        "weightedAverageShsOutDil": 66405851,
        "link": "",
        "finalLink": ""
    },
    {
        "date": "2008-06-30",
        "symbol": "AT",
        "reportedCurrency": "USD",
        "cik": "0001419242",
        "fillingDate": "2008-06-30",
        "acceptedDate": "2008-06-29 20:00:00",
        "calendarYear": "2008",
        "period": "Q2",
        "revenue": 81829616,
        "costOfRevenue": 29154957,
        "grossProfit": 52674659,
        "grossProfitRatio": 0.6437114284,
        "researchAndDevelopmentExpenses": 0,
        "generalAndAdministrativeExpenses": 2503685,
        "sellingAndMarketingExpenses": 0,
        "sellingGeneralAndAdministrativeExpenses": 2503685,
        "otherExpenses": 25753169,
        "operatingExpenses": 28256854,
        "costAndExpenses": 57411811,
        "interestIncome": 0,
        "interestExpense": 17797976,
        "depreciationAndAmortization": -84941535,
        "ebitda": -60523730,
        "ebitdaratio": -0.7396311135,
        "operatingIncome": 24417805,
        "operatingIncomeRatio": 0.2983981374,
        "totalOtherIncomeExpensesNet": -102739511,
        "incomeBeforeTax": -78321706,
        "incomeBeforeTaxRatio": -0.9571315354,
        "incomeTaxExpense": -38266680,
        "netIncome": -40055026,
        "netIncomeRatio": -0.4894930217,
        "eps": -0.65,
        "epsdiluted": -0.6,
        "weightedAverageShsOut": 61490791,
        "weightedAverageShsOutDil": 66600375,
        "link": "",
        "finalLink": ""
    },
    {
        "date": "2008-03-31",
        "symbol": "AT",
        "reportedCurrency": "USD",
        "cik": "0001419242",
        "fillingDate": "2008-03-31",
        "acceptedDate": "2008-03-30 20:00:00",
        "calendarYear": "2008",
        "period": "Q1",
        "revenue": 80028191,
        "costOfRevenue": 28134539,
        "grossProfit": 51893652,
        "grossProfitRatio": 0.6484421471,
        "researchAndDevelopmentExpenses": 0,
        "generalAndAdministrativeExpenses": 2450666,
        "sellingAndMarketingExpenses": 0,
        "sellingGeneralAndAdministrativeExpenses": 2450666,
        "otherExpenses": 27276174,
        "operatingExpenses": 29726840,
        "costAndExpenses": 57861379,
        "interestIncome": 0,
        "interestExpense": 17723340,
        "depreciationAndAmortization": -10821425,
        "ebitda": 11345387,
        "ebitdaratio": 0.1417673804,
        "operatingIncome": 22166812,
        "operatingIncomeRatio": 0.2769875431,
        "totalOtherIncomeExpensesNet": -28544765,
        "incomeBeforeTax": -6377953,
        "incomeBeforeTaxRatio": -0.0796963285,
        "incomeTaxExpense": -12032663,
        "netIncome": 5654710,
        "netIncomeRatio": 0.0706589757,
        "eps": 0.092,
        "epsdiluted": 0.092,
        "weightedAverageShsOut": 61470500,
        "weightedAverageShsOutDil": 61470500,
        "link": "",
        "finalLink": ""
    },
    {
        "date": "2007-12-31",
        "symbol": "AT",
        "reportedCurrency": "USD",
        "cik": "0001419242",
        "fillingDate": "2007-12-31",
        "acceptedDate": "2007-12-30 19:00:00",
        "calendarYear": "2007",
        "period": "Q4",
        "revenue": 93040184,
        "costOfRevenue": 27439577,
        "grossProfit": 65600607,
        "grossProfitRatio": 0.7050782165,
        "researchAndDevelopmentExpenses": 0,
        "generalAndAdministrativeExpenses": 0,
        "sellingAndMarketingExpenses": 0,
        "sellingGeneralAndAdministrativeExpenses": 2574693,
        "otherExpenses": 95505253,
        "operatingExpenses": 98079946,
        "costAndExpenses": 125519523,
        "interestIncome": 0,
        "interestExpense": 19472610,
        "depreciationAndAmortization": -59086373,
        "ebitda": -91565712,
        "ebitdaratio": -0.9841523099,
        "operatingIncome": -32479339,
        "operatingIncomeRatio": -0.3490893677,
        "totalOtherIncomeExpensesNet": -78558983,
        "incomeBeforeTax": -111038322,
        "incomeBeforeTaxRatio": -1.1934447808,
        "incomeTaxExpense": -36796580,
        "netIncome": -74241742,
        "netIncomeRatio": -0.7979535165,
        "eps": -1.21,
        "epsdiluted": -1.21,
        "weightedAverageShsOut": 61470500,
        "weightedAverageShsOutDil": 61470500,
        "link": "",
        "finalLink": ""
    },
    {
        "date": "2007-09-30",
        "symbol": "AT",
        "reportedCurrency": "USD",
        "cik": "0001419242",
        "fillingDate": "2007-09-30",
        "acceptedDate": "2007-09-29 20:00:00",
        "calendarYear": "2007",
        "period": "Q3",
        "revenue": 75665124,
        "costOfRevenue": 30918696,
        "grossProfit": 44746428,
        "grossProfitRatio": 0.5913745413,
        "researchAndDevelopmentExpenses": 0,
        "generalAndAdministrativeExpenses": 2233850,
        "sellingAndMarketingExpenses": 0,
        "sellingGeneralAndAdministrativeExpenses": 2233850,
        "otherExpenses": 23713021,
        "operatingExpenses": 25946871,
        "costAndExpenses": 56865567,
        "interestIncome": 0,
        "interestExpense": 18993761,
        "depreciationAndAmortization": -13144496,
        "ebitda": 5655061,
        "ebitdaratio": 0.0747380127,
        "operatingIncome": 18799557,
        "operatingIncomeRatio": 0.2484573606,
        "totalOtherIncomeExpensesNet": -32138257,
        "incomeBeforeTax": -13338700,
        "incomeBeforeTaxRatio": -0.1762859729,
        "incomeTaxExpense": 5389414,
        "netIncome": -18728114,
        "netIncomeRatio": -0.2475131608,
        "eps": -0.3,
        "epsdiluted": -0.3,
        "weightedAverageShsOut": 61470500,
        "weightedAverageShsOutDil": 61470500,
        "link": "",
        "finalLink": ""
    },
    {
        "date": "2007-06-30",
        "symbol": "AT",
        "reportedCurrency": "USD",
        "cik": "0001419242",
        "fillingDate": "2007-06-30",
        "acceptedDate": "2007-06-29 20:00:00",
        "calendarYear": "2007",
        "period": "Q2",
        "revenue": 70145869,
        "costOfRevenue": 26189535,
        "grossProfit": 43956334,
        "grossProfitRatio": 0.6266418055,
        "researchAndDevelopmentExpenses": 0,
        "generalAndAdministrativeExpenses": 2182383,
        "sellingAndMarketingExpenses": 0,
        "sellingGeneralAndAdministrativeExpenses": 2182383,
        "otherExpenses": 24035385,
        "operatingExpenses": 26217768,
        "costAndExpenses": 52407303,
        "interestIncome": 0,
        "interestExpense": 16084133,
        "depreciationAndAmortization": -25521363,
        "ebitda": -7782797,
        "ebitdaratio": -0.1109516086,
        "operatingIncome": 17738566,
        "operatingIncomeRatio": 0.2528811212,
        "totalOtherIncomeExpensesNet": -41605496,
        "incomeBeforeTax": -23866930,
        "incomeBeforeTaxRatio": -0.3402471213,
        "incomeTaxExpense": 320911,
        "netIncome": -24187841,
        "netIncomeRatio": -0.3448220308,
        "eps": -0.39,
        "epsdiluted": -0.39,
        "weightedAverageShsOut": 61470500,
        "weightedAverageShsOutDil": 61470500,
        "link": "",
        "finalLink": ""
    },
    {
        "date": "2007-03-31",
        "symbol": "AT",
        "reportedCurrency": "USD",
        "cik": "0001419242",
        "fillingDate": "2007-03-31",
        "acceptedDate": "2007-03-30 20:00:00",
        "calendarYear": "2007",
        "period": "Q1",
        "revenue": 67341311,
        "costOfRevenue": 24668748,
        "grossProfit": 42672563,
        "grossProfitRatio": 0.6336758576,
        "researchAndDevelopmentExpenses": 0,
        "generalAndAdministrativeExpenses": 1200139,
        "sellingAndMarketingExpenses": 0,
        "sellingGeneralAndAdministrativeExpenses": 1200139,
        "otherExpenses": 24061741,
        "operatingExpenses": 25261880,
        "costAndExpenses": 49930628,
        "interestIncome": 0,
        "interestExpense": 0,
        "depreciationAndAmortization": -66144640,
        "ebitda": -48733957,
        "ebitdaratio": -0.7236858962,
        "operatingIncome": 17410683,
        "operatingIncomeRatio": 0.2585438677,
        "totalOtherIncomeExpensesNet": -66144640,
        "incomeBeforeTax": -48733957,
        "incomeBeforeTaxRatio": -0.7236858962,
        "incomeTaxExpense": 1005897,
        "netIncome": -49739854,
        "netIncomeRatio": -0.7386231907,
        "eps": -0.81,
        "epsdiluted": -0.81,
        "weightedAverageShsOut": 61470500,
        "weightedAverageShsOutDil": 61470500,
        "link": "",
        "finalLink": ""
    },
    {
        "date": "2006-12-31",
        "symbol": "AT",
        "reportedCurrency": "USD",
        "cik": "0001419242",
        "fillingDate": "2006-12-31",
        "acceptedDate": "2006-12-30 19:00:00",
        "calendarYear": "2006",
        "period": "Q4",
        "revenue": 64199798,
        "costOfRevenue": 21676211,
        "grossProfit": 42523587,
        "grossProfitRatio": 0.6623632523,
        "researchAndDevelopmentExpenses": 0,
        "generalAndAdministrativeExpenses": 0,
        "sellingAndMarketingExpenses": 0,
        "sellingGeneralAndAdministrativeExpenses": 1894492,
        "otherExpenses": 26065294,
        "operatingExpenses": 27959786,
        "costAndExpenses": 49635997,
        "interestIncome": 0,
        "interestExpense": 16156622,
        "depreciationAndAmortization": 5781267,
        "ebitda": 20345068,
        "ebitdaratio": 0.3169023678,
        "operatingIncome": 14563801,
        "operatingIncomeRatio": 0.2268511966,
        "totalOtherIncomeExpensesNet": -10375355,
        "incomeBeforeTax": 4188446,
        "incomeBeforeTaxRatio": 0.0652407972,
        "incomeTaxExpense": 1253263,
        "netIncome": 2935183,
        "netIncomeRatio": 0.0457195052,
        "eps": 0.0662,
        "epsdiluted": 0.0662,
        "weightedAverageShsOut": 44339500,
        "weightedAverageShsOutDil": 44339500,
        "link": "",
        "finalLink": ""
    },
    {
        "date": "2006-09-30",
        "symbol": "AT",
        "reportedCurrency": "USD",
        "cik": "0001419242",
        "fillingDate": "2006-09-30",
        "acceptedDate": "2006-09-29 20:00:00",
        "calendarYear": "2006",
        "period": "Q3",
        "revenue": 65521160,
        "costOfRevenue": 27202290,
        "grossProfit": 38318870,
        "grossProfitRatio": 0.584831984,
        "researchAndDevelopmentExpenses": 0,
        "generalAndAdministrativeExpenses": 1594346,
        "sellingAndMarketingExpenses": 0,
        "sellingGeneralAndAdministrativeExpenses": 1594346,
        "otherExpenses": 21459246,
        "operatingExpenses": 23053592,
        "costAndExpenses": 50255882,
        "interestIncome": 0,
        "interestExpense": 13476783,
        "depreciationAndAmortization": -16238705,
        "ebitda": -973427,
        "ebitdaratio": -0.0148566814,
        "operatingIncome": 15265278,
        "operatingIncomeRatio": 0.2329824136,
        "totalOtherIncomeExpensesNet": -29715488,
        "incomeBeforeTax": -14450210,
        "incomeBeforeTaxRatio": -0.2205426461,
        "incomeTaxExpense": -1129104,
        "netIncome": -13321106,
        "netIncomeRatio": -0.2033099841,
        "eps": -0.3,
        "epsdiluted": -0.3,
        "weightedAverageShsOut": 44339500,
        "weightedAverageShsOutDil": 44339500,
        "link": "",
        "finalLink": ""
    },
    {
        "date": "2006-06-30",
        "symbol": "AT",
        "reportedCurrency": "USD",
        "cik": "0001419242",
        "fillingDate": "2006-06-30",
        "acceptedDate": "2006-06-29 20:00:00",
        "calendarYear": "2006",
        "period": "Q2",
        "revenue": 58029583,
        "costOfRevenue": 22078888,
        "grossProfit": 35950695,
        "grossProfitRatio": 0.6195235799,
        "researchAndDevelopmentExpenses": 0,
        "generalAndAdministrativeExpenses": 1748991,
        "sellingAndMarketingExpenses": 0,
        "sellingGeneralAndAdministrativeExpenses": 1748991,
        "otherExpenses": 20385478,
        "operatingExpenses": 22134469,
        "costAndExpenses": 44213357,
        "interestIncome": 0,
        "interestExpense": 8126401,
        "depreciationAndAmortization": -740475,
        "ebitda": 13075751,
        "ebitdaratio": 0.2253290533,
        "operatingIncome": 13816226,
        "operatingIncomeRatio": 0.2380893552,
        "totalOtherIncomeExpensesNet": -8866876,
        "incomeBeforeTax": 4949350,
        "incomeBeforeTaxRatio": 0.0852901183,
        "incomeTaxExpense": 293142,
        "netIncome": 4656208,
        "netIncomeRatio": 0.0802385225,
        "eps": 0.11,
        "epsdiluted": 0.11,
        "weightedAverageShsOut": 44339500,
        "weightedAverageShsOutDil": 44339500,
        "link": "",
        "finalLink": ""
    },
    {
        "date": "2006-03-31",
        "symbol": "AT",
        "reportedCurrency": "USD",
        "cik": "0001419242",
        "fillingDate": "2006-03-31",
        "acceptedDate": "2006-03-30 19:00:00",
        "calendarYear": "2006",
        "period": "Q1",
        "revenue": 55106620,
        "costOfRevenue": 21192087,
        "grossProfit": 33914533,
        "grossProfitRatio": 0.6154348243,
        "researchAndDevelopmentExpenses": 0,
        "generalAndAdministrativeExpenses": 1131284,
        "sellingAndMarketingExpenses": 0,
        "sellingGeneralAndAdministrativeExpenses": 1131284,
        "otherExpenses": 22473238,
        "operatingExpenses": 23604522,
        "costAndExpenses": 44796609,
        "interestIncome": 0,
        "interestExpense": 10626873,
        "depreciationAndAmortization": 3798064,
        "ebitda": 14108075,
        "ebitdaratio": 0.2560141595,
        "operatingIncome": 10310011,
        "operatingIncomeRatio": 0.187092059,
        "totalOtherIncomeExpensesNet": -6828809,
        "incomeBeforeTax": 3481202,
        "incomeBeforeTaxRatio": 0.0631721198,
        "incomeTaxExpense": 160144,
        "netIncome": 3321058,
        "netIncomeRatio": 0.0602660443,
        "eps": 0.0749,
        "epsdiluted": 0.0749,
        "weightedAverageShsOut": 44339500,
        "weightedAverageShsOutDil": 44339500,
        "link": "",
        "finalLink": ""
    },
    {
        "date": "2005-12-31",
        "symbol": "AT",
        "reportedCurrency": "USD",
        "cik": "0001419242",
        "fillingDate": "2005-12-31",
        "acceptedDate": "2005-12-30 19:00:00",
        "calendarYear": "2005",
        "period": "Q4",
        "revenue": 58023318,
        "costOfRevenue": -26535227,
        "grossProfit": 84558545,
        "grossProfitRatio": 1.4573200554,
        "researchAndDevelopmentExpenses": 0,
        "generalAndAdministrativeExpenses": 0,
        "sellingAndMarketingExpenses": 0,
        "sellingGeneralAndAdministrativeExpenses": 0,
        "otherExpenses": 52978213,
        "operatingExpenses": 52978213,
        "costAndExpenses": 26442986,
        "interestIncome": 0,
        "interestExpense": 0,
        "depreciationAndAmortization": -28663063,
        "ebitda": 2917269,
        "ebitdaratio": 0.0502775281,
        "operatingIncome": 31580332,
        "operatingIncomeRatio": 0.5442696676,
        "totalOtherIncomeExpensesNet": -28663063,
        "incomeBeforeTax": 2917269,
        "incomeBeforeTaxRatio": 0.0502775281,
        "incomeTaxExpense": 179341,
        "netIncome": 2737928,
        "netIncomeRatio": 0.0471866845,
        "eps": 0.0744,
        "epsdiluted": 0.0744,
        "weightedAverageShsOut": 36800000,
        "weightedAverageShsOutDil": 36800000,
        "link": "",
        "finalLink": ""
    },
    {
        "date": "2005-09-30",
        "symbol": "AT",
        "reportedCurrency": "USD",
        "cik": "0001419242",
        "fillingDate": "2005-09-30",
        "acceptedDate": "2005-09-29 20:00:00",
        "calendarYear": "2005",
        "period": "Q3",
        "revenue": 50848000,
        "costOfRevenue": 37144000,
        "grossProfit": 13704000,
        "grossProfitRatio": 0.2695091252,
        "researchAndDevelopmentExpenses": 0,
        "generalAndAdministrativeExpenses": 0,
        "sellingAndMarketingExpenses": 0,
        "sellingGeneralAndAdministrativeExpenses": 0,
        "otherExpenses": 16809000,
        "operatingExpenses": 16809000,
        "costAndExpenses": 53953000,
        "interestIncome": 0,
        "interestExpense": 0,
        "depreciationAndAmortization": -2738000,
        "ebitda": -5843000,
        "ebitdaratio": -0.1149111076,
        "operatingIncome": -3105000,
        "operatingIncomeRatio": -0.0610643486,
        "totalOtherIncomeExpensesNet": -2738000,
        "incomeBeforeTax": -5843000,
        "incomeBeforeTaxRatio": -0.1149111076,
        "incomeTaxExpense": 2020000,
        "netIncome": -7863000,
        "netIncomeRatio": -0.1546373505,
        "eps": -0.21,
        "epsdiluted": -0.21,
        "weightedAverageShsOut": 36800000,
        "weightedAverageShsOutDil": 36800000,
        "link": "",
        "finalLink": ""
    }
]